"Symbol","Bid","Bid Sz","Ask","Ask Sz","Shares","Price","Order ID","Timestamp"
"AA","43.320","6","43.330","1","3","43.25","02aefbf0-d495-4ced-8ed6-cef217fb1d6e","2021-08-27 10:07:37.093"
"AA","43.340","2","43.360","1","3","43.25","340c72eb-2cbe-45c6-a5e8-a28c442a9013","2021-08-27 10:07:37.093"
"AA","43.260","2","43.290","6","-3","43.29","e4eae6f8-aee6-45c3-8e1e-2f749ada1202","2021-08-27 10:08:07.767"
"AA","43.280","1","43.290","2","-3","43.29","8f8c540a-3302-4cba-85bb-8df208bc5a13","2021-08-27 10:08:15.928"
"AA","43.340","1","43.360","1","3","43.13","b2b318b9-7c84-4565-ae07-0399971ded9f","2021-08-27 10:13:27.185"
"AA","43.350","1","43.370","11","3","43.13","9174cd7b-efe1-4cfb-9c5e-62e4e9e82f5c","2021-08-27 10:13:27.185"
"AA","43.330","3","43.340","1","3","43.13","c8284e7f-0864-4b51-80a8-561f15e600ec","2021-08-27 10:13:27.185"
"AA","43.170","6","43.180","1","-3","43.18","3f487b0d-4cf6-4510-87e1-5d88e524b2ac","2021-08-27 10:14:51.308"
"AA","43.170","6","43.180","1","-3","43.18","d2212e0e-4da2-47ef-99d3-ce3762d846d8","2021-08-27 10:14:51.308"
"AA","43.150","2","43.160","1","-3","43.16","7e51a9a2-99e7-4f49-96d2-f79813d1c298","2021-08-27 10:15:01.704"
"AA","43.260","1","43.270","1","3","43.02","36bdea02-b19d-497c-98e9-4f548b3a0b92","2021-08-27 10:16:25.998"
"AA","43.210","1","43.230","6","3","43.02","cb6f73cc-97b4-4810-ae3a-6ac1c40cf79b","2021-08-27 10:16:25.998"
"AA","43.030","5","43.040","1","-3","43.05","dff05b4c-707c-4700-a7d9-83e2a5e049a5","2021-08-27 10:17:00.094"
"AA","43.080","1","43.100","2","-3","43.10","7023f3e4-594e-4231-ae36-adee9c266b00","2021-08-27 10:17:10.597"
"AA","43.230","5","43.260","3","3","42.95","4852c815-eaea-45de-9c91-196573adcc67","2021-08-27 10:22:21.148"
"AA","43.190","2","43.210","2","3","42.95","c59f5069-8bd3-4b60-adf0-bc277dffacdf","2021-08-27 10:22:21.148"
"AA","43.210","7","43.230","1","3","42.95","8cc417f4-c230-481e-8312-ea9a1772c53f","2021-08-27 10:22:21.148"
"AA","43.180","7","43.200","2","3","42.95","eeb1e36e-5404-421c-b5b0-9317edb3114a","2021-08-27 10:22:21.148"
"AA","42.980","1","42.990","1","-3","42.99","1e6899df-5ad1-4c05-a571-139936bc16c7","2021-08-27 10:22:42.715"
"AA","42.980","1","42.990","1","-3","42.99","6adc0e38-b4e2-45a7-8a42-b9ac7cbe67ce","2021-08-27 10:22:42.715"
"AA","43.020","3","43.050","1","-3","43.05","cc2b6deb-636b-4215-8a7e-a9a2ed28b38b","2021-08-27 10:22:55.055"
"AA","43.040","8","43.070","1","-3","43.11","7c178413-816a-4b9e-b977-0aee74a90fcc","2021-08-27 10:23:02.695"
"AA","43.640","6","43.650","3","3","43.59","c397d4ed-eb9e-47a3-a9f9-356fea78408e","2021-08-27 11:27:35.048"
"AA","43.640","2","43.650","54","3","43.59","2d76ce88-8b48-41cd-b2f1-05854e37c92d","2021-08-27 11:27:35.048"
"AA","43.670","2","43.680","9","3","43.59","0d83d7ef-4973-4e80-b1fd-3b902a6596ba","2021-08-27 11:27:35.048"
"AA","43.650","2","43.670","10","3","43.59","d4594b36-aa65-49f6-8b28-bbbe53d49066","2021-08-27 11:27:35.048"
"AA","43.640","5","43.650","1","3","43.59","45d32fda-c803-4097-a1e9-b2dad988aaef","2021-08-27 11:27:35.048"
"AA","43.630","2","43.650","2","3","43.59","4a7872f9-d34b-47cc-b559-59f7538e4351","2021-08-27 11:27:35.048"
"AA","43.590","5","43.600","2","-3","43.60","31884a6c-d86b-4f0e-b933-90e0350c9203","2021-08-27 11:28:03.748"
"AA","43.590","5","43.600","2","-3","43.60","f3a9eb9f-afdd-48a7-ab5b-d4397d943d2b","2021-08-27 11:28:03.748"
"AA","43.630","5","43.650","2","3","43.56","dc3336db-bceb-49b8-9b3b-410f6d2ed3cd","2021-08-27 11:28:22.160"
"AA","43.660","12","43.680","50","3","43.54","6ff98217-e56d-460d-98ed-c2a98f101b6e","2021-08-27 11:28:27.075"
"AA","43.690","5","43.700","4","3","43.54","94696ad7-f680-49b4-8cb2-aa1e9d2327c8","2021-08-27 11:28:27.075"
"AA","43.670","2","43.690","5","3","43.54","382076c7-7f45-4dcd-bc86-48c74bb9c743","2021-08-27 11:28:27.075"
"AA","43.660","1","43.670","2","3","43.54","76783b44-5e8c-4fb9-8495-282cd9f4e7cc","2021-08-27 11:28:27.075"
"AA","43.650","6","43.670","2","3","43.54","c3b2d3da-574a-4105-8da2-3da214563fd5","2021-08-27 11:28:27.075"
"AA","43.640","1","43.660","2","3","43.54","fdfeebac-ed9d-4e1c-83ac-481620880f42","2021-08-27 11:28:27.075"
"AA","43.510","2","43.520","2","-3","43.52","5cc6b5fb-2b49-4509-9733-06f1aa20adb5","2021-08-27 11:28:41.107"
"AA","43.510","2","43.520","2","-3","43.52","640e4e2c-19b4-4771-91e6-eee6793a9da1","2021-08-27 11:28:41.107"
"AA","43.510","2","43.520","2","-3","43.52","8a066805-0c0f-4c24-8647-a51abf18239f","2021-08-27 11:28:41.107"
"AA","43.510","2","43.520","2","-3","43.52","a04060e4-f844-458a-bc09-35c12b33f4df","2021-08-27 11:28:41.107"
"AA","43.510","2","43.520","2","-3","43.52","171ca7ae-0974-4b55-ab67-225152b74dae","2021-08-27 11:28:41.107"
"AA","43.510","2","43.520","2","-3","43.52","2ae07c24-ca32-4e8c-ba96-c068bf022694","2021-08-27 11:28:41.107"
"AA","43.520","2","43.530","6","-3","43.53","a231ae5a-6b1c-4b1e-9260-9646da5e5046","2021-08-27 11:28:54.689"
"AA","43.520","2","43.530","6","-3","43.53","60364c66-296f-450a-879a-313b307fcf5a","2021-08-27 11:28:54.689"
"AA","43.520","2","43.530","6","-3","43.53","2b3bfad6-b3c4-4408-93c3-62abc6ceac95","2021-08-27 11:28:54.689"
"AA","43.520","2","43.530","5","-3","43.53","c34cc125-c738-4374-8157-8a90678a7c6e","2021-08-27 11:29:10.317"
"AA","43.520","4","43.530","9","-3","43.53","a85bef0a-3201-4619-9f3d-d471dbdbf31e","2021-08-27 11:29:10.317"
"AA","43.670","1","43.680","4","3","43.65","e11395ee-502f-46f1-93c4-8a731d0feb78","2021-08-27 11:37:12.194"
"AA","43.580","3","43.590","4","-3","43.59","a0474ec3-a67b-4ed0-ae92-1875d8d35a2b","2021-08-27 11:39:05.875"
"AA","43.660","5","43.680","2","3","43.59","e7689d77-72f7-4d76-88d0-4a4868fc2731","2021-08-27 11:52:42.158"
"AA","43.640","1","43.650","5","-3","43.66","dce63185-f6b4-4499-bd4c-019a2c9088db","2021-08-27 11:56:42.899"
"AA","43.880","2","43.890","2","3","43.85","29054e75-d796-4fa5-aa7b-d012eb47abd0","2021-08-27 12:47:32.406"
"AA","43.850","6","43.870","1","-3","43.87","62d8ecbf-2a41-45c1-b1e1-ad3eb8875509","2021-08-27 12:48:00.049"
"AA","43.890","8","43.910","14","3","43.86","19c750bc-5413-400d-8667-1ed35ab36199","2021-08-27 12:50:17.477"
"AA","43.850","14","43.880","2","3","43.85","ff38efc0-18b6-45e9-8d7e-51c790c8dad5","2021-08-27 12:51:00.507"
"AA","43.870","5","43.890","1","3","43.85","180dbfbc-e85d-4a49-922b-88232643d3aa","2021-08-27 12:51:00.507"
"AA","43.900","5","43.910","15","3","43.85","8f938dd0-161d-44b6-a3ea-583e32ab4da2","2021-08-27 12:51:00.507"
"AA","43.860","3","43.880","1","-3","43.88","9edc4cea-d3f3-4cb2-baa8-3c6773c8190e","2021-08-27 12:52:15.591"
"AA","43.860","3","43.880","1","-3","43.88","83f5212b-227a-4c0a-b303-71b26c08a14c","2021-08-27 12:52:15.591"
"AA","43.870","5","43.890","2","-3","43.89","c30eca08-8b54-44c5-afdb-a37dc9a70f30","2021-08-27 12:52:17.761"
"AA","43.870","1","43.890","2","-3","43.89","740025c0-8c2c-4d11-bb53-23df0ff7e3e8","2021-08-27 12:53:15.672"
"AA","44.260","2","44.270","1","3","44.19","3ed49934-d9ba-46fb-bf23-295044a94001","2021-08-27 13:53:00.433"
"AA","44.250","8","44.260","1","3","44.18","904dc939-dbdd-4f7b-b739-e7e56a65da08","2021-08-27 13:53:16.475"
"AA","44.260","7","44.280","1","3","44.18","74f91525-9b26-4c1b-b17a-cc3fb0857fa6","2021-08-27 13:53:16.475"
"AA","44.260","6","44.280","1","3","44.18","724c3260-3ed2-4226-8923-863e88fa4376","2021-08-27 13:53:16.475"
"AA","44.260","6","44.280","7","3","44.18","fcac84dc-2d80-473b-841e-349042a3ef8b","2021-08-27 13:53:16.475"
"AA","44.260","4","44.290","3","3","44.18","e0023e02-9add-4207-b3e6-eafd9751f227","2021-08-27 13:53:16.475"
"AA","44.270","5","44.300","8","3","44.18","e35dfa8e-138e-4b27-bd07-fff80fd8b8cd","2021-08-27 13:53:16.475"
"AA","44.260","6","44.280","2","3","44.18","6f426ddd-35c6-4e8d-86ca-37e85d13317e","2021-08-27 13:53:16.475"
"AA","44.260","6","44.280","1","3","44.18","b7e431a7-201e-4cd0-8370-bf8fb009bdc5","2021-08-27 13:53:16.475"
"AA","44.250","8","44.260","1","3","44.18","4743a499-c809-4033-92e4-8db01bb166de","2021-08-27 13:53:16.475"
"AA","44.250","8","44.260","2","3","44.18","b4992a3d-0d5f-4bba-a2e7-834285bc0f93","2021-08-27 13:53:16.475"
"AA","44.250","8","44.270","11","3","44.18","48d84c11-7dc0-4394-88d7-a001fd5b09d4","2021-08-27 13:53:16.475"
"AA","44.260","1","44.270","3","3","44.18","afdfc219-e9d2-459c-b74d-3a9cbf3c4e56","2021-08-27 13:53:16.475"
"AA","44.260","2","44.280","3","3","44.18","4408a4bc-80d7-458a-a185-8d1056b0f7db","2021-08-27 13:53:16.475"
"AA","44.260","4","44.280","2","3","44.18","44c3f977-764c-4974-805f-e6b2dd160737","2021-08-27 13:53:16.475"
"AA","44.270","6","44.290","5","3","44.18","811be6ab-ace4-4764-8d50-201e82ffc6ba","2021-08-27 13:53:16.475"
"AA","44.260","8","44.280","2","3","44.18","b695b302-d470-43a8-a9c3-3063a859ca88","2021-08-27 13:53:16.475"
"AA","44.190","5","44.210","6","-3","44.21","818029c6-2c70-4684-a519-9ffb7bea5e35","2021-08-27 13:53:45.752"
"AA","44.190","5","44.210","6","-3","44.21","d5c21350-cd6d-40f4-a4cf-765b8324219c","2021-08-27 13:53:45.752"
"AA","44.190","5","44.210","6","-3","44.21","54774d80-1b37-4908-8f3d-632490de07fb","2021-08-27 13:53:45.752"
"AA","44.190","5","44.210","6","-3","44.21","0388b276-bce4-492c-89b1-d5dc2930fc06","2021-08-27 13:53:45.752"
"AA","44.200","4","44.220","2","-3","44.22","e7bfe761-d33f-44b6-8456-2e5e1c7d1cc9","2021-08-27 13:54:05.365"
"AA","44.200","4","44.220","2","-3","44.22","35cfb844-d012-43bb-b003-90e718f5ccbd","2021-08-27 13:54:05.365"
"AA","44.200","4","44.220","2","-3","44.22","9af44fca-7cd5-4e51-a1ae-d15473c511ba","2021-08-27 13:54:05.365"
"AA","44.210","5","44.220","1","-3","44.22","45d46d44-f4c2-4f1d-a7fc-c8b0834626ef","2021-08-27 13:54:12.024"
"AA","44.210","5","44.220","1","-3","44.22","5ce746e6-cb9c-405d-b76f-1f7c8200f8ac","2021-08-27 13:54:12.024"
"AA","44.210","5","44.220","1","-3","44.22","d78fafa2-670f-49ca-9e64-f7313856a54a","2021-08-27 13:54:12.024"
"AA","44.210","5","44.220","1","-3","44.22","8d573b4c-f288-4d09-a3f9-b41374490da9","2021-08-27 13:54:12.024"
"AA","44.210","5","44.220","1","-3","44.22","d51cfd8e-735b-4aab-9b0e-f588f95f71b4","2021-08-27 13:54:12.024"
"AA","44.250","3","44.260","6","-3","44.26","590a7caf-8571-4e99-96f8-2cb8ea769a7b","2021-08-27 13:54:20.109"
"AA","44.250","3","44.260","6","-3","44.26","1f3e583f-7297-4c3e-8904-45b68a8aaacd","2021-08-27 13:54:20.109"
"AA","44.250","3","44.260","6","-3","44.26","9df4bf5a-cf9b-4b8f-bae8-47294eed06de","2021-08-27 13:54:20.109"
"AA","44.230","4","44.240","2","-3","44.24","3c52d5c1-8bb8-4528-a7e4-7379dc222171","2021-08-27 13:54:40.618"
"AA","44.230","4","44.240","1","-3","44.24","33974e6b-8533-4cc2-8bf7-304ae66e21ef","2021-08-27 13:54:57.737"
"AA","44.230","1","44.240","5","3","44.17","3873b6c5-2992-4f35-b126-e7c2a424c4b8","2021-08-27 13:58:52.260"
"AA","44.200","5","44.230","2","3","44.17","2f0e609c-f02c-4898-a6cc-3e30605b7ca6","2021-08-27 13:58:52.260"
"AA","44.190","5","44.210","1","3","44.17","22529032-3acd-41cb-80d5-c8b933d5b641","2021-08-27 13:58:52.260"
"AA","44.210","4","44.230","2","3","44.17","8db31eeb-a4b9-4cb0-8815-f40cf2bd3f21","2021-08-27 13:58:52.260"
"AA","44.210","2","44.220","7","3","44.17","9927b6ff-1389-474e-a3df-1b3fcfed4c0a","2021-08-27 13:58:52.260"
"AA","44.210","3","44.230","3","3","44.17","6563efa4-7759-46a7-a0a4-14d89d674d02","2021-08-27 13:58:52.260"
"AA","44.180","1","44.190","2","-3","44.19","415cc30d-5c9d-4ad8-804b-a892139d5b52","2021-08-27 13:59:56.008"
"AA","44.180","1","44.190","2","-3","44.19","36cf0321-d2f9-44d2-a248-3640ba2dd245","2021-08-27 13:59:56.008"
"AA","44.180","1","44.190","2","-3","44.19","9c30e0f3-8d70-4b8c-a0f7-6040f8b7b9bc","2021-08-27 13:59:56.008"
"AA","44.180","6","44.200","4","-3","44.20","95c6d895-9dd5-4adf-9c46-fe2e8f770589","2021-08-27 14:00:10.172"
"AA","44.190","2","44.210","3","-3","44.21","9c9e3975-c4db-4461-9345-7e61d0bd513a","2021-08-27 14:00:15.009"
"AA","44.190","2","44.210","3","-3","44.21","42c0ae48-b048-4fe9-b06f-b7b9e02e5536","2021-08-27 14:00:15.009"
"AA","44.220","13","44.240","5","3","44.20","d33249fe-562a-43f1-b3bd-4ae1f24958c4","2021-08-27 14:02:11.093"
"AA","44.030","5","44.050","2","-3","44.05","1bf8e471-86be-4488-8a18-ddb3066632ab","2021-08-27 14:06:38.291"
"AA","44.220","5","44.240","11","3","44.15","94d12ae2-c399-4e24-abeb-096e78dc1735","2021-08-27 14:42:48.052"
"AA","44.220","3","44.230","3","3","44.15","1bbd227d-ee96-44f5-bde6-53d4ba9f093b","2021-08-27 14:42:48.052"
"AA","44.220","1","44.230","5","3","44.15","6f349fa9-ab91-4771-92e3-a74d302132e3","2021-08-27 14:42:48.052"
"AA","44.210","6","44.220","1","3","44.15","b4d4e436-be32-4dee-8b5b-b54b4fb7291a","2021-08-27 14:42:48.052"
"AA","44.210","1","44.220","3","3","44.13","341c45a7-1654-49f5-842b-35b6f02a89c0","2021-08-27 14:42:48.056"
"AA","44.210","1","44.220","4","3","44.13","8a805066-9de9-4cc4-8e48-c753a9b8ff6e","2021-08-27 14:42:48.056"
"AA","44.210","1","44.220","3","3","44.13","bb21439f-86c1-482e-a995-765794eeeffd","2021-08-27 14:42:48.056"
"AA","44.220","1","44.230","9","3","44.13","77f1f5c6-32de-4bc6-99f3-345eab6ecdf2","2021-08-27 14:42:48.056"
"AA","44.220","3","44.230","7","3","44.13","24706f9d-b55f-4a32-a8b3-2474e7bbba15","2021-08-27 14:42:48.056"
"AA","44.160","2","44.170","1","-3","44.17","bac5ba83-067e-4c62-aadc-345b128e8272","2021-08-27 14:43:17.073"
"AA","44.160","2","44.170","1","-3","44.17","bed0bc28-8710-44bb-bbd6-b4f8951c19ec","2021-08-27 14:43:17.073"
"AA","44.160","2","44.170","1","-3","44.17","619d447c-b8a4-4115-b9b9-a145e42fc703","2021-08-27 14:43:17.073"
"AA","44.160","2","44.170","1","-3","44.17","6959dbdd-d377-4d4f-ac13-e4b9157bffeb","2021-08-27 14:43:17.073"
"AA","44.160","2","44.170","1","-3","44.17","0fbd848e-3d0a-40d8-a406-09d18b70b4ad","2021-08-27 14:43:17.073"
"AA","44.140","2","44.150","2","-3","44.15","6ae7c507-6e9e-4a93-b644-03bef38ca6d4","2021-08-27 14:43:33.975"
"AA","44.160","5","44.170","2","-3","44.17","37faa257-64cd-443c-b094-c76510038a72","2021-08-27 14:43:40.812"
"AA","44.160","5","44.170","2","-3","44.17","a37d37e5-a452-4fcf-bbf9-813070586066","2021-08-27 14:43:40.812"
"AA","44.140","4","44.170","3","-3","44.17","d7acd032-ec79-4b67-92f6-6e72d430a885","2021-08-27 14:43:40.812"
"AA","44.200","5","44.210","2","3","44.11","55729c54-5c26-4829-b4f0-1476f0543890","2021-08-27 14:45:00.545"
"AA","44.210","5","44.230","8","3","44.11","eb7b61c2-90ec-41cb-95ca-a0e565111631","2021-08-27 14:45:00.545"
"AA","44.210","5","44.220","2","3","44.11","b11f2cfa-37de-4719-be39-0ff18fbd41e1","2021-08-27 14:45:00.545"
"AA","44.210","1","44.230","6","3","44.11","b6411fbe-221b-42de-bd78-ab54359882e2","2021-08-27 14:45:00.545"
"AA","44.210","1","44.220","4","3","44.11","713a9c68-d1bd-4486-b473-11790614d22c","2021-08-27 14:45:00.545"
"AA","44.210","1","44.220","2","3","44.11","8e357188-a4a3-40a2-8420-fc316cc60d0e","2021-08-27 14:45:00.545"
"AA","44.200","2","44.210","1","3","44.11","ab5b58c0-72e4-4056-afa7-1f92bfeb8f4d","2021-08-27 14:45:00.545"
"AA","44.200","6","44.220","13","3","44.11","e44a4d5c-5006-4b7d-a7fb-9eb36e36c5f7","2021-08-27 14:45:00.545"
"AA","44.190","10","44.210","4","3","44.11","09ff11a3-1288-429d-b31e-06305cec4323","2021-08-27 14:45:00.545"
"AA","44.090","1","44.100","3","-3","44.10","1ad3abe7-340f-4abc-b616-69fe7f8ea7f8","2021-08-27 14:45:24.045"
"AA","44.090","1","44.100","3","-3","44.10","5463c79b-2917-4b0a-bcb1-1beda5414e4f","2021-08-27 14:45:24.045"
"AA","44.090","1","44.100","3","-3","44.10","58749ddf-02e7-49a6-ba8c-ad207fe33d29","2021-08-27 14:45:24.045"
"AA","44.090","1","44.100","3","-3","44.10","fa4b7d9a-d818-49bf-91ed-1ac9c4fd2eaa","2021-08-27 14:45:24.045"
"AA","44.090","1","44.100","3","-3","44.10","86e2d5c3-d32d-4666-ab5c-f08433816a6b","2021-08-27 14:45:24.045"
"AA","44.120","3","44.140","9","-3","44.14","2c13a2ee-46a4-462f-a0e2-dcf271c83cd6","2021-08-27 14:45:31.886"
"AA","44.120","3","44.140","9","-3","44.14","693d5b90-8c71-40ef-a06b-a8e6e927e903","2021-08-27 14:45:31.886"
"AA","44.170","3","44.180","2","-3","44.20","3ef9ef8f-0280-400d-abbb-2518c30951a4","2021-08-27 14:45:46.924"
"AA","44.180","3","44.190","2","-3","44.19","e2e02264-3726-4c04-b975-fcf95604d7f4","2021-08-27 14:46:33.478"
"AA","44.190","7","44.210","9","3","44.17","0a548430-654c-459b-8fd5-9f33c0941c71","2021-08-27 14:54:51.534"
"AA","44.190","6","44.210","16","3","44.17","adfdf645-62a5-40a9-b152-ec548b1f4f37","2021-08-27 14:54:51.534"
"AA","44.190","1","44.200","12","3","44.17","fa86fd53-bc40-4fd5-9918-28c9c38c274b","2021-08-27 14:54:51.534"
"AA","44.180","5","44.200","11","3","44.17","122f4111-4949-43d3-9b0b-da410cf1f458","2021-08-27 14:54:51.534"
"AA","44.180","5","44.190","2","3","44.17","cacb2668-844c-4aed-a447-a3e87974f1c6","2021-08-27 14:54:51.534"
"AA","44.190","2","44.200","1","-3","44.20","5bf4f8ec-cbf9-498c-baf1-aac3ac0ad935","2021-08-27 14:55:38.964"
"AA","44.190","2","44.200","1","-3","44.20","eb4b59c6-8122-452c-8d80-3b502442d550","2021-08-27 14:55:38.964"
"AA","44.190","2","44.200","1","-3","44.20","c8b6ea60-f7d5-4bfc-b7f0-bd9f54800fbf","2021-08-27 14:55:38.964"
"AA","44.200","5","44.220","1","-3","44.22","8b4d2d18-4ca9-4273-a340-085357aef1a1","2021-08-27 14:55:53.072"
"AA","44.150","4","44.160","4","-3","44.16","ccce3c97-4a8a-4683-8cf3-391acf432a3d","2021-08-27 15:00:20.689"
"AA","44.200","1","44.210","2","3","44.18","f3715ef2-5f15-47bf-8560-cf7ded224da8","2021-08-27 15:26:17.437"
"AA","44.200","6","44.210","2","3","44.18","250898e2-428f-4ecf-912d-43f3c23c2dde","2021-08-27 15:26:17.437"
"AA","44.210","3","44.230","12","3","44.18","09b2cc75-312f-46f1-ba97-4d88a2930f48","2021-08-27 15:26:17.437"
"AA","44.150","5","44.170","4","-3","44.17","31620957-7017-4b03-8600-2947d4a23407","2021-08-27 15:26:41.548"
"AA","44.150","5","44.170","4","-3","44.17","769c3426-5b07-45cc-8032-efb844044a1f","2021-08-27 15:26:41.548"
"AA","44.150","5","44.170","4","-3","44.17","14ea213c-03a1-487d-8a18-7c3ff09c4ee9","2021-08-27 15:26:41.548"
"AA","44.200","5","44.210","4","3","44.16","323d6437-bd4c-4f57-b952-136cb9187079","2021-08-27 15:27:09.277"
"AA","44.200","6","44.210","1","-3","44.21","9ac6fa0b-3cb3-4e39-af0c-0f392e74d998","2021-08-27 15:28:40.846"
"AA","44.170","5","44.190","4","3","44.13","ed5103d4-54bb-4ef4-8647-0e62e05445bb","2021-08-27 15:41:02.811"
"AA","44.180","4","44.190","2","3","44.13","cb58133d-d7bd-4a05-93eb-317bb8066774","2021-08-27 15:41:02.811"
"AA","44.100","3","44.110","13","-6","44.10","0dcba44a-df4f-418b-95ea-4e79274accd1","2021-08-27 15:48:00.006"
"AG","12.670","19","12.680","99","8","12.63","cbf87773-0023-4802-a711-6fdf15277690","2021-08-27 11:07:00.518"
"AG","12.660","41","12.670","7","8","12.63","f724f24a-32b7-4792-ad4f-3ee4f89789b3","2021-08-27 11:07:00.518"
"AG","12.660","40","12.670","5","8","12.63","8fa0835f-5bce-4588-8c7d-cfcb4b7e992c","2021-08-27 11:07:00.518"
"AG","12.660","40","12.670","5","8","12.63","fa92e10a-482c-4b7e-84a4-ff9b1af65e09","2021-08-27 11:07:00.518"
"AG","12.650","1","12.660","48","8","12.63","65454083-0cb7-4926-bb78-51754f3d01c8","2021-08-27 11:07:00.518"
"AG","12.650","29","12.660","9","8","12.63","638c483b-c40e-4730-9eac-fc012fe281af","2021-08-27 11:07:00.518"
"AG","12.650","23","12.660","9","8","12.63","dbb67582-a9f1-4188-bc1c-78a1d86637d4","2021-08-27 11:07:00.518"
"AG","12.640","46","12.650","15","-8","12.66","33d5db34-44cb-4df6-9e8a-71a48d909ace","2021-08-27 11:09:47.320"
"AG","12.640","46","12.650","15","-8","12.66","0526a966-4f9d-485f-9bc0-7cc67d6cd503","2021-08-27 11:09:47.320"
"AG","12.640","46","12.650","15","-8","12.66","9228d519-a0dd-491f-b642-14e5c136f61f","2021-08-27 11:09:47.320"
"AG","12.640","46","12.650","15","-8","12.66","37e39b2b-9529-42c7-8d46-aa6fef1fd993","2021-08-27 11:09:47.320"
"AG","12.650","21","12.660","35","-8","12.66","6a302f8e-8459-4c9e-bf32-043579650b90","2021-08-27 11:09:50.732"
"AG","12.650","21","12.660","35","-8","12.66","6c29be5b-b198-4e1a-a850-32200094452d","2021-08-27 11:09:50.732"
"AG","12.640","34","12.650","25","-8","12.65","d88c7efd-81e3-4c0c-b728-4e259f127de5","2021-08-27 11:10:03.614"
"AG","12.650","35","12.660","7","8","12.63","10c45896-a01f-46d5-bbc8-ae5ba30d6b7c","2021-08-27 11:11:23.196"
"AG","12.660","17","12.670","20","8","12.61","9f8bd8b8-46b6-4c04-9181-717feb4bfe67","2021-08-27 11:12:55.368"
"AG","12.670","13","12.680","95","8","12.61","f9e08baa-1811-46b6-a09e-1711318eb239","2021-08-27 11:12:55.368"
"AG","12.670","16","12.680","95","8","12.61","1d61a6ee-8580-4081-a19f-def28ea1b3f9","2021-08-27 11:12:55.368"
"AG","12.620","10","12.630","19","-8","12.63","c1d072d8-7b51-4921-97e0-0980c49a653c","2021-08-27 11:14:02.938"
"AG","12.620","30","12.630","12","-8","12.63","51589866-fc7b-45ff-a907-553293e5019c","2021-08-27 11:14:23.501"
"AG","12.620","53","12.630","6","-8","12.63","210132be-8109-43e2-892d-168dd99d1797","2021-08-27 11:15:02.906"
"AG","12.610","28","12.610","1","-8","12.61","f2d69787-272b-4389-a314-e438bece33ea","2021-08-27 11:17:00.006"
"AG","12.640","32","12.650","18","8","12.64","fafc1e50-b1eb-477c-aa24-fa5655732146","2021-08-27 11:21:04.203"
"AG","12.590","12","12.600","20","-8","12.60","2fce080c-8fd7-48b0-8cf4-c460375a4d5b","2021-08-27 11:30:24.380"
"AG","12.750","16","12.760","44","8","12.73","62c7c82e-2075-4580-aa9e-4c3e10f9e947","2021-08-27 12:37:19.222"
"AG","12.730","27","12.740","44","8","12.73","0744f195-81c8-44cc-84c4-0de3486a2c1a","2021-08-27 12:37:19.222"
"AG","12.740","49","12.750","6","-8","12.75","7e199278-adaa-41b9-b91a-e346bfdd430c","2021-08-27 12:38:49.438"
"AG","12.740","49","12.750","6","-8","12.75","8f118fd3-3bd9-4e29-b95f-b031ea77d585","2021-08-27 12:40:07.107"
"AG","12.820","46","12.830","27","8","12.82","cadc9b55-4e7c-414f-8bec-a7aae0c26ee2","2021-08-27 13:13:13.602"
"AG","12.820","46","12.830","15","8","12.81","9a68986d-fb59-4463-b962-251de2ca8db2","2021-08-27 13:19:23.081"
"AG","12.820","46","12.830","15","8","12.81","75998969-5d9d-4468-b4f7-648320c0af5b","2021-08-27 13:19:23.081"
"AG","12.830","77","12.840","26","8","12.81","c6fde786-f138-48d2-bb32-9b8ee76ebcb8","2021-08-27 13:19:23.081"
"AG","12.830","62","12.840","16","8","12.81","6320c920-732c-4eac-a67a-1daedd114b52","2021-08-27 13:19:23.081"
"AG","12.820","15","12.830","88","-8","12.83","f1a87dcd-957b-4e2e-9f85-05efc4110fac","2021-08-27 13:24:24.184"
"AG","12.820","15","12.830","88","-8","12.83","ffb21ee5-ca1f-4405-b095-b72f5318a54b","2021-08-27 13:24:24.184"
"AG","12.820","15","12.830","88","-8","12.83","505f23ae-1ec6-454e-8a71-264ec620be2c","2021-08-27 13:24:24.184"
"AG","12.820","23","12.830","58","-8","12.83","c906bd36-a5c6-4018-9783-e7508d7b12bc","2021-08-27 13:25:11.007"
"AG","12.820","38","12.830","44","-8","12.83","80154278-2ca8-4117-a882-e8004c73d177","2021-08-27 13:27:58.589"
"AG","12.820","17","12.830","90","8","12.82","28171acd-5b7b-4a37-ac93-ed62f3daffbe","2021-08-27 13:29:15.408"
"AG","12.840","54","12.850","36","-8","12.85","70c5d773-5c84-4d37-853f-de90d8e099e9","2021-08-27 13:31:27.568"
"AG","12.880","8","12.890","65","8","12.88","bc917efa-36f0-446b-9245-c245ff47c4be","2021-08-27 14:00:14.623"
"AG","12.870","25","12.880","35","8","12.84","96a1a131-6f30-4334-867f-6a9121081485","2021-08-27 14:07:01.327"
"AG","12.870","48","12.880","22","8","12.84","3f91232b-273d-421c-98ca-7cfc2cf7b00d","2021-08-27 14:07:01.327"
"AG","12.870","68","12.880","19","8","12.84","4c37e29f-07b6-4043-8708-c2c399f1ad8c","2021-08-27 14:07:01.327"
"AG","12.870","71","12.880","7","8","12.84","21b13ebf-e571-40ab-9563-2e1681efd3d3","2021-08-27 14:07:01.327"
"AG","12.870","72","12.880","20","8","12.84","2696430a-b184-44f9-8aa9-ac50a37f09a1","2021-08-27 14:07:01.327"
"AG","12.830","44","12.840","15","-8","12.84","bc286773-0262-46df-9059-ed8df12be947","2021-08-27 14:07:22.820"
"AG","12.850","1","12.850","10","-8","12.85","b331f99c-8a58-41ff-ab52-f66682c21951","2021-08-27 14:08:20.006"
"AG","12.850","1","12.850","10","-8","12.85","b15e5c99-f71b-49dc-b683-fea89a0e2579","2021-08-27 14:08:20.006"
"AG","12.850","1","12.850","10","-8","12.85","542916c6-e511-4672-b53b-abc4aa93c403","2021-08-27 14:08:20.006"
"AG","12.840","30","12.850","34","-8","12.85","ec38c8ba-3843-4c2d-be39-7cf9ec832e08","2021-08-27 14:08:33.002"
"AG","12.840","56","12.850","7","-8","12.85","02322d8e-b35b-48b5-a97b-af0259e18f40","2021-08-27 14:08:41.444"
"AG","12.870","5","12.880","79","8","12.83","7503018b-5e43-4107-8446-49872a98a943","2021-08-27 14:10:08.795"
"AG","12.860","79","12.870","61","8","12.83","fe3bb752-1faf-47e9-862d-a413f9fdb0cd","2021-08-27 14:10:08.795"
"AG","12.860","97","12.870","5","8","12.83","1470dde1-60ab-4b22-b44d-59db7afadadf","2021-08-27 14:10:08.795"
"AG","12.860","97","12.870","5","8","12.83","c2c23398-034b-40ff-8864-f54124e1bd13","2021-08-27 14:10:08.795"
"AG","12.860","97","12.870","5","8","12.83","ded757c1-4c82-4ec5-ba83-9982a905d3f0","2021-08-27 14:10:08.795"
"AG","12.860","58","12.870","48","8","12.83","945159fd-f50f-455b-b3eb-f013152117cb","2021-08-27 14:10:08.795"
"AG","12.860","58","12.870","48","8","12.83","5bc43585-2f6b-41f7-85c2-60f2fc58b4ca","2021-08-27 14:10:08.795"
"AG","12.860","72","12.870","20","8","12.83","1fc45132-3987-4ba9-8d1b-b09f1b5c18b2","2021-08-27 14:10:08.795"
"AG","12.860","53","12.870","17","8","12.83","960dc9fd-f8ea-472d-bc6b-1b13a6e8c05b","2021-08-27 14:10:08.795"
"AG","12.860","56","12.870","17","8","12.83","076194c0-61a8-4a71-beea-3369a400181c","2021-08-27 14:10:08.795"
"AG","12.860","27","12.870","35","8","12.83","f20fcf31-4be3-47b9-825d-217fa642e692","2021-08-27 14:10:08.795"
"AG","12.840","12","12.850","74","-8","12.85","57b999f9-86c2-4a34-aac1-a80d707cb0f7","2021-08-27 14:11:01.536"
"AG","12.840","12","12.850","74","-8","12.85","35fa3457-329e-42ca-b032-f0095580cbe3","2021-08-27 14:11:01.536"
"AG","12.840","12","12.850","74","-8","12.85","c4ac5fda-e9c2-4976-90ba-5ebb3b8e3ca3","2021-08-27 14:11:01.536"
"AG","12.840","12","12.850","74","-8","12.85","dc5284b6-675e-4ba3-b3e9-fbab21fe0387","2021-08-27 14:11:01.536"
"AG","12.840","37","12.850","19","-8","12.85","7644bc7c-aac2-49a6-8da0-c7aff5256b30","2021-08-27 14:13:45.792"
"AG","12.840","37","12.850","19","-8","12.85","3a2a8b1f-1ec2-451a-9d70-e7943f052aaf","2021-08-27 14:13:45.792"
"AG","12.840","11","12.850","57","-8","12.85","aff10e95-8436-4460-ae32-587549019001","2021-08-27 14:16:24.519"
"AG","12.840","11","12.850","57","-8","12.85","a8d87487-3b11-4c33-9a22-54cb0adf23fd","2021-08-27 14:16:24.519"
"AG","12.830","43","12.840","72","-8","12.84","ed4e737d-e8d2-4fac-b582-ce5208251ce8","2021-08-27 14:18:23.097"
"AG","12.830","21","12.840","58","-8","12.84","c50d5971-d427-46bf-a61d-65efc74e9884","2021-08-27 14:18:23.097"
"AG","12.840","14","12.850","27","-8","12.85","a49cc4ca-5d18-4d4b-ac87-1fbfb82ad747","2021-08-27 14:19:00.002"
"AG","12.870","13","12.880","54","8","12.85","2a061185-3dea-4fcf-a94f-bb7726b9de4a","2021-08-27 14:42:50.484"
"AG","12.870","4","12.880","64","8","12.85","86682fa6-b7fe-440d-b3a4-883bd003a528","2021-08-27 14:42:50.484"
"AG","12.870","8","12.880","52","8","12.85","c1da13e6-1940-4173-a0d7-fa4138c5287a","2021-08-27 14:42:50.484"
"AG","12.870","8","12.880","52","8","12.85","b84a0d21-cada-4c93-ace8-e05894069614","2021-08-27 14:42:50.484"
"AG","12.860","34","12.870","39","-8","12.87","a11e3235-8f61-4d3e-9594-da844d1d2d2d","2021-08-27 14:43:51.251"
"AG","12.870","17","12.880","57","-8","12.88","0302dd85-7ce2-4078-8d9f-bd010fe6c06f","2021-08-27 14:44:34.279"
"AG","12.870","21","12.880","61","-8","12.88","07c98dea-18eb-42ed-948f-c45fc69e10ee","2021-08-27 14:46:25.982"
"AG","12.880","17","12.890","60","-8","12.89","f945f2c8-7d46-4b3c-b6a4-e00fde3bf24c","2021-08-27 14:48:15.554"
"AG","12.880","38","12.890","22","8","12.86","f05f3866-33bc-4d01-986c-aebf139bd534","2021-08-27 14:58:09.466"
"AG","12.890","17","12.900","68","8","12.86","1b89aa2d-4f8e-4416-aa76-229b761bde9b","2021-08-27 14:58:09.466"
"AG","12.890","27","12.900","66","8","12.86","43e49c37-1f92-45d5-a3a9-e68cd02b0445","2021-08-27 14:58:09.466"
"AG","12.890","20","12.900","55","8","12.86","d1e30ebb-18bc-46c3-bb23-cf65e97c628b","2021-08-27 14:58:09.466"
"AG","12.890","28","12.900","73","8","12.86","9700fd2b-0c30-45a7-a0ad-d822da041977","2021-08-27 14:58:09.466"
"AG","12.890","17","12.900","60","8","12.86","911b5c0d-95d0-4a70-9332-196e41dd1de4","2021-08-27 14:58:09.466"
"AG","12.890","17","12.900","60","8","12.86","b67cdf13-055f-4895-8bcd-9a6c7f7170e8","2021-08-27 14:58:09.466"
"AG","12.890","18","12.900","55","8","12.86","9fefd60c-0b46-4e6d-8e76-de86fc28aad1","2021-08-27 14:58:09.466"
"AG","12.880","36","12.890","31","8","12.86","7ab907b3-0fe4-4c7a-8b9d-f6cf349e6419","2021-08-27 14:58:09.466"
"AG","12.870","75","12.880","40","8","12.86","3de9eb63-4c3b-4650-8478-b966423f5123","2021-08-27 14:58:09.466"
"AG","12.880","60","12.890","13","-8","12.89","85cab624-3206-483b-bf1a-bbdee765d559","2021-08-27 14:59:21.927"
"AG","12.880","60","12.890","13","-8","12.89","a072ff3d-9bdc-4450-9cd4-2f9a9b164bdb","2021-08-27 14:59:21.927"
"AG","12.880","60","12.890","13","-8","12.89","8257199a-34ed-46d2-bf16-99ceb65a1a20","2021-08-27 14:59:21.927"
"AG","12.880","21","12.890","54","-8","12.89","4b0dc14e-b8e3-48c6-bfe6-786c920ec224","2021-08-27 15:00:59.166"
"AG","12.880","21","12.890","54","-8","12.89","ab85b755-58e0-488c-ad76-ab9e4aade9af","2021-08-27 15:00:59.166"
"AG","12.880","21","12.890","54","-8","12.89","82c58795-dc79-407e-893b-eef74fc46b13","2021-08-27 15:00:59.166"
"AG","12.890","36","12.900","47","-8","12.90","0f5b6db8-2e60-43a2-b4d2-0ea417b59952","2021-08-27 15:01:13.786"
"AG","12.890","10","12.900","60","-8","12.90","1f232026-b54d-421a-bee1-923eb1746064","2021-08-27 15:01:33.130"
"AG","12.890","30","12.900","51","-8","12.90","f00af1a0-2167-4d74-ba44-a4b42025754b","2021-08-27 15:02:28.414"
"AG","12.900","41","12.910","78","-8","12.91","9954c6e6-830a-491b-808a-160ef6d35632","2021-08-27 15:04:11.795"
"AG","12.900","63","12.910","18","8","12.86","32aac7e8-28d4-4036-914d-5627b957b590","2021-08-27 15:31:39.071"
"AG","12.900","64","12.910","22","8","12.86","ca5966c2-253e-4403-874e-adf538fdf539","2021-08-27 15:31:39.071"
"AG","12.900","71","12.910","21","8","12.86","b40e2169-7c7a-423e-8f00-d46e369fc647","2021-08-27 15:31:39.071"
"AG","12.910","28","12.920","50","8","12.86","6a6c5cf3-ea29-4ad6-9fa1-3c9765892c47","2021-08-27 15:31:39.071"
"AG","12.910","26","12.920","39","8","12.86","4109627e-ce68-46a2-a3aa-a84b3ade8204","2021-08-27 15:31:39.071"
"AG","12.910","26","12.920","39","8","12.86","54c71aec-bf9b-4e69-b13a-eb8d0173840e","2021-08-27 15:31:39.071"
"AG","12.910","46","12.920","51","8","12.86","cbe5d519-1eae-44f9-81d2-59eb3503ec8b","2021-08-27 15:31:39.071"
"AG","12.910","30","12.920","51","8","12.86","7ec26c29-bea8-44af-8ba9-b7d17f24c92d","2021-08-27 15:31:39.071"
"AG","12.910","30","12.920","51","8","12.86","7795763b-cf5f-40c4-85ea-406ec585ff40","2021-08-27 15:31:39.071"
"AG","12.800","66","12.810","114","-72","12.80","c286fad8-8285-4ef6-a237-d1bca7b713f6","2021-08-27 15:48:00.006"
"ABB","37.670","1","37.680","16","3","37.61","16764827-d2e6-4685-acef-0d3c3a14c1e3","2021-08-27 10:38:04.293"
"ABB","37.660","5","37.670","14","3","37.61","122d34c9-2cb9-4acb-ba2d-bf1ee67c097e","2021-08-27 10:38:04.293"
"ABB","37.660","5","37.670","16","3","37.61","ab4700c3-d14b-4c7c-b5c3-b67b8ccf4b24","2021-08-27 10:38:04.293"
"ABB","37.610","16","37.620","9","-3","37.62","052f46db-991a-4a09-9f57-06327b59f819","2021-08-27 10:40:30.075"
"ABB","37.610","16","37.620","9","-3","37.62","5aafe1cc-2eb6-4335-a1c3-ed097a9b2db0","2021-08-27 10:40:30.075"
"ABB","37.610","4","37.620","22","-3","37.62","16d6961c-e027-469c-a2d4-0fb48f11ab44","2021-08-27 10:41:37.006"
"ABB","37.690","19","37.700","17","3","37.59","52bace5e-2812-4e37-8665-9d094647128b","2021-08-27 10:44:56.517"
"ABB","37.690","12","37.700","11","3","37.59","b4563a14-b3ba-4c48-b4f9-1f41b128bf18","2021-08-27 10:44:56.517"
"ABB","37.680","18","37.690","6","3","37.59","59650eec-d133-4ef2-bcfd-f3aa26047047","2021-08-27 10:44:56.517"
"ABB","37.680","18","37.690","6","3","37.59","837fb300-b802-46d2-a779-a0b3f029afcb","2021-08-27 10:44:56.517"
"ABB","37.680","33","37.690","1","3","37.59","4795f237-215c-466c-a4bd-cf1b3eacd81e","2021-08-27 10:44:56.517"
"ABB","37.590","33","37.600","13","-3","37.60","ba8256c3-9c6f-4ea1-8fc4-47a850134efd","2021-08-27 10:45:22.180"
"ABB","37.590","33","37.600","13","-3","37.60","ca5e0fa6-0ada-4501-8dcd-e9212c1dc8c0","2021-08-27 10:45:22.180"
"ABB","37.590","33","37.600","13","-3","37.60","083c1bc0-88b9-407e-8d2f-c214cf7d5d96","2021-08-27 10:45:22.180"
"ABB","37.600","12","37.610","14","-3","37.61","f93076c7-bd3d-4ad6-8a1c-5d340b9f12e4","2021-08-27 10:45:30.749"
"ABB","37.600","53","37.610","3","-3","37.61","da2bf3e7-c3ae-4002-9dbd-404553ac0545","2021-08-27 10:46:22.191"
"ABB","37.680","27","37.690","4","3","37.62","a3219a89-5250-4f16-8190-10dc6485a16b","2021-08-27 11:04:19.200"
"ABB","37.680","27","37.690","4","3","37.62","65f4a1c3-de16-43d3-a2c2-27c8c8fcc679","2021-08-27 11:04:19.200"
"ABB","37.690","26","37.700","14","3","37.62","84df21b8-4360-40ec-b55e-e80d70e6608b","2021-08-27 11:04:19.200"
"ABB","37.690","27","37.700","10","3","37.61","185b53a1-b7c7-4f9d-8df1-f15c95f8cbe0","2021-08-27 11:05:22.389"
"ABB","37.690","27","37.700","9","3","37.61","62e4c6c2-2c15-44fb-a509-92e7523d3322","2021-08-27 11:05:22.389"
"ABB","37.690","29","37.700","7","3","37.61","6865cd09-d3a4-46b9-a72c-85221216030a","2021-08-27 11:05:22.389"
"ABB","37.620","14","37.630","25","-3","37.63","ccdd16ee-d9b9-4e73-960a-7308145e828e","2021-08-27 11:06:52.103"
"ABB","37.620","14","37.630","25","-3","37.63","747c3ec8-d0be-4cee-b75c-19249f4d262d","2021-08-27 11:06:52.103"
"ABB","37.620","14","37.630","25","-3","37.63","290cbfc1-2826-4f2f-a49d-e9129d1fb39b","2021-08-27 11:06:52.103"
"ABB","37.630","9","37.640","22","-3","37.64","16b84e3e-a1f4-44d9-9825-d4408651cb3b","2021-08-27 11:08:30.868"
"ABB","37.630","13","37.640","8","-3","37.64","2d8143fa-5dff-4963-b8cc-0d36a5969a3d","2021-08-27 11:09:13.098"
"ABB","37.690","30","37.700","9","3","37.60","8b0d9117-b551-4c18-b4ef-6e947a592934","2021-08-27 11:12:46.023"
"ABB","37.680","4","37.690","36","3","37.60","097c7d0c-9162-4231-b1a9-71270487cec6","2021-08-27 11:12:46.023"
"ABB","37.680","16","37.690","18","3","37.60","33abf14f-3dac-42ea-b266-8cb3f76389eb","2021-08-27 11:12:46.023"
"ABB","37.650","29","37.660","1","3","37.60","127777ca-0fb2-4483-bdf4-99c3f4f0327c","2021-08-27 11:12:46.023"
"ABB","37.640","10","37.650","17","3","37.60","df26f8be-f09d-4784-92b3-444180c3e774","2021-08-27 11:12:46.023"
"ABB","37.640","6","37.650","10","3","37.60","1fb91585-a85f-4e38-b245-c0766afe2e3b","2021-08-27 11:12:46.023"
"ABB","37.640","5","37.650","22","3","37.60","e5a90c2c-72d6-4a98-864e-520c16213c88","2021-08-27 11:12:46.023"
"ABB","37.640","9","37.650","13","3","37.60","4e611b27-06be-4af0-95ec-5eb337f01d06","2021-08-27 11:12:46.023"
"ABB","37.640","9","37.650","23","3","37.60","356de37a-0214-45e6-83f1-82eed805a6e5","2021-08-27 11:12:46.023"
"ABB","37.550","2","37.560","37","-3","37.56","dcfa7356-7192-4e7c-be81-e72e340cbf79","2021-08-27 11:19:47.597"
"ABB","37.550","2","37.560","37","-3","37.56","2c7f39c1-d320-4e72-90e9-0596a92a3e3f","2021-08-27 11:19:47.597"
"ABB","37.550","2","37.560","37","-3","37.56","860dd1a2-77dd-46c8-86f8-bdff6b230ea9","2021-08-27 11:19:47.597"
"ABB","37.550","12","37.560","8","-3","37.56","07b6a0cb-3b82-422e-9111-02072dfac6b4","2021-08-27 11:19:58.379"
"ABB","37.550","11","37.560","3","-3","37.56","9f74725b-b843-4734-9195-691611b68de3","2021-08-27 11:20:02.457"
"ABB","37.560","1","37.570","32","-3","37.57","f901a17f-e2d6-4056-aa3a-0c274a6653cf","2021-08-27 11:20:22.302"
"ABB","37.560","1","37.570","32","-3","37.57","e3ec9c65-07ee-4359-b1c5-032a43930423","2021-08-27 11:20:22.302"
"ABB","37.560","1","37.570","32","-3","37.57","19968619-4b24-4d9b-ba79-99618d2405a2","2021-08-27 11:20:22.302"
"ABB","37.560","1","37.570","32","-3","37.57","e618379d-4024-45ed-ab39-8f2c0e6d0474","2021-08-27 11:20:22.302"
"ABB","37.560","1","37.570","32","-3","37.57","50aeffdc-383d-4761-8365-9908485edd0f","2021-08-27 11:20:22.302"
"ABB","37.690","25","37.700","8","3","37.51","0dee792c-f354-4da6-8731-08c5822d5823","2021-08-27 11:29:19.338"
"ABB","37.490","12","37.500","22","-3","37.50","2a602d46-f44c-4d47-ae50-f4885d66fb5f","2021-08-27 11:30:43.981"
"ABB","37.530","11","37.540","26","3","37.52","5171d0cb-454a-4f62-a29f-f695c97292ff","2021-08-27 12:16:09.992"
"ABB","37.530","11","37.540","26","3","37.52","47fc5e4b-d1f1-4b21-bec3-65574fa6e294","2021-08-27 12:16:09.992"
"ABB","37.530","9","37.540","26","3","37.52","858a9849-0a82-48ef-9cdf-09541f149367","2021-08-27 12:16:09.992"
"ABB","37.510","3","37.520","32","-3","37.52","1004097a-71ef-4969-a2c8-3d0472190a8b","2021-08-27 12:17:37.456"
"ABB","37.510","3","37.520","32","-3","37.52","5edd01fb-da5b-4eaf-8c07-4058cddc3073","2021-08-27 12:17:37.456"
"ABB","37.510","6","37.520","30","-3","37.52","0f549ee4-64d9-4004-b146-179767d67900","2021-08-27 12:17:37.456"
"ABB","37.540","9","37.550","22","3","37.50","aae42b8d-3027-4cfa-aa12-cd505a46f3e2","2021-08-27 12:20:16.908"
"ABB","37.540","9","37.550","22","3","37.50","1b6459ec-82b7-4189-b2e3-961879a55cc4","2021-08-27 12:20:16.908"
"ABB","37.540","13","37.550","23","3","37.50","8818f343-a94d-41f3-8a25-cb906b4edd89","2021-08-27 12:20:16.908"
"ABB","37.540","18","37.550","11","3","37.50","35f2081c-7833-4776-852f-653cffab5549","2021-08-27 12:20:16.908"
"ABB","37.540","18","37.550","11","3","37.50","9077b515-47e1-4942-a47d-b89acb76debb","2021-08-27 12:20:16.908"
"ABB","37.540","22","37.550","12","3","37.50","22f391c6-e434-48e8-b542-da8832756c7e","2021-08-27 12:20:16.908"
"ABB","37.540","8","37.550","24","3","37.50","bb327d61-6e27-4256-b499-e12dcea93b49","2021-08-27 12:20:16.908"
"ABB","37.540","8","37.550","24","3","37.50","d43fe959-7ee6-4360-ab12-7db02b6dc8fa","2021-08-27 12:20:16.908"
"ABB","37.540","8","37.550","24","3","37.50","f5a8219f-7f8f-46ac-8fd1-05e54bb07732","2021-08-27 12:20:16.908"
"ABB","37.540","8","37.550","24","3","37.50","891a7e4c-cb7c-44d0-99c9-bab974e45215","2021-08-27 12:20:16.908"
"ABB","37.540","11","37.550","21","3","37.50","5332ea43-ef13-49ee-b228-9ca8838a101a","2021-08-27 12:20:16.908"
"ABB","37.540","5","37.550","27","3","37.50","c9d16541-610a-45b7-8590-4979a6d87f3b","2021-08-27 12:20:16.908"
"ABB","37.510","13","37.520","27","-3","37.52","892a07dc-39f0-4e0b-a153-2b19eac59bf8","2021-08-27 12:29:53.868"
"ABB","37.510","13","37.520","27","-3","37.52","7a30fab0-c2ed-4062-b491-3ecb0bd6dfeb","2021-08-27 12:29:53.868"
"ABB","37.510","13","37.520","27","-3","37.52","1c3bb801-a832-4100-b842-46d4b249fcb7","2021-08-27 12:29:53.868"
"ABB","37.510","13","37.520","27","-3","37.52","57db7d0f-2f76-4efd-a8e3-efcb8489afa9","2021-08-27 12:29:53.868"
"ABB","37.510","13","37.520","27","-3","37.52","52373f01-3aeb-4b8a-a519-4fde247ad865","2021-08-27 12:29:53.868"
"ABB","37.510","13","37.520","27","-3","37.52","275d4f6f-177b-4bbc-ba99-ff1d7e18194f","2021-08-27 12:29:53.868"
"ABB","37.510","12","37.520","13","-3","37.52","60a042c4-cadf-49f6-b538-d6ba9cbc6eba","2021-08-27 12:30:37.869"
"ABB","37.510","12","37.520","13","-3","37.52","fb192b9b-e617-499c-bca6-98de34391878","2021-08-27 12:30:37.869"
"ABB","37.510","19","37.520","13","-3","37.52","c28f892e-a1ea-4a92-96a0-69af03cedcab","2021-08-27 12:31:34.248"
"ABB","37.510","19","37.520","13","-3","37.52","ed65df52-f5ea-48a5-805b-d0e20c3a3381","2021-08-27 12:31:34.248"
"ABB","37.510","19","37.520","13","-3","37.52","31b51817-6a55-4cc9-b79a-bb218b820f66","2021-08-27 12:31:34.248"
"ABB","37.510","19","37.520","13","-3","37.52","c8ec2c2f-5e0e-4c42-9001-458345d698cf","2021-08-27 12:31:34.248"
"ABB","37.540","12","37.550","13","3","37.53","7507a839-aeb0-4e4a-8b18-ff8bbcc38c8b","2021-08-27 13:03:05.288"
"ABB","37.540","18","37.550","12","3","37.53","4a86d4c0-9526-4abb-88c7-e92d7aff1005","2021-08-27 13:03:05.288"
"ABB","37.530","20","37.530","1","-3","37.53","bccd411c-dd3a-49fc-9f1e-a91f08ecee75","2021-08-27 13:11:00.006"
"ABB","37.530","10","37.540","33","-3","37.54","b216c6f3-fb66-4b3c-a354-71483f0a40f7","2021-08-27 13:14:52.468"
"ABB","37.650","10","37.660","21","3","37.63","b8561863-789b-4d04-91a2-653e93526bfa","2021-08-27 14:52:05.003"
"ABB","37.640","30","37.650","9","3","37.63","7571c56b-391a-4ab1-a108-811ca74a6666","2021-08-27 14:52:05.003"
"ABB","37.640","25","37.650","9","3","37.63","0242d48d-fa5e-4094-8b87-1d1aced1ce40","2021-08-27 14:52:05.003"
"ABB","37.640","25","37.650","9","3","37.63","f38b0f1b-ef3a-48c3-b271-996458d70245","2021-08-27 14:52:05.003"
"ABB","37.640","9","37.650","19","3","37.63","1b31d51b-9caf-43ab-85ba-df5b07532e73","2021-08-27 14:52:05.003"
"ABB","37.640","12","37.650","23","3","37.63","d1d3832c-1dfc-4a33-8a63-d1f3f45c6f63","2021-08-27 14:52:05.003"
"ABB","37.640","6","37.650","25","3","37.63","51333b00-066c-415c-811a-ad61ed4621a9","2021-08-27 14:52:05.003"
"ABB","37.640","21","37.650","21","3","37.63","2555186d-ea98-4a29-bbda-1cb27225d3f9","2021-08-27 14:52:05.003"
"ABB","37.630","13","37.640","31","-3","37.64","efdf8352-75bb-4dae-b3ed-fdc2ebf8f5f7","2021-08-27 14:55:22.378"
"ABB","37.630","13","37.640","31","-3","37.64","9edf0aac-0676-402f-a15b-9eb92596b643","2021-08-27 14:55:22.378"
"ABB","37.630","13","37.640","31","-3","37.64","9b397a54-68af-4743-9a68-1c3e64cfa3e1","2021-08-27 14:55:22.378"
"ABB","37.630","13","37.640","31","-3","37.64","ef5e1e41-1e6c-4130-a070-239eb0430629","2021-08-27 14:55:22.378"
"ABB","37.630","6","37.640","31","-3","37.64","1ed36ee3-8502-453f-a302-31e91d9dd284","2021-08-27 14:55:22.378"
"ABB","37.630","18","37.640","7","-3","37.64","e5bf4d68-1602-4e43-a126-0789d9966426","2021-08-27 15:00:54.985"
"ABB","37.630","18","37.640","8","-3","37.64","bfcb9632-8577-4a2f-b526-bf526c3b26a7","2021-08-27 15:00:54.985"
"ABB","37.630","18","37.640","8","-3","37.64","4b62c9df-1fb6-4353-91e3-d554d030b82f","2021-08-27 15:00:54.985"
"ABB","37.640","31","37.650","9","3","37.64","670df6c8-55b2-4797-8b66-e61e064349c5","2021-08-27 15:06:48.225"
"ABB","37.640","31","37.650","9","3","37.64","f12558db-eb5b-4aab-bb24-2621e749fda7","2021-08-27 15:06:48.225"
"ABB","37.650","4","37.660","28","3","37.64","dd9c86b9-3f59-4612-a123-83cc7456ed71","2021-08-27 15:06:48.225"
"ABB","37.660","7","37.670","26","-3","37.67","156777bf-2dbc-4f85-92a0-507852ce7b0e","2021-08-27 15:09:00.862"
"ABB","37.660","6","37.670","21","-3","37.67","fafd4e70-6ae2-4069-830f-0813e1bc8598","2021-08-27 15:09:36.859"
"ABB","37.660","10","37.670","20","-3","37.67","00f80385-d5c2-4d1c-b1a7-73a21a482849","2021-08-27 15:10:15.397"
"ABB","37.670","19","37.680","39","3","37.66","5f328e47-c1ff-4143-8c4d-6bc4d7bd9a11","2021-08-27 15:29:57.780"
"ABB","37.670","18","37.680","40","3","37.66","150fbe3c-429c-46c2-b3dd-f1aa3b796cfb","2021-08-27 15:29:57.780"
"ABB","37.670","19","37.680","40","3","37.66","4e63b614-5179-450b-a448-3eeab379c120","2021-08-27 15:29:57.780"
"ABB","37.670","19","37.680","40","3","37.66","7dcea305-5163-4175-b56c-98e825358eaf","2021-08-27 15:29:57.780"
"ABB","37.670","9","37.680","40","3","37.66","6101a184-a1a7-4136-9640-a6da16a43237","2021-08-27 15:29:57.780"
"ABB","37.670","11","37.680","44","3","37.64","3f8b037f-e66b-42dc-9f29-42dc57460353","2021-08-27 15:38:34.439"
"ABB","37.670","11","37.680","44","3","37.64","0920b3f2-edf5-411f-bec6-ddb08ac17ed1","2021-08-27 15:38:34.439"
"ABB","37.670","20","37.680","39","3","37.64","50f24856-85b7-4230-a16c-2abb018bde69","2021-08-27 15:38:34.439"
"ABB","37.660","19","37.670","30","-24","37.66","3a4a2f86-d1bd-4f35-bd31-64a295ce6a37","2021-08-27 15:48:00.006"
"ALC","81.720","8","81.760","4","2","81.53","f35a9bcd-197e-463f-a559-29334b235974","2021-08-27 09:59:04.179"
"ALC","81.720","7","81.760","4","2","81.53","aad1c475-52a7-42c3-9216-75c3e2ae668b","2021-08-27 09:59:04.179"
"ALC","81.720","7","81.760","4","2","81.53","12aad044-cff0-441e-93f1-a8a4dc0234f3","2021-08-27 09:59:04.179"
"ALC","81.720","7","81.760","4","2","81.53","be939267-04bb-4b11-9ecd-65a68cee7b20","2021-08-27 09:59:04.179"
"ALC","81.740","7","81.760","4","2","81.53","52b16e01-a675-40a0-9a09-e0c9f62399c8","2021-08-27 09:59:04.179"
"ALC","81.680","7","81.710","2","2","81.53","ce77192c-04d4-43f4-8dc5-b1ceb779aa86","2021-08-27 09:59:04.179"
"ALC","81.660","7","81.690","2","2","81.53","e90082a9-e110-45f5-919f-7643a8fa5a4f","2021-08-27 09:59:04.179"
"ALC","81.580","7","81.600","2","-2","81.60","344d8f3d-788b-4eff-bdab-d4453af9abba","2021-08-27 09:59:55.170"
"ALC","81.580","7","81.600","2","-2","81.60","39c3be03-e5c9-4db3-aaf3-3db657d52df9","2021-08-27 09:59:55.170"
"ALC","81.720","7","81.750","2","2","81.51","9972c99b-5c94-4e6f-9963-d5c82cca1408","2021-08-27 10:00:03.748"
"ALC","81.670","3","81.720","2","2","81.51","99be9ce1-e0c5-41e7-a7c9-ca1365ddb4d7","2021-08-27 10:00:03.748"
"ALC","81.670","1","81.720","3","2","81.51","f26dd01b-e3eb-4963-a371-64b4eeec2508","2021-08-27 10:00:03.748"
"ALC","81.670","1","81.720","3","2","81.51","3b84209a-b912-46a6-9eed-67784553ae2d","2021-08-27 10:00:03.748"
"ALC","81.640","3","81.690","2","2","81.51","9ae45115-6a1d-437a-9ea3-07cc93f75249","2021-08-27 10:00:03.748"
"ALC","81.640","8","81.680","1","2","81.51","a8d35a87-8bee-4eda-a16e-3dec0a7ccac3","2021-08-27 10:00:03.748"
"ALC","81.720","7","81.740","1","2","81.48","4f2d006a-6351-4281-886d-01c760ef4990","2021-08-27 10:00:05.307"
"ALC","81.740","5","81.760","1","2","81.48","51c24346-bb7a-41bc-b27d-50662179068c","2021-08-27 10:00:05.307"
"ALC","81.740","2","81.760","4","2","81.48","3e21afe7-ee6a-41ac-8905-43485af349bc","2021-08-27 10:00:05.307"
"ALC","81.440","3","81.540","2","-2","81.54","fa42ad70-86cf-43d6-95e6-d5012abb4483","2021-08-27 10:00:10.205"
"ALC","81.660","7","81.700","4","-2","81.70","9ae2b9fd-2ab7-4e06-a879-37df5d03269c","2021-08-27 10:00:54.356"
"ALC","81.660","7","81.700","4","-2","81.70","d035cda8-ee34-4528-a435-1815c52c8428","2021-08-27 10:00:54.356"
"ALC","81.660","7","81.700","4","-2","81.70","b5748b5a-022d-4b0e-8ae3-8abaa6a4d5d6","2021-08-27 10:00:54.356"
"ALC","81.660","7","81.700","4","-2","81.70","75b98e08-c6e9-4959-9edf-e26ce14eac20","2021-08-27 10:00:54.356"
"ALC","81.730","1","81.800","3","-2","81.80","b706f24f-83d9-4ca1-85f3-2d81336fa0e3","2021-08-27 10:01:01.281"
"ALC","81.730","1","81.800","3","-2","81.80","74548c3e-ba9b-4346-880c-5759a0d8ea73","2021-08-27 10:01:01.281"
"ALC","81.730","1","81.800","3","-2","81.80","e97f0e18-23b2-4921-bde9-1344e2e4786a","2021-08-27 10:01:01.281"
"ALC","81.730","1","81.800","3","-2","81.80","dc22c4bc-667a-4873-8f92-a6c059f2bbf1","2021-08-27 10:01:01.281"
"ALC","81.730","1","81.800","3","-2","81.80","770a6535-1c0d-473d-9f1b-cc1fd678c9cb","2021-08-27 10:01:01.281"
"ALC","81.730","1","81.760","4","-2","81.76","51250334-940b-4e24-88ba-03defd1da1d8","2021-08-27 10:02:15.500"
"ALC","81.730","1","81.760","4","-2","81.76","2920f7f4-f038-43a1-925c-4b3fe8354b9b","2021-08-27 10:02:15.500"
"ALC","81.730","1","81.760","4","-2","81.76","5c62a452-be8f-4617-b34f-6c4b8e21175a","2021-08-27 10:02:41.254"
"ALC","81.760","7","81.800","3","-2","81.80","34959ea2-46d5-4e07-ae15-5fee6ab024d5","2021-08-27 10:02:53.124"
"ALC","82.040","8","82.070","1","2","81.86","adc9cd6e-b01a-44fe-be90-6ab445aeff05","2021-08-27 11:00:47.361"
"ALC","82.020","8","82.050","2","2","81.86","1653f76d-51f7-4d0d-b9c3-6bafa84be6df","2021-08-27 11:00:47.361"
"ALC","81.860","7","81.890","1","-2","81.89","cb090593-05e0-40a9-a2f9-9c8ac4780758","2021-08-27 11:01:40.624"
"ALC","81.860","7","81.890","1","-2","81.89","c9385255-1b4b-4b5a-bbcc-69abbfc47c7e","2021-08-27 11:01:40.624"
"ALC","82.020","7","82.030","2","2","81.84","c74277ef-5fcd-4119-a479-34f32d3b9915","2021-08-27 11:01:55.980"
"ALC","82.020","7","82.030","2","2","81.84","0087784b-a2ec-4b89-a7ca-40323a26b1aa","2021-08-27 11:01:55.980"
"ALC","82.020","7","82.060","2","2","81.84","cda64855-286e-4968-af21-10dcd7d51cac","2021-08-27 11:01:55.980"
"ALC","82.020","7","82.060","1","2","81.84","4255cb33-4c66-42a1-8234-839a5c3f1192","2021-08-27 11:01:55.980"
"ALC","82.020","7","82.050","4","2","81.84","12f88cac-e83e-4adc-908a-4adc172e9066","2021-08-27 11:01:55.980"
"ALC","82.020","1","82.050","2","2","81.84","f92d2cba-bec5-4977-9405-8f1361158261","2021-08-27 11:01:55.980"
"ALC","82.020","1","82.050","2","2","81.84","20704f2a-dd3e-4050-929c-52453e1f5554","2021-08-27 11:01:55.980"
"ALC","82.030","1","82.060","2","2","81.84","b06b5228-0451-44bd-a850-821cec55a5a5","2021-08-27 11:01:55.980"
"ALC","82.030","1","82.060","2","2","81.84","d6e88021-bf0f-4d0a-9954-29e2d5eb59d8","2021-08-27 11:01:55.980"
"ALC","82.040","2","82.060","1","2","81.84","d65618ed-1e3e-4acb-94a2-0a30e680bdfb","2021-08-27 11:01:55.980"
"ALC","82.060","8","82.100","2","2","81.84","20e739b7-c1b9-4975-8fb8-38b0e3ad12d7","2021-08-27 11:01:55.980"
"ALC","82.040","7","82.070","2","2","81.84","2e7f5213-c204-4e4d-a833-1a00b592a321","2021-08-27 11:01:55.980"
"ALC","82.030","1","82.070","1","2","81.84","d32dfe5a-24e2-44bf-8ca3-2eef818a7f7f","2021-08-27 11:01:55.980"
"ALC","81.860","7","81.890","2","-2","81.89","304d2c78-af02-41db-95ea-c7812cde24ac","2021-08-27 11:04:41.778"
"ALC","81.860","7","81.890","2","-2","81.89","72d72985-1a42-4976-a4d8-808d27c12306","2021-08-27 11:04:41.778"
"ALC","81.860","7","81.890","2","-2","81.89","adafbffc-13b3-4233-a20e-64676b31d826","2021-08-27 11:04:41.778"
"ALC","81.860","7","81.890","2","-2","81.89","dd2152db-4cb5-4776-aadf-044e4caeffcd","2021-08-27 11:04:41.778"
"ALC","81.880","7","81.890","1","-2","81.89","ade4c504-e73c-4374-aaff-9b2e6acded59","2021-08-27 11:05:16.892"
"ALC","81.880","7","81.890","1","-2","81.89","6301adc2-e690-4c7f-90e5-36512775b227","2021-08-27 11:05:16.892"
"ALC","81.880","7","81.890","1","-2","81.89","f623fcef-cc91-4ba3-b6ab-5b2ee02deea9","2021-08-27 11:05:16.892"
"ALC","81.880","7","81.890","1","-2","81.89","571350cb-a2e4-482f-83c6-84f8cb5e2628","2021-08-27 11:05:16.892"
"ALC","81.860","7","81.880","1","-2","81.88","1633e83c-34bc-4186-a36e-e547d931ddb8","2021-08-27 11:06:23.763"
"ALC","81.860","7","81.880","1","-2","81.88","cfc11350-03ec-42a4-b3af-748d1daaeece","2021-08-27 11:06:23.763"
"ALC","81.860","7","81.890","3","-2","81.89","63aa2e9f-dce8-4395-8746-d6219f565834","2021-08-27 11:06:40.406"
"ALC","81.880","7","81.900","2","-2","81.90","3bb520ba-44ce-4898-967e-ba8cf2db281b","2021-08-27 11:07:09.239"
"ALC","81.880","8","81.900","3","-2","81.90","57ff0b3f-49a0-41de-acf6-404f6a4f79fb","2021-08-27 11:07:26.423"
"ALC","81.760","2","81.790","1","2","81.69","ec3dcd14-50cf-4d9c-8b83-4461c0329d7e","2021-08-27 11:35:04.700"
"ALC","81.760","7","81.790","1","2","81.69","d63574e0-9934-45e8-a7a2-de41bdcf51a0","2021-08-27 11:35:04.700"
"ALC","81.980","8","82.010","2","2","81.69","5374b2c1-2631-4351-90ac-4250a1051a5b","2021-08-27 11:35:04.700"
"ALC","81.810","4","81.840","2","2","81.62","46dd6fdb-98a1-4562-95e4-496020c76730","2021-08-27 11:37:11.756"
"ALC","81.740","7","81.790","2","2","81.62","9170707f-c6b2-496b-b89d-dc45665e91da","2021-08-27 11:37:11.756"
"ALC","81.740","7","81.790","2","2","81.62","5d1c0f95-f095-4c80-b048-606b7b4fc26f","2021-08-27 11:37:11.756"
"ALC","81.720","7","81.750","3","2","81.62","afdd5b4a-be47-499e-8bd9-371226e35645","2021-08-27 11:37:11.756"
"ALC","81.800","5","81.820","1","2","81.62","3cfd7ca4-dfb4-473c-ae93-8788eda8f8c0","2021-08-27 11:37:11.756"
"ALC","81.800","5","81.820","1","2","81.62","ca258ce7-15d4-4d1c-9027-969a7207a10c","2021-08-27 11:37:11.756"
"ALC","81.760","7","81.800","4","2","81.62","7ad57413-05ee-4617-903c-ea71bd553691","2021-08-27 11:37:11.756"
"ALC","81.710","2","81.770","3","2","81.62","a0994de1-2683-4061-a028-73960a85e4ce","2021-08-27 11:37:11.756"
"ALC","81.730","1","81.760","2","2","81.62","ca02a5c0-d0d7-48a7-911f-0d1c52175499","2021-08-27 11:37:11.756"
"ALC","81.580","4","81.620","1","-2","81.62","25568503-0ddd-479a-bddf-5d5f57377c28","2021-08-27 11:39:45.342"
"ALC","81.580","4","81.620","1","-2","81.62","66fe38e8-35a9-412a-b695-c593853baf99","2021-08-27 11:39:45.342"
"ALC","81.580","4","81.620","1","-2","81.62","1214fe44-72cd-49ee-b961-5560befa69ee","2021-08-27 11:39:45.342"
"ALC","81.580","4","81.620","1","-2","81.62","442acf0a-b477-4cd2-a69b-01001afdade6","2021-08-27 11:39:45.342"
"ALC","81.580","4","81.620","1","-2","81.62","a9189174-1990-454a-b216-6a358709ec6b","2021-08-27 11:39:45.342"
"ALC","81.580","4","81.620","1","-2","81.62","33838bc8-4e85-4df2-9d96-cf17d7727143","2021-08-27 11:39:45.342"
"ALC","81.580","4","81.620","1","-2","81.62","f045cf72-6239-446e-970b-414dfea7349f","2021-08-27 11:39:45.342"
"ALC","81.580","4","81.620","1","-2","81.62","6a5086a0-08ee-4629-80e1-6ce9fcf739c9","2021-08-27 11:39:45.342"
"ALC","81.580","4","81.620","1","-2","81.62","712d65d8-36f5-4078-9184-907f00db1f0d","2021-08-27 11:39:45.342"
"ALC","81.580","4","81.620","1","-2","81.62","46279569-1fb5-4c12-b833-b2a5b19b1c7a","2021-08-27 11:39:45.342"
"ALC","81.580","4","81.620","1","-2","81.62","3d99dfb3-296e-439b-a353-7278891245f4","2021-08-27 11:39:45.342"
"ALC","81.580","3","81.620","2","-2","81.62","6fd3cacf-a686-461d-8c00-b76f91a39481","2021-08-27 11:39:45.342"
"ALC","81.710","3","81.760","2","2","81.73","f6875a33-99ae-45a5-a9c1-89611dcac36f","2021-08-27 11:48:04.234"
"ALC","81.690","2","81.710","2","-2","81.71","b3058a15-cb85-4a91-837b-f2f203f6751c","2021-08-27 12:02:32.350"
"ALC","81.720","2","81.740","3","2","81.72","fd2f1b2c-8e31-4786-865c-f882b53c459f","2021-08-27 12:26:49.410"
"ALC","81.720","2","81.740","3","2","81.72","c7ec1cf1-dbcc-4e66-98cb-8d13b03fb582","2021-08-27 12:26:49.410"
"ALC","81.750","5","81.780","8","2","81.69","38bbd401-740b-46dd-8603-809a2df8fbd1","2021-08-27 12:26:49.431"
"ALC","81.750","5","81.780","8","2","81.69","b035390a-f034-4bba-a2e4-6a0b027e990b","2021-08-27 12:26:49.431"
"ALC","81.750","5","81.780","8","2","81.69","dbdc7ac6-57d7-4aa5-bf85-542cf8a136e9","2021-08-27 12:26:49.431"
"ALC","81.750","3","81.770","4","2","81.69","32c72f10-9def-4564-9900-3a5bb373c27e","2021-08-27 12:26:49.431"
"ALC","81.750","3","81.770","4","2","81.69","9597a145-b84b-4b70-8361-dc05164c31c0","2021-08-27 12:26:49.431"
"ALC","81.750","3","81.770","4","2","81.69","5b30d17d-d331-4c13-8da6-12cf279eb048","2021-08-27 12:26:49.431"
"ALC","81.750","3","81.770","3","2","81.69","de3a89bd-29d6-45f6-b6b0-2c114bba4959","2021-08-27 12:26:49.431"
"ALC","81.780","2","81.800","2","2","81.69","b7cbce19-d8d8-4f9d-b772-1c4ebfefbb52","2021-08-27 12:27:43.755"
"ALC","81.780","2","81.800","2","2","81.69","dfc20b5e-cb3a-40da-a375-16c682795c59","2021-08-27 12:27:43.755"
"ALC","81.750","5","81.780","8","2","81.69","806d3b59-e207-4d6a-b9aa-df4f8a124516","2021-08-27 12:27:43.755"
"ALC","81.720","4","81.760","1","-2","81.78","a84ce254-1134-4e35-b573-dcb6a2b974ea","2021-08-27 12:32:10.976"
"ALC","81.720","4","81.760","1","-2","81.78","dd819831-d204-4b5f-968a-7d65a0a76093","2021-08-27 12:32:10.976"
"ALC","81.720","4","81.760","1","-2","81.78","34318e3e-c49b-489a-8266-407c9db464ad","2021-08-27 12:32:10.976"
"ALC","81.720","4","81.760","1","-2","81.78","1852bf1d-51a1-4cde-9f54-7116269687a0","2021-08-27 12:32:10.976"
"ALC","81.750","5","81.780","1","-2","81.78","c5d18f6e-4f13-44f8-b368-cc22285ca264","2021-08-27 12:35:03.672"
"ALC","81.750","5","81.780","1","-2","81.78","49dd734d-8411-419f-b8aa-d3e5e87298fa","2021-08-27 12:35:03.672"
"ALC","81.750","5","81.780","1","-2","81.78","87442f55-3c95-4806-871c-673379d89d3d","2021-08-27 12:35:03.672"
"ALC","81.750","5","81.780","1","-2","81.78","a0df2240-b566-4d24-a373-94a3df80e355","2021-08-27 12:36:26.346"
"ALC","81.750","5","81.780","1","-2","81.78","b0fab1a8-8775-4786-a989-9f4630ce57f8","2021-08-27 12:36:26.346"
"ALC","81.830","1","81.860","3","-2","81.87","8e75b5b8-b2f1-423b-8aec-97c1c859ee11","2021-08-27 12:36:44.597"
"ALC","81.860","3","81.890","3","-2","81.89","bc14d2f1-e410-4769-b51a-a17f8260162a","2021-08-27 12:37:05.863"
"ALC","81.860","8","81.890","3","-2","81.89","a9df13d1-dcd9-4e30-b61e-7079f519dee1","2021-08-27 12:39:30.430"
"ALC","81.900","1","81.930","2","2","81.86","afd82a75-e82b-40a5-89f6-7afefde29ae0","2021-08-27 13:07:20.215"
"ALC","81.900","1","81.930","2","2","81.86","e5829169-6b6a-4bff-8810-3ff4636940a8","2021-08-27 13:07:20.215"
"ALC","81.900","3","81.930","3","2","81.84","bdca240f-f635-43fe-956f-cb8cd803e62c","2021-08-27 13:08:50.433"
"ALC","81.900","3","81.930","3","2","81.84","021c75bb-4e28-4cb6-a3f6-f8412a149e58","2021-08-27 13:08:50.433"
"ALC","81.900","4","81.930","3","2","81.84","d7a58bb4-5f47-4ad9-ab9a-c7c89e207cef","2021-08-27 13:08:50.433"
"ALC","81.850","2","81.880","4","-2","81.88","15237c7f-5b35-47e3-8f9c-d7500483cccb","2021-08-27 13:09:22.930"
"ALC","81.850","2","81.880","4","-2","81.88","4b8490f5-09df-4c13-86b9-1d5e6434e20e","2021-08-27 13:09:22.930"
"ALC","81.850","1","81.870","2","-2","81.87","c9842cae-b28c-4f04-9026-bc680f5e216f","2021-08-27 13:11:24.772"
"ALC","81.850","1","81.870","2","-2","81.87","eb533493-eec3-49e2-814f-05d24bb816d6","2021-08-27 13:11:24.772"
"ALC","81.850","1","81.870","1","-2","81.87","40ca720d-3c0b-4a8e-b2df-71e38cee9b8b","2021-08-27 13:11:24.772"
"ALC","81.900","4","81.930","3","2","81.83","d5278cf8-cb5e-438a-90e8-cb5c449c59ea","2021-08-27 13:12:24.679"
"ALC","81.900","4","81.930","3","2","81.83","5ac7e05e-79ee-435a-bc90-e5a48dfdb67a","2021-08-27 13:12:24.679"
"ALC","81.900","3","81.930","3","2","81.83","ff4c3679-73cd-4962-b285-c7438b40974b","2021-08-27 13:12:24.679"
"ALC","81.910","1","81.920","1","2","81.83","969d73a3-b940-4bc4-beba-e0e19fe3793a","2021-08-27 13:12:24.679"
"ALC","81.820","1","81.830","1","-2","81.83","e9c3f957-b661-4058-ae62-ab0ca4b460e1","2021-08-27 13:13:45.366"
"ALC","81.900","3","81.930","3","2","81.80","e51ae35e-ae1f-446e-88dc-33f2df53d968","2021-08-27 13:18:33.472"
"ALC","81.910","3","81.930","3","2","81.80","ca0aedde-339f-4d8d-a72e-d1cf24b1928a","2021-08-27 13:18:33.472"
"ALC","81.910","4","81.930","2","2","81.80","e7c2c48f-1b1b-4387-9650-180504cdc8bf","2021-08-27 13:18:33.472"
"ALC","81.910","3","81.930","2","2","81.80","69b6ebdc-d2d5-433b-8f6c-02a0a89e87f2","2021-08-27 13:18:33.472"
"ALC","81.910","2","81.930","2","2","81.80","d530a1a1-e6e1-4289-b2d5-913e1dc43f2e","2021-08-27 13:18:33.472"
"ALC","81.920","3","81.940","1","2","81.80","a8d5a71e-2e03-44c1-9484-5514b0d265ec","2021-08-27 13:18:33.472"
"ALC","81.920","3","81.940","1","2","81.80","68d73d41-9053-439f-823c-d4763ca11137","2021-08-27 13:18:33.472"
"ALC","81.790","3","81.820","1","-2","81.84","256c9b78-ea02-4696-8997-9b31082a28c4","2021-08-27 13:20:46.846"
"ALC","81.790","3","81.820","1","-2","81.84","f174ad83-6cca-45c6-ad1f-efc931c96764","2021-08-27 13:20:46.846"
"ALC","81.790","3","81.820","1","-2","81.84","47babceb-d0f6-44a9-86b7-71aacf3184a4","2021-08-27 13:20:46.846"
"ALC","81.790","3","81.820","1","-2","81.84","cb046f00-850e-4cc7-abdf-789e8ca3f464","2021-08-27 13:20:46.846"
"ALC","81.790","3","81.820","1","-2","81.84","22ef0f8a-0941-42d3-9bd7-85b8f75b9075","2021-08-27 13:20:46.846"
"ALC","81.790","3","81.820","1","-2","81.84","9fba8c8b-3530-40ae-b5d5-7b0614920a84","2021-08-27 13:20:46.846"
"ALC","81.830","2","81.840","3","-2","81.84","96c4447e-8ee1-46c3-b24e-1a0bd7aaba30","2021-08-27 13:20:46.888"
"ALC","81.830","2","81.840","3","-2","81.84","22d1b395-c512-45bc-b4c9-946c7785cacb","2021-08-27 13:20:46.888"
"ALC","81.830","2","81.840","3","-2","81.84","50814257-0db5-4dfd-a470-e55d9becc545","2021-08-27 13:20:46.888"
"ALC","81.810","6","81.840","3","-2","81.84","83b9e0cc-e7be-44e6-a444-a55fae9cfea1","2021-08-27 13:20:46.888"
"ALC","82.190","1","82.220","2","2","82.12","80e407bc-9489-4067-b767-88116494034e","2021-08-27 14:02:05.676"
"ALC","82.140","1","82.180","2","2","82.12","2b5118d4-4373-4cab-a194-21f5cab1f120","2021-08-27 14:02:05.676"
"ALC","82.120","2","82.150","1","2","82.12","5e3f34d1-2f42-454f-8935-a27e21678aaf","2021-08-27 14:02:05.676"
"ALC","82.120","2","82.150","1","2","82.12","59e941cd-90aa-4051-9676-25ff804795db","2021-08-27 14:02:05.676"
"ALC","82.150","1","82.170","2","2","82.09","11b4cae0-999e-4b00-8f33-067ffa12fc70","2021-08-27 14:02:06.139"
"ALC","82.120","2","82.150","1","2","82.09","ef9ffba4-6467-4e7d-8bb9-af4c6e024c35","2021-08-27 14:02:06.139"
"ALC","82.120","2","82.150","1","2","82.09","760a993d-474a-46b2-8d7e-f79c528eb258","2021-08-27 14:02:06.139"
"ALC","82.150","3","82.180","1","2","82.09","89646697-90e1-496b-a353-a279fa721acf","2021-08-27 14:02:06.139"
"ALC","82.150","3","82.180","1","2","82.09","df19fa9f-1d83-4d34-8f58-a0aac4fe94af","2021-08-27 14:02:06.139"
"ALC","82.100","2","82.120","2","-2","82.12","5346b02e-fff8-42e6-a3d3-164f8e22ec06","2021-08-27 14:06:40.246"
"ALC","82.100","2","82.120","2","-2","82.12","f634ce29-6480-4684-acf9-3023675200cb","2021-08-27 14:06:40.246"
"ALC","82.100","3","82.120","2","-2","82.12","a4793d14-e491-40e0-bb71-5fe71fc52101","2021-08-27 14:06:40.246"
"ALC","82.100","3","82.120","2","-2","82.12","7e2fc216-4edf-4891-8f0a-949415c4673b","2021-08-27 14:06:40.246"
"ALC","82.100","3","82.120","2","-2","82.12","b6fe61dc-c19f-4a15-aae7-6700a346cbdb","2021-08-27 14:06:40.246"
"ALC","82.100","3","82.120","2","-2","82.12","14057666-ad6d-429f-9c00-72bcecad99a1","2021-08-27 14:06:40.246"
"ALC","82.100","3","82.120","2","-2","82.12","2b1d58f2-c838-41f6-bae4-f276cf72a744","2021-08-27 14:06:40.246"
"ALC","82.100","3","82.120","2","-2","82.12","675c5ba9-2e49-4cb7-9c73-5ed577a41402","2021-08-27 14:06:40.246"
"ALC","82.110","1","82.120","1","-2","82.12","4e2b1735-384e-4a5b-ac83-4b21663b1e74","2021-08-27 14:06:40.246"
"ALC","82.120","4","82.160","1","2","82.12","41a4fba6-ccd4-4593-9352-7c7fc19cfcc7","2021-08-27 14:15:49.737"
"ALC","82.100","2","82.130","3","-2","82.13","6901ea8e-3809-434d-a4c4-f660f03efe3d","2021-08-27 14:22:30.270"
"ALC","82.160","3","82.180","1","2","82.04","f453992c-a36a-4fa0-b383-600464d44a85","2021-08-27 14:34:45.497"
"ALC","82.180","2","82.200","1","2","82.04","38c30539-f638-45df-ab03-cfc476c21596","2021-08-27 14:34:45.497"
"ALC","82.170","1","82.200","2","2","82.04","d7212cff-3f3a-4465-96b7-17bac27f42e5","2021-08-27 14:34:45.497"
"ALC","82.170","3","82.210","3","2","82.04","d99c50b6-1cb4-483d-b4fc-88a13412be98","2021-08-27 14:34:45.497"
"ALC","82.170","3","82.210","3","2","82.04","808f2be2-449c-4061-a589-8a733ccdec10","2021-08-27 14:34:45.497"
"ALC","82.170","2","82.210","3","2","82.04","2509bf7b-5955-4317-8c29-e82c35d1b1dc","2021-08-27 14:34:45.497"
"ALC","82.170","3","82.210","3","2","82.04","ea93dac4-c5fc-4b02-b8af-bf10e43d92ae","2021-08-27 14:34:45.497"
"ALC","82.160","1","82.180","1","2","82.04","acfcd02c-b082-486e-8a59-fe93df74ecdc","2021-08-27 14:34:45.497"
"ALC","82.170","1","82.190","1","2","82.04","8eb64742-35d4-4b5f-8add-76773d44a5c2","2021-08-27 14:34:45.497"
"ALC","82.150","1","82.170","1","2","82.04","23ad5b43-49fc-4271-91c7-2587a0b13898","2021-08-27 14:34:45.497"
"ALC","82.110","4","82.130","2","2","82.04","274385fc-e9f0-4cbb-a3a8-34cd56bc841a","2021-08-27 14:34:45.497"
"ALC","82.050","3","82.070","4","-2","82.07","833a381f-36ff-434a-ae0d-e76120164538","2021-08-27 14:36:44.064"
"ALC","82.050","3","82.070","4","-2","82.07","4a29bc2a-8546-476e-913f-164b24a172ac","2021-08-27 14:36:44.064"
"ALC","82.050","3","82.070","4","-2","82.07","55f7f168-8e39-47ec-b80d-ee9bb9269c1b","2021-08-27 14:36:44.064"
"ALC","82.050","3","82.070","4","-2","82.07","ab2ce720-da39-4970-9261-f38fac847e3a","2021-08-27 14:36:44.064"
"ALC","82.040","1","82.070","3","-2","82.07","adfa0972-9458-4a08-9516-a74a52edd6de","2021-08-27 14:36:44.064"
"ALC","82.040","1","82.070","3","-2","82.07","b4c14e95-4b72-4317-8334-2a1a8da9ca02","2021-08-27 14:36:44.064"
"ALC","82.040","1","82.070","3","-2","82.07","bed95729-3421-47af-bc99-c6771617b568","2021-08-27 14:36:44.064"
"ALC","82.040","1","82.070","3","-2","82.07","39d9d282-9f64-4d36-927b-0d4d31552224","2021-08-27 14:36:44.064"
"ALC","82.040","1","82.070","3","-2","82.07","f29263d8-0f0d-4e43-b7d4-e380d8a04510","2021-08-27 14:36:44.064"
"ALC","82.040","1","82.070","3","-2","82.07","4d78e990-3a41-4062-8b88-31452ea4e494","2021-08-27 14:36:44.064"
"ALC","82.050","2","82.070","2","-2","82.07","8c169bc4-fdf4-4aaf-8f2c-a09bc96e50dc","2021-08-27 14:37:03.553"
"ALC","82.000","4","82.010","4","2","82.01","e6eeff73-0862-4823-9729-666b7d2df0d1","2021-08-27 15:04:00.006"
"ALC","82.070","5","82.100","5","-2","82.10","a1e2fe00-59b1-4ed6-b844-c13927f79131","2021-08-27 15:08:15.920"
"ALC","82.080","1","82.100","3","2","82.02","41be7baa-8ce4-4a1c-8ec1-778efd4a933b","2021-08-27 15:10:18.768"
"ALC","82.070","3","82.090","2","2","82.02","67b3a0de-bed1-4d23-a5aa-560fb888c599","2021-08-27 15:10:18.768"
"ALC","82.070","1","82.090","2","-2","82.09","b3a1a12d-0afc-4e23-b3db-e069397d867f","2021-08-27 15:12:22.231"
"ALC","82.070","1","82.090","2","-2","82.09","9f5b2bd9-2f08-4aac-9ada-c7a2613feb4f","2021-08-27 15:12:57.040"
"AEE","87.950","1","88.020","3","2","87.68","4e87780a-b77e-4a8f-bb13-988e80e31299","2021-08-27 10:00:08.456"
"AEE","87.950","1","88.020","3","2","87.68","08515b88-f2bc-46b6-9b82-d13d0bcfe5d6","2021-08-27 10:00:08.456"
"AEE","87.980","1","88.020","1","2","87.68","8257a144-b9e2-48ed-a7e5-991b42df2b20","2021-08-27 10:00:08.456"
"AEE","87.980","1","88.010","1","2","87.68","6ed870eb-e309-45a0-ad7b-f38f01097e68","2021-08-27 10:00:08.456"
"AEE","87.980","1","88.010","2","2","87.68","1936a403-59f9-439e-8f68-7b2897b82926","2021-08-27 10:00:08.456"
"AEE","88.000","1","88.060","3","2","87.68","2b02cf5e-e217-408c-861b-b3b1a9cc0b18","2021-08-27 10:00:08.456"
"AEE","87.700","1","87.820","2","-2","87.82","220453c3-86fa-4e44-9ed2-704f74eba79a","2021-08-27 10:01:04.402"
"AEE","87.700","1","87.820","2","-2","87.82","f90dec21-1eb8-4386-a1bc-166bacb768b6","2021-08-27 10:01:04.402"
"AEE","87.800","1","87.830","1","-2","87.84","a7d5ec85-e376-46a8-818e-3353119be5cc","2021-08-27 10:01:27.100"
"AEE","87.680","1","87.770","1","-2","87.78","baf6a35f-3e27-406b-ae5c-020356cbdf33","2021-08-27 10:02:21.182"
"AEE","87.680","1","87.760","1","-2","87.78","64672f21-b59b-4aad-aa39-a1a2a59e120d","2021-08-27 10:02:21.182"
"AEE","87.720","1","87.790","3","-2","87.79","40349876-83ac-4ec2-9c95-5d866a0c55f5","2021-08-27 10:02:27.741"
"AEE","88.230","2","88.270","5","2","88.00","371f7834-4044-473f-bdd6-f1dee62c5e98","2021-08-27 10:41:50.839"
"AEE","88.240","3","88.290","1","2","88.00","0461d0e0-3a51-4e13-9cb7-b5aa003666f1","2021-08-27 10:41:50.839"
"AEE","88.240","3","88.290","1","2","88.00","acd511d7-9aad-4833-964c-a080fd70d71b","2021-08-27 10:41:50.839"
"AEE","88.240","4","88.290","9","2","88.00","1bb2877a-0b98-4029-a10a-c337c714b429","2021-08-27 10:41:50.839"
"AEE","88.170","1","88.210","1","2","88.00","6e7f1606-20cd-4ee4-b765-8ead15911ffd","2021-08-27 10:41:50.839"
"AEE","88.100","4","88.150","2","2","88.00","9c4ca3b1-56a5-44ef-9023-92de94fab049","2021-08-27 10:41:50.839"
"AEE","88.160","2","88.200","4","2","88.00","28b23cf9-320e-4798-a7f2-a6655428e52f","2021-08-27 10:41:57.797"
"AEE","88.160","3","88.200","4","2","88.00","a06beb63-60b6-4423-8a09-8a93abdf3844","2021-08-27 10:41:57.797"
"AEE","88.200","1","88.240","3","2","88.00","4820474e-8fea-435d-b295-54730027ec2d","2021-08-27 10:41:57.797"
"AEE","88.200","2","88.240","1","2","87.99","aa086f29-ff3d-4d42-a78f-e0354acd5767","2021-08-27 10:42:17.491"
"AEE","88.200","2","88.240","1","2","87.99","1412aa84-24c8-4c4e-8554-301ef639def8","2021-08-27 10:42:17.491"
"AEE","88.150","4","88.210","1","2","87.98","f0b67939-280f-4f6f-8445-a491348ca07c","2021-08-27 10:42:17.492"
"AEE","88.150","1","88.190","2","2","87.98","a982e7a4-f685-4bbc-a6ae-17aac87ecfd9","2021-08-27 10:42:17.492"
"AEE","88.140","1","88.170","2","2","87.98","095cac6b-a324-4f35-a2bf-f3c654c283ff","2021-08-27 10:42:17.492"
"AEE","88.140","1","88.170","1","2","87.98","28f22eed-4f3b-4b88-9e4c-19fbcb17fca9","2021-08-27 10:42:17.492"
"AEE","88.160","1","88.180","1","2","87.98","571a98c1-3a19-4e3b-af21-bc063c81b3c7","2021-08-27 10:42:17.492"
"AEE","88.160","2","88.200","3","2","87.98","158cb342-dea1-4aeb-8be6-6f9ebb616f78","2021-08-27 10:42:17.492"
"AEE","88.160","2","88.200","4","2","87.98","f11861df-8c33-430d-b4ab-9a33369a75cb","2021-08-27 10:42:17.492"
"AEE","87.960","3","88.000","1","-2","88.00","68a42b73-43ae-459c-9ce3-e371b7404ef9","2021-08-27 10:43:04.378"
"AEE","87.960","3","88.000","1","-2","88.00","7c5c723c-2efe-4b8c-80de-65fb0ae86fed","2021-08-27 10:43:04.378"
"AEE","87.960","3","88.000","1","-2","88.00","5b49c8e3-9a97-43b7-9bfd-8ecf76f53cf6","2021-08-27 10:43:04.378"
"AEE","87.960","3","88.000","1","-2","88.00","8acc8ae6-f784-4098-91f5-d4303420957e","2021-08-27 10:43:04.378"
"AEE","87.960","3","88.000","1","-2","88.00","d112f731-7424-40bc-a3f4-5e63135ee17d","2021-08-27 10:43:04.378"
"AEE","87.960","3","88.000","1","-2","88.00","a2567ef1-2f91-4e7d-9391-ec3cc451ffea","2021-08-27 10:43:04.378"
"AEE","87.960","3","88.000","1","-2","88.00","ec3be67e-edcf-4d60-aee3-e86a24346c37","2021-08-27 10:43:04.378"
"AEE","87.960","3","88.000","1","-2","88.00","a982125c-35d4-44a7-a2d5-cf8da57ef78d","2021-08-27 10:43:04.378"
"AEE","87.960","3","88.000","1","-2","88.00","ad6f2170-8c05-4395-9325-4e31b381862a","2021-08-27 10:43:04.378"
"AEE","87.960","2","88.000","1","-2","88.00","18cb7a89-a913-4416-a6c7-49d383ceb6dc","2021-08-27 10:43:04.378"
"AEE","87.960","2","88.000","1","-2","88.00","9b4a96ee-7558-483e-b164-d91adda24bed","2021-08-27 10:43:04.378"
"AEE","87.960","2","88.000","1","-2","88.00","28e78b93-73e2-4566-9e0c-ef6a1e25b024","2021-08-27 10:43:04.378"
"AEE","87.960","2","88.000","1","-2","88.00","206e77ad-4429-41b2-bdc7-05353f1275bb","2021-08-27 10:43:04.378"
"AEE","87.960","2","88.000","1","-2","88.00","4f682812-6278-4cd1-bbe2-4f4be8160579","2021-08-27 10:43:04.378"
"AEE","87.970","3","88.010","1","-2","88.01","f88e0fe3-4d56-44a7-86df-45d787f91d53","2021-08-27 10:43:37.015"
"AEE","87.980","1","88.010","1","-2","88.01","20cd5c50-f1ef-4b38-84b2-84ba97b32a98","2021-08-27 10:43:48.209"
"AEE","87.990","1","88.020","2","-2","88.02","a78bf96e-e250-4174-a7ef-d8d10f7009ce","2021-08-27 10:44:20.005"
"AEE","87.990","1","88.020","2","-2","88.02","2da9afb5-7db3-4614-810f-df545b324a6d","2021-08-27 10:44:20.005"
"AEE","88.100","1","88.140","2","2","88.06","28344260-09c2-4d38-9a02-1d0ef6e61312","2021-08-27 10:49:49.706"
"AEE","88.120","1","88.140","1","-2","88.15","dba342ea-9bcc-46a6-b443-01d3de3256f8","2021-08-27 10:52:29.196"
"AEE","88.080","1","88.130","1","2","88.01","80167852-77ee-4ede-8a0f-8780931721d1","2021-08-27 10:57:42.841"
"AEE","88.080","1","88.130","1","2","88.01","109864a4-5eb4-4f5b-80d7-6dd2d415daac","2021-08-27 10:57:42.841"
"AEE","88.070","3","88.110","1","-2","88.11","43d5c999-2d7d-439a-a66d-4852e3d9e235","2021-08-27 11:01:15.032"
"AEE","88.140","1","88.180","1","-2","88.18","7283db23-ee71-4820-94ee-20a8e651c883","2021-08-27 11:02:02.224"
"AEE","88.170","2","88.220","2","2","88.16","9eb9ccf3-38b8-482c-9ec5-1bbd685ce492","2021-08-27 11:26:04.699"
"AEE","88.170","2","88.220","2","2","88.16","263f85f2-8d64-4c40-92dd-bd453b1f83cb","2021-08-27 11:26:04.699"
"AEE","88.140","1","88.160","2","-2","88.16","4ad54160-5192-47de-8ff9-0412fefb55f4","2021-08-27 11:29:25.727"
"AEE","88.150","3","88.190","1","-2","88.19","cd2c2956-d7d7-47ec-a925-a1de281c7919","2021-08-27 11:30:12.034"
"AEE","88.150","3","88.190","5","2","88.09","ea59da4e-fcdc-4a67-82d8-3d574caacb3c","2021-08-27 11:37:09.882"
"AEE","88.150","1","88.190","3","-2","88.19","6d8f0bd1-ecb4-4af4-bf10-c24c8c522443","2021-08-27 11:39:25.019"
"AEE","88.180","3","88.220","1","2","88.16","522a194c-d6cd-408c-b8c9-0d11e7971d1f","2021-08-27 11:45:27.326"
"AEE","88.180","3","88.220","1","2","88.16","a18c3206-cada-4304-9a80-0be1f467a9c0","2021-08-27 11:45:27.326"
"AEE","88.170","2","88.210","3","2","88.16","44e70fc1-70fa-401b-86d4-0f23d73245b0","2021-08-27 11:45:27.326"
"AEE","88.180","2","88.210","1","2","88.15","842df36f-9979-4de8-95de-ba279e3698be","2021-08-27 11:45:27.326"
"AEE","88.160","1","88.190","2","2","88.13","50b105f5-bf61-4970-bb2a-cf9ae25ef1a6","2021-08-27 11:49:20.783"
"AEE","88.060","1","88.090","2","-2","88.09","0be300e7-1029-4b4e-abb8-721f6b6e7185","2021-08-27 11:52:57.027"
"AEE","88.060","1","88.090","2","-2","88.09","022def71-c54e-464f-b805-33870a1237b7","2021-08-27 11:52:57.027"
"AEE","88.060","1","88.090","2","-2","88.09","3526fcfb-03d6-4db7-9380-a95f75807183","2021-08-27 11:52:57.027"
"AEE","88.070","4","88.090","2","-2","88.09","89db75da-5e6b-42ef-bab4-56dc5fe1b836","2021-08-27 11:53:04.291"
"AEE","88.070","2","88.090","1","-2","88.09","d52c37c9-1c43-4dd7-b6f8-848ace68ca3d","2021-08-27 11:53:49.038"
"AEE","88.160","1","88.190","3","2","88.11","3ee8b4e7-32a6-4330-add6-2b9f90355318","2021-08-27 12:41:31.710"
"AEE","88.160","2","88.190","1","2","88.11","1505db56-6bd5-4302-b316-8a4c4f72c51b","2021-08-27 12:41:31.710"
"AEE","88.150","7","88.190","2","2","88.11","3405ac10-a33b-412e-b610-6fa4c02ea61e","2021-08-27 12:41:31.710"
"AEE","88.160","2","88.190","3","2","88.11","91702cea-d644-4ba7-8ff6-183539df897d","2021-08-27 12:41:31.710"
"AEE","88.240","2","88.260","1","2","88.09","6835f352-324a-41c0-89b1-80009d95ea22","2021-08-27 12:42:38.546"
"AEE","88.210","1","88.220","1","2","88.09","234e266c-a78f-4942-b620-a6669e7af669","2021-08-27 12:42:38.546"
"AEE","88.210","1","88.220","1","2","88.09","6fb4e481-a61c-42cf-9974-2ea7df5c696b","2021-08-27 12:42:38.546"
"AEE","88.210","1","88.220","1","2","88.09","67785061-2a25-4a52-b6f5-cbae3bdd61eb","2021-08-27 12:42:38.546"
"AEE","88.050","2","88.070","1","-2","88.08","361bfd8f-2748-4798-8efd-25cd46b50e7b","2021-08-27 12:44:02.990"
"AEE","88.050","2","88.070","1","-2","88.08","2cc69dbb-b416-4dfe-bc9b-c17e80abc5e3","2021-08-27 12:44:02.990"
"AEE","88.050","2","88.070","1","-2","88.08","7d6f1fa7-e326-4382-90c2-9f2e55b95666","2021-08-27 12:44:02.990"
"AEE","88.050","2","88.070","1","-2","88.08","89398852-8701-4476-a08c-16e87828f4cf","2021-08-27 12:44:02.990"
"AEE","88.050","2","88.070","1","-2","88.08","193b9647-49cc-4499-8b7b-2c7bfa64838a","2021-08-27 12:44:02.990"
"AEE","88.050","2","88.070","1","-2","88.08","8f851fe9-2cc7-41e5-a0fa-2a09812c8508","2021-08-27 12:44:02.990"
"AEE","88.080","3","88.100","1","-2","88.10","5316c8ad-5874-40b1-9958-1c396f6472cb","2021-08-27 12:44:12.111"
"AEE","88.090","3","88.120","2","-2","88.12","48ef30ec-7464-40a7-a098-22d18a7a39ec","2021-08-27 12:44:22.575"
"AEE","88.100","1","88.120","4","2","88.05","0b38db7c-259f-414c-a9fc-646ae13e872b","2021-08-27 13:09:22.923"
"AEE","88.110","2","88.140","2","2","88.05","5e42677a-2efb-4450-8d94-aedfc1f88967","2021-08-27 13:09:22.923"
"AEE","88.090","2","88.120","3","2","88.05","ba1d2031-280d-4046-80ee-8b90fdda3c66","2021-08-27 13:09:22.923"
"AEE","88.090","2","88.110","2","-2","88.11","0a051df2-1ef7-45c5-9de0-da041243cdb9","2021-08-27 13:10:11.525"
"AEE","88.090","2","88.110","2","-2","88.11","c5cfa3f6-96a4-4c54-bac8-fbfc16471874","2021-08-27 13:10:11.525"
"AEE","88.070","2","88.110","3","-2","88.12","0882383a-c583-47a3-856c-b41ebf937d2d","2021-08-27 13:10:36.164"
"AEE","88.120","3","88.150","1","2","88.09","b08e9657-3b6b-42ec-97e5-dc84eca19bd8","2021-08-27 13:11:32.962"
"AEE","88.100","2","88.130","3","2","88.06","c316779b-8164-41d3-bdb2-ef21ce8c9ae6","2021-08-27 13:17:24.037"
"AEE","88.080","3","88.120","4","2","88.06","f2095cf8-b37a-4cf0-b622-b6c0d45f778d","2021-08-27 13:17:24.037"
"AEE","88.220","3","88.240","1","2","88.04","78977110-095d-4c6d-ae06-7742029c4ea5","2021-08-27 13:19:04.175"
"AEE","87.960","5","87.990","1","-2","87.99","ce2bf337-9b51-40ce-a8df-57c3a4c78c37","2021-08-27 13:26:55.028"
"AEE","87.960","5","87.990","1","-2","87.99","6511d348-d0d3-4050-95d5-ea8b0da6c6bc","2021-08-27 13:26:55.028"
"AEE","87.980","2","88.000","1","-2","88.00","5a59c2a2-f83e-44a3-99d8-d6508c2386b7","2021-08-27 13:27:16.684"
"AEE","87.970","1","88.000","2","-2","88.00","49331839-6a55-474c-801e-c0bf2b8fa5d8","2021-08-27 13:27:16.684"
"AEE","87.870","1","87.900","3","2","87.88","aeddb3f0-0552-4426-aa69-22974528666d","2021-08-27 14:04:14.802"
"AEE","87.860","2","87.880","2","-2","87.88","a286162a-fcb5-4ad9-b490-fcc231beec6e","2021-08-27 14:07:31.061"
"AEE","88.010","1","88.050","1","2","88.00","628f850c-b88b-432e-bba9-fa28bfa761c8","2021-08-27 14:35:00.025"
"AEE","88.010","2","88.040","1","2","88.00","155ba5ab-b5e0-4893-ac33-8921fd31641e","2021-08-27 14:35:00.025"
"AEE","87.990","1","88.010","1","-2","88.01","fecae66f-97e5-4f2c-8b25-47a71f21d495","2021-08-27 14:42:30.591"
"AEE","87.990","1","88.010","1","-2","88.01","ba3ce181-1a52-404d-bc86-4d62c8790114","2021-08-27 14:42:30.591"
"AEE","88.030","4","88.050","4","2","87.98","d51bf3a5-bd5b-4b29-88cc-2718ad8627ee","2021-08-27 14:58:07.151"
"AEE","88.040","4","88.060","1","2","87.98","56a47585-8bbc-40e5-880b-12fd69896938","2021-08-27 14:58:07.151"
"AEE","88.050","1","88.060","3","2","87.98","bf53062a-e681-48ed-897a-bf4b8ed97e7d","2021-08-27 14:58:07.151"
"AEE","88.050","1","88.060","2","2","87.98","34e1d399-c4b6-4699-84b9-da84b2fbd324","2021-08-27 14:58:07.151"
"AEE","88.050","1","88.060","2","2","87.98","57a2f8b7-ac4b-4b59-a2bc-7bc761649c4e","2021-08-27 14:58:07.151"
"AEE","88.020","3","88.050","1","2","87.98","fd953cf1-7f87-4038-b204-a615432cf883","2021-08-27 14:58:07.151"
"AEE","88.020","3","88.050","1","2","87.98","93834d52-3d10-482c-bc58-77154265d914","2021-08-27 14:58:07.151"
"AEE","88.010","3","88.020","3","-2","88.02","e58be03a-299a-4a69-8dcd-2b6bb2d16cd3","2021-08-27 14:58:51.064"
"AEE","88.010","3","88.020","3","-2","88.02","af8c8e0f-ef4f-447a-bb18-4fceb49c7e26","2021-08-27 14:58:51.064"
"AEE","88.010","3","88.020","3","-2","88.02","a59f32e4-94b8-4bc4-b640-aabe1bad90a1","2021-08-27 14:58:51.064"
"AEE","88.010","3","88.020","4","-2","88.02","fdd294a2-8d37-45e1-a643-14535095534b","2021-08-27 14:59:04.736"
"AEE","88.010","3","88.020","4","-2","88.02","e834f7de-9b0f-43c8-b0fc-2f859147e9d6","2021-08-27 14:59:04.736"
"AEE","88.020","7","88.050","4","-2","88.05","7cb4dea5-183e-4ec8-8fb6-6554a09c9f36","2021-08-27 14:59:12.982"
"AEE","88.030","3","88.050","3","-2","88.05","804114ae-d901-45ff-834a-364cf78ebe93","2021-08-27 14:59:25.096"
"AEE","88.150","3","88.170","7","2","88.11","eaa66619-ad9a-49cf-aad9-0d11e5929ed6","2021-08-27 15:30:06.137"
"AEE","88.150","1","88.170","7","2","88.11","98616fb7-b92a-4a12-a314-ece977ae541e","2021-08-27 15:30:06.137"
"AEE","88.140","1","88.160","4","2","88.11","e58d1887-bf9b-4cf2-8b49-4616bd46fcb2","2021-08-27 15:30:06.137"
"AEE","88.150","2","88.170","8","2","88.11","e713ad58-eeef-4200-ae3f-8f8fda93a2a1","2021-08-27 15:30:06.137"
"AEE","88.130","2","88.140","1","2","88.11","4c68527f-022e-4014-b487-2afd200ca2ec","2021-08-27 15:30:06.137"
"AEE","88.150","2","88.170","1","2","88.08","b2471e0f-bc66-4919-bd97-050e08aa4a37","2021-08-27 15:30:28.433"
"AEE","88.130","2","88.150","4","2","88.08","13d435ca-a63a-498e-941a-db6af2a8875b","2021-08-27 15:30:28.433"
"AEE","88.150","2","88.170","8","2","88.08","c6b6e22c-8015-45f6-be05-4ff2d39977ce","2021-08-27 15:30:28.433"
"AEE","88.150","2","88.170","8","2","88.08","ad82f15b-b59d-4887-a727-ffb111cb6eea","2021-08-27 15:30:28.433"
"AEE","88.140","1","88.160","2","2","88.08","e1ea3889-38ef-443b-9004-5e871750fdb8","2021-08-27 15:30:28.433"
"AEE","88.150","2","88.180","4","2","88.06","ca810b0f-6ab3-402a-a834-2f72c0287c7b","2021-08-27 15:30:33.016"
"AEE","88.150","3","88.170","3","2","88.06","8e771f9e-2a9e-4e59-97c6-70565071aa75","2021-08-27 15:30:33.016"
"AEE","88.160","1","88.180","9","2","88.06","91648430-340e-4747-94f5-e7b13e10306c","2021-08-27 15:30:33.016"
"AEE","88.160","1","88.180","9","2","88.06","31328857-bc8f-4cd9-9daa-98dc054ac50a","2021-08-27 15:30:33.016"
"AEE","88.240","1","88.250","4","-28","88.24","6da71a94-2c8f-4afa-bca8-bb5a93279d13","2021-08-27 15:48:00.006"
"ACI","28.230","1","28.240","2","4","28.22","acae1680-eb48-4844-adf0-e8a8f520e08d","2021-08-27 11:13:00.108"
"ACI","28.220","1","28.240","21","4","28.20","fbd65ee7-810e-45b6-9984-b40fe53c4b3d","2021-08-27 11:15:08.467"
"ACI","28.230","4","28.260","6","4","28.20","f6be9290-4563-401e-8abf-565554de157a","2021-08-27 11:15:08.467"
"ACI","28.260","1","28.280","7","4","28.20","00c0da02-6a3c-4b1c-922f-633ba5a1a732","2021-08-27 11:15:08.467"
"ACI","28.230","2","28.250","3","-4","28.25","1be844d2-203a-4972-a6e8-c1323a619b9c","2021-08-27 11:16:47.180"
"ACI","28.230","2","28.250","3","-4","28.25","a166bb4e-29ce-4f4c-8e4d-0f395494773d","2021-08-27 11:16:47.180"
"ACI","28.230","2","28.250","3","-4","28.25","c6c6a4c3-152a-4c61-ba70-e448eb493748","2021-08-27 11:17:05.559"
"ACI","28.230","1","28.250","2","-4","28.25","56f12a04-3056-4273-a787-519eff10e64e","2021-08-27 11:17:37.881"
"ACI","28.410","2","28.430","4","4","28.41","5ef842e9-ae65-4805-ba49-e39df11ee3a2","2021-08-27 12:05:24.351"
"ACI","28.440","3","28.470","6","-4","28.47","0aef614d-ebe4-4976-8d56-fe71cfc0c30c","2021-08-27 12:09:53.523"
"ACI","28.610","4","28.630","2","4","28.48","48ee0c6f-0920-4e75-b328-214dff45b9e0","2021-08-27 12:51:16.426"
"ACI","28.630","6","28.640","2","4","28.48","9e891e5b-4733-43f4-aa41-afaf2d8919b5","2021-08-27 12:51:16.426"
"ACI","28.630","6","28.640","2","4","28.48","ec4f9c94-78fc-4c25-b3f6-2d0584245d44","2021-08-27 12:51:16.426"
"ACI","28.580","1","28.610","4","4","28.48","7d35f98a-1ef9-4a44-99b0-903cf1d0e692","2021-08-27 12:51:16.426"
"ACI","28.530","2","28.560","4","4","28.48","661644c3-ab66-4cfc-98e1-57c5ff8c75ec","2021-08-27 12:51:16.426"
"ACI","28.530","2","28.560","4","4","28.48","5584421f-59b0-4ddb-bd7d-2b55cd6cc64d","2021-08-27 12:51:16.426"
"ACI","28.530","2","28.560","4","4","28.48","74141287-2419-44db-8b58-993ad9c82574","2021-08-27 12:51:16.426"
"ACI","28.530","3","28.560","4","4","28.48","39a729db-2e81-4d68-8dc2-44943ba97e33","2021-08-27 12:51:16.426"
"ACI","28.530","3","28.560","4","4","28.48","a9182457-fe5c-4224-a227-81372c56a200","2021-08-27 12:51:16.426"
"ACI","28.530","2","28.560","4","4","28.48","bf508e34-27b8-4a1a-a814-e2fe315af802","2021-08-27 12:51:16.426"
"ACI","28.500","1","28.530","3","4","28.48","e7e244ac-4233-4469-9dc3-c81046efdf20","2021-08-27 12:51:16.426"
"ACI","28.500","3","28.530","3","4","28.48","a4e59317-bee3-4356-9644-18db0a2f60f1","2021-08-27 12:51:16.426"
"ACI","28.490","2","28.510","2","-4","28.51","9044993f-3a41-47ba-9041-688a77b785f5","2021-08-27 12:54:10.519"
"ACI","28.490","2","28.510","2","-4","28.51","1cb0e1c6-4ff6-44be-a16f-0467406429bf","2021-08-27 12:54:10.519"
"ACI","28.490","2","28.510","2","-4","28.51","496f13cf-ae98-4b0e-bc10-aff46e7922f6","2021-08-27 12:54:10.519"
"ACI","28.490","2","28.510","2","-4","28.51","5e7a7aab-fdc1-4b23-8f7e-0544a6b3b5a3","2021-08-27 12:54:10.519"
"ACI","28.490","2","28.510","4","-4","28.51","786e66a5-f372-4579-9048-edb4b462ca53","2021-08-27 12:54:29.322"
"ACI","28.490","2","28.510","4","-4","28.51","aeda94e9-8df3-48fc-908b-9c76c6ac931e","2021-08-27 12:54:29.322"
"ACI","28.490","2","28.510","4","-4","28.51","efc93161-3ee5-4c6e-b3fa-668375781fb0","2021-08-27 12:54:29.322"
"ACI","28.490","2","28.510","4","-4","28.51","a7bd01b5-bb86-4543-b3f5-82a1cff99d94","2021-08-27 12:54:29.322"
"ACI","28.490","1","28.510","3","-4","28.51","ec8374c2-779d-4a61-859b-506171a9cecd","2021-08-27 12:55:19.524"
"ACI","28.490","1","28.510","3","-4","28.51","bc7d6e47-68b2-44dc-8ec6-e8c911a96e8b","2021-08-27 12:55:19.524"
"ACI","28.490","3","28.510","1","-4","28.51","e8af0df8-3a6e-4082-95ed-6e87932dd7b8","2021-08-27 12:55:23.767"
"ACI","28.510","4","28.520","1","-4","28.52","49b82ca8-2fed-46d5-a52c-0315399ee315","2021-08-27 12:57:02.751"
"ACI","28.500","3","28.530","2","4","28.50","64671733-6ba4-4f6e-b071-344eb06cdbcf","2021-08-27 13:03:20.818"
"ACI","28.520","2","28.540","3","4","28.50","7c6a8cd0-b5f6-460c-b256-9b1d0d28847e","2021-08-27 13:03:20.818"
"ACI","28.490","2","28.510","8","-4","28.51","dbe3700c-4bcd-41b5-a665-d7f4169d2ba0","2021-08-27 13:08:33.128"
"ACI","28.490","3","28.510","5","-4","28.51","139ac59d-3eaa-428d-a065-5e63163a70ee","2021-08-27 13:08:57.280"
"ACI","28.530","2","28.540","2","4","28.48","55d2e4f2-286f-43fb-a695-f5b3f1a52afd","2021-08-27 13:42:28.449"
"ACI","28.530","2","28.540","2","4","28.48","d539505d-837e-4782-8f69-abd0dcdbc1b2","2021-08-27 13:42:28.449"
"ACI","28.530","2","28.540","2","4","28.48","8c7150b8-d96f-4ea0-8824-d463ea6a6656","2021-08-27 13:42:28.449"
"ACI","28.530","2","28.540","2","4","28.48","21c21a63-a134-431c-82fa-410459807028","2021-08-27 13:42:28.449"
"ACI","28.530","5","28.540","3","4","28.48","6201f25e-4c1a-4304-bb75-662c37d8e5b4","2021-08-27 13:42:28.449"
"ACI","28.530","2","28.540","7","4","28.48","1ea8e6b0-15b1-47ac-81ea-39c49cc6c5ea","2021-08-27 13:42:28.449"
"ACI","28.530","2","28.540","7","4","28.48","eaf64c41-4c14-4c08-989d-9d83793e337b","2021-08-27 13:42:28.449"
"ACI","28.530","2","28.540","8","4","28.48","5ba4b927-81e7-468d-b13b-178be2f4c87c","2021-08-27 13:42:28.449"
"ACI","28.520","3","28.530","4","4","28.48","f2a6e20b-7017-4942-ab18-c95cba89fc8c","2021-08-27 13:42:28.449"
"ACI","28.520","3","28.530","4","4","28.48","a5ab93f1-91af-4600-aadd-5cca8b4a6673","2021-08-27 13:42:28.449"
"ACI","28.390","1","28.420","4","-4","28.42","688bf1b6-8035-4eb0-82bb-3bee6fa77612","2021-08-27 13:46:53.346"
"ACI","28.390","1","28.420","4","-4","28.42","a3bfefe4-4f2d-4c41-b413-9482e323d855","2021-08-27 13:46:53.346"
"ACI","28.390","1","28.420","4","-4","28.42","141a06dd-4d0b-426c-a425-7e160827b9e1","2021-08-27 13:46:53.346"
"ACI","28.390","1","28.420","4","-4","28.42","f7784498-7eb4-488d-9d88-4b5fd8e6db60","2021-08-27 13:46:53.346"
"ACI","28.390","1","28.420","4","-4","28.42","5530f943-2ff9-45a4-94fa-1fd988392149","2021-08-27 13:46:53.346"
"ACI","28.390","1","28.420","4","-4","28.42","86a47f24-121f-4723-b4be-cf5169f4aff5","2021-08-27 13:46:53.346"
"ACI","28.390","1","28.420","4","-4","28.42","92cbfbc9-6ddc-40b5-bd40-f51cf83babda","2021-08-27 13:46:53.346"
"ACI","28.390","1","28.420","4","-4","28.42","7276cb15-f64c-487f-9679-df03fefec717","2021-08-27 13:46:53.346"
"ACI","28.380","3","28.400","1","-4","28.40","4badc4dc-ade9-4024-b598-c3c1299510e6","2021-08-27 13:53:57.022"
"ACI","28.380","3","28.400","1","-4","28.40","fe268cdc-66cb-441e-9d9f-bea2a0328a85","2021-08-27 13:53:57.022"
"ACI","28.410","1","28.430","2","4","28.43","d381bd97-e74a-4c88-a8df-8f8b82036817","2021-08-27 14:00:10.006"
"ACI","28.350","6","28.370","5","-4","28.37","21c639bb-fab6-4bcf-ba1e-1ee6e74e3b7c","2021-08-27 14:07:56.407"
"ACI","28.420","5","28.430","1","4","28.39","1936a924-ed38-4033-8e00-79dec786a299","2021-08-27 14:32:36.654"
"ACI","28.420","5","28.430","1","4","28.39","c5f1b2ac-2543-4800-8909-d32a942283b2","2021-08-27 14:32:36.654"
"ACI","28.420","5","28.430","1","4","28.39","6483a3c2-357c-432d-b2b2-1cd4b5205154","2021-08-27 14:32:36.654"
"ACI","28.430","3","28.440","1","4","28.39","d0941740-2480-4585-847c-f8fdd2bee5f8","2021-08-27 14:32:36.654"
"ACI","28.430","3","28.440","1","4","28.39","5b242c16-1ab4-4923-9a80-76282411186e","2021-08-27 14:32:36.654"
"ACI","28.400","2","28.420","4","-4","28.42","73dad396-4e78-4e46-a16a-e2802d7658ff","2021-08-27 14:41:38.018"
"ACI","28.400","2","28.420","4","-4","28.42","47dc4008-5030-4e8e-8e3e-33daef79d7b0","2021-08-27 14:41:38.018"
"ACI","28.410","1","28.420","1","-4","28.42","86572d25-553a-48cc-a6bc-55a2f13b31cd","2021-08-27 14:42:57.225"
"ACI","28.400","5","28.420","3","-4","28.42","83a594a9-5559-4b7d-9357-93761a75f7bd","2021-08-27 14:42:57.225"
"ACI","28.400","6","28.420","3","-4","28.42","36736784-4e12-46a1-8e4b-4510b492bc3f","2021-08-27 14:42:57.225"
"ACI","28.420","3","28.430","3","4","28.36","18ad980a-6729-47be-b691-774caab03281","2021-08-27 14:45:01.603"
"ACI","28.420","3","28.430","3","4","28.36","9f6b9538-ac4c-4444-a68a-ae0eed0e02e5","2021-08-27 14:45:01.603"
"ACI","28.420","3","28.430","2","4","28.36","168af74a-f223-490d-947c-9810e2645010","2021-08-27 14:45:01.603"
"ACI","28.420","3","28.430","1","4","28.36","0bd3cf64-e248-4505-af56-7beff6c003bd","2021-08-27 14:45:01.603"
"ACI","28.420","3","28.430","1","4","28.36","9e3de51b-6cf1-4f67-ac93-d131cda02e86","2021-08-27 14:45:01.603"
"ACI","28.420","5","28.430","1","4","28.36","7ca6b9b8-66b8-4a57-b0ab-3279d885efbf","2021-08-27 14:45:01.603"
"ACI","28.420","4","28.430","2","4","28.36","7e11748a-cb56-4be1-9d54-ea217b966dc3","2021-08-27 14:45:01.603"
"ACI","28.420","5","28.430","2","4","28.36","0508b66b-5f81-4bf0-b2d1-262573ee3ce2","2021-08-27 14:45:01.603"
"ACI","28.420","5","28.430","1","4","28.36","6d0e8d94-73b9-463d-ad01-fabdc579f45e","2021-08-27 14:45:01.603"
"ACI","28.330","1","28.350","3","-4","28.35","83763cff-0433-4d52-968c-19f0970bc961","2021-08-27 14:47:57.046"
"ACI","28.350","1","28.360","2","-4","28.36","b37f0251-a9d9-4c0c-a1b5-57c4f05961e2","2021-08-27 14:47:57.046"
"ACI","28.350","1","28.360","2","-4","28.36","0138341e-1724-4a08-b5c0-d6715f1b9890","2021-08-27 14:47:57.046"
"ACI","28.350","1","28.360","2","-4","28.36","11b202b8-ac9f-479b-bcbe-2e18a0ddbd4b","2021-08-27 14:47:57.046"
"ACI","28.350","1","28.360","2","-4","28.36","45669592-d877-4074-8363-42d9ffbc5be7","2021-08-27 14:47:57.046"
"ACI","28.350","48","28.370","2","-4","28.37","40fe3c63-6ae7-48b0-8ea5-027727caedbe","2021-08-27 14:48:25.574"
"ACI","28.350","48","28.370","2","-4","28.37","08274a18-1944-48ef-a5cb-db84cb3dd855","2021-08-27 14:48:25.574"
"ACI","28.350","48","28.370","2","-4","28.37","24f39310-7bef-4bcb-bae7-3e82a7c154c6","2021-08-27 14:48:25.574"
"ACI","28.350","48","28.370","2","-4","28.37","5a121f12-87f5-4c1a-811c-845c042866fa","2021-08-27 14:48:25.574"
"ACI","28.350","4","28.370","1","4","28.32","76ac0835-b902-4aac-90de-8c069a422264","2021-08-27 15:26:58.469"
"ACI","28.350","4","28.370","1","4","28.32","89aa601e-bb8d-4227-b3fb-41957711a324","2021-08-27 15:26:58.469"
"ACI","28.350","4","28.370","1","4","28.32","879963aa-c0eb-49ff-a86b-557ec4d8bad5","2021-08-27 15:26:58.469"
"ACI","28.350","4","28.370","1","4","28.32","79783470-dc1b-4cd3-8ea4-483a8a27b89a","2021-08-27 15:26:58.469"
"ACI","28.350","4","28.370","1","4","28.32","5b3941dc-58aa-4286-899c-6ffb3c11d5d4","2021-08-27 15:26:58.469"
"ACI","28.350","5","28.370","3","4","28.32","8e07041a-6101-429a-ad8f-7ad115639e67","2021-08-27 15:26:58.469"
"ACI","28.350","4","28.370","3","4","28.32","f6187e52-7b29-4a5c-a395-0a3db9005c57","2021-08-27 15:26:58.469"
"ACI","28.350","4","28.370","3","4","28.32","31179355-a20c-46f2-a770-63c20460b4f7","2021-08-27 15:26:58.469"
"ACI","28.360","2","28.370","3","4","28.32","b8d83b49-19a3-46ee-985d-a27ee75ddf9d","2021-08-27 15:26:58.469"
"ACI","28.360","2","28.370","3","4","28.32","bee64005-72be-4c40-9b35-a9add622355a","2021-08-27 15:26:58.469"
"ACI","28.350","1","28.350","1","4","28.32","98d49ad8-7120-4f87-a29b-e59cd89bb386","2021-08-27 15:26:58.469"
"ACI","28.350","1","28.350","1","4","28.32","058e14cb-c315-44e5-bfcb-20c9f5dac83b","2021-08-27 15:26:58.469"
"ACI","28.340","2","28.360","7","4","28.32","5bf6bd5d-605e-453e-ac06-455521115f6b","2021-08-27 15:26:58.469"
"ACI","28.340","2","28.350","5","4","28.32","37952cb1-138e-4a1b-835a-dc8a74253198","2021-08-27 15:26:58.469"
"ACI","28.340","2","28.350","5","4","28.32","82381fa0-d25a-43eb-9364-f6a82f4ff6da","2021-08-27 15:26:58.469"
"ACI","28.330","4","28.350","3","-4","28.35","fbf8db7a-0f73-4537-a7a0-586654532dd9","2021-08-27 15:36:29.941"
"ACI","28.330","4","28.350","3","-4","28.35","961e7ef7-d2df-42c4-8e00-490738034fef","2021-08-27 15:36:29.941"
"ACI","28.330","4","28.350","3","-4","28.35","f1645240-569e-4581-af25-eafde83f51f7","2021-08-27 15:36:29.941"
"ACI","28.330","4","28.350","3","-4","28.35","13478c7c-f4b1-41d8-86f3-5479c10ac3c7","2021-08-27 15:36:29.941"
"ACI","28.330","4","28.350","3","-4","28.35","9cb1853e-76b4-48fe-b686-3d61c89998ab","2021-08-27 15:36:29.941"
"ACI","28.460","3","28.470","8","-40","28.46","e6e34138-f577-404a-aa7e-360740719198","2021-08-27 15:48:00.006"
"AAL","20.320","55","20.330","30","5","20.24","de126701-79f5-4927-9f1c-e0d41484fd45","2021-08-27 11:29:17.828"
"AAL","20.320","35","20.330","31","5","20.24","c3a3cae5-45ab-4fb9-98d4-79510766979d","2021-08-27 11:29:17.828"
"AAL","20.310","65","20.320","14","5","20.24","2f2b4dc0-44f0-465e-ae5e-1d64f7ee420f","2021-08-27 11:29:17.828"
"AAL","20.300","65","20.310","37","5","20.24","ca8580b9-f9dc-4967-8224-a72d47ea5dfb","2021-08-27 11:29:17.828"
"AAL","20.290","59","20.300","41","5","20.24","e36fa73f-df76-4875-9656-03a3a61fa288","2021-08-27 11:29:17.828"
"AAL","20.290","40","20.300","50","5","20.24","92356727-a18a-4260-a464-4dc9c0b5dcc8","2021-08-27 11:29:17.828"
"AAL","20.290","46","20.300","47","5","20.24","7eb624e5-d776-4043-b1d0-cc745473fdb6","2021-08-27 11:29:17.828"
"AAL","20.280","33","20.290","52","5","20.24","449d5ccb-c808-404d-bc92-43136c8adf84","2021-08-27 11:29:17.828"
"AAL","20.290","2","20.300","52","5","20.24","089f32d6-9a1c-4a70-8eb1-fe95ef21c1f7","2021-08-27 11:29:17.828"
"AAL","20.280","25","20.290","56","5","20.24","62d3babc-5a55-41d8-a56c-5c569f1cebae","2021-08-27 11:29:17.828"
"AAL","20.280","76","20.290","17","5","20.24","60ea185a-79b3-4b8a-bd0a-bb73bbdbad9c","2021-08-27 11:29:17.828"
"AAL","20.290","11","20.300","189","5","20.24","04897a6f-326b-4869-8715-77eb5a4d3079","2021-08-27 11:29:17.828"
"AAL","20.280","15","20.290","109","5","20.24","e4611629-ddad-4a95-b513-660374015d69","2021-08-27 11:29:17.828"
"AAL","20.280","10","20.290","90","5","20.24","ecfdb57e-d8a0-4607-a9d8-3d434abf61b8","2021-08-27 11:29:17.828"
"AAL","20.280","11","20.290","127","5","20.24","6f7f9f3a-c602-47d0-b518-6373a6997f14","2021-08-27 11:29:17.828"
"AAL","20.230","43","20.240","96","-5","20.24","ae2efe19-9016-4fef-b1f2-1f5583e19d87","2021-08-27 11:30:12.838"
"AAL","20.230","43","20.240","96","-5","20.24","69d10f28-0f32-41f9-a85f-d223a32ce6c3","2021-08-27 11:30:12.838"
"AAL","20.230","43","20.240","96","-5","20.24","cdca740f-585f-4103-bdd6-bd82689d2305","2021-08-27 11:30:12.838"
"AAL","20.230","43","20.240","96","-5","20.24","4281c688-9f83-41a8-92dc-cea64660cef3","2021-08-27 11:30:12.838"
"AAL","20.230","43","20.240","96","-5","20.24","d9a86982-180e-43ea-80ca-725cc30f203f","2021-08-27 11:30:12.838"
"AAL","20.230","43","20.240","96","-5","20.24","d1b8c124-3458-4007-9b87-5aadefa84e23","2021-08-27 11:30:12.838"
"AAL","20.230","43","20.240","96","-5","20.24","137780ee-e947-4b0b-b9a1-a2d7aa432017","2021-08-27 11:30:12.838"
"AAL","20.230","43","20.240","96","-5","20.24","81ab2766-5761-4ba8-a05c-74610da7b781","2021-08-27 11:30:12.838"
"AAL","20.230","26","20.240","105","-5","20.24","5293bca0-668f-4f75-8dc5-efcbc8b6b6af","2021-08-27 11:30:22.206"
"AAL","20.230","26","20.240","105","-5","20.24","490c9c96-b5d9-4354-baf7-6e2f705301b1","2021-08-27 11:30:22.206"
"AAL","20.230","26","20.240","105","-5","20.24","b72407a1-5a0c-495c-8d5c-1766b6b69f63","2021-08-27 11:30:22.206"
"AAL","20.230","26","20.240","105","-5","20.24","5951c0ec-225e-4d6d-9ad6-7c60f44aa207","2021-08-27 11:30:22.206"
"AAL","20.230","44","20.240","105","-5","20.24","b9f0a266-3e20-4177-81fc-674f10d10187","2021-08-27 11:30:35.643"
"AAL","20.230","44","20.240","105","-5","20.24","176ea509-2842-42bb-ab75-c9702b8a7364","2021-08-27 11:30:35.643"
"AAL","20.230","69","20.240","92","-5","20.24","a8de37a2-d61c-42c4-a7e4-dfac11dfba6b","2021-08-27 11:30:43.106"
"AAL","20.300","27","20.310","98","5","20.27","6f5fb18a-a740-4dc9-adda-99c690692cff","2021-08-27 11:38:21.253"
"AAL","20.300","21","20.310","79","5","20.27","671bcb26-d2de-4f57-9629-8c1a978ea4ed","2021-08-27 11:38:21.253"
"AAL","20.260","63","20.270","57","-5","20.27","ab28a02d-dc52-4b60-9bdb-e3c38e1e286f","2021-08-27 11:39:06.319"
"AAL","20.270","33","20.280","84","-5","20.28","46586b9c-ee26-4908-a68b-773680cfab87","2021-08-27 11:39:45.004"
"AAL","20.390","74","20.400","62","5","20.38","18a63e99-e915-4a8f-a074-5af3f7d6b589","2021-08-27 12:29:59.242"
"AAL","20.390","74","20.400","61","5","20.38","243cd947-7d74-40f9-b40b-eaddee341819","2021-08-27 12:29:59.242"
"AAL","20.400","56","20.410","54","5","20.38","9900e84b-3647-4a4c-b71d-e2de10cd37b4","2021-08-27 12:29:59.242"
"AAL","20.390","59","20.400","23","-5","20.40","7bf96b48-4ef0-462d-9427-dd7463d350cb","2021-08-27 12:30:40.824"
"AAL","20.390","59","20.400","23","-5","20.40","73a33ef9-1572-4713-b2cb-dcd2f5266b35","2021-08-27 12:30:40.824"
"AAL","20.390","59","20.400","32","-5","20.40","76d438ca-3811-4c06-aad6-5b8d3a553256","2021-08-27 12:30:52.292"
"AAL","20.400","26","20.410","296","5","20.38","7b1b3c5b-98bc-40d6-adaf-5588c3abf438","2021-08-27 12:34:27.540"
"AAL","20.400","26","20.410","303","5","20.38","97a3f9bb-d958-432e-85d1-da48534d27fe","2021-08-27 12:34:27.540"
"AAL","20.400","64","20.410","313","5","20.38","42d22236-30f4-45d2-8db4-f16d92558d36","2021-08-27 12:34:27.540"
"AAL","20.400","75","20.410","306","5","20.38","b01758a8-0793-4b64-b704-5edc6657e6fd","2021-08-27 12:34:27.540"
"AAL","20.400","42","20.410","315","5","20.38","b8258979-4c93-47ff-b8bd-f9f550846cde","2021-08-27 12:34:27.540"
"AAL","20.390","79","20.400","96","5","20.38","6801dac4-b9c8-4351-b3a3-49baa357fcdb","2021-08-27 12:34:27.540"
"AAL","20.370","67","20.380","38","-5","20.38","64ea8051-1113-4f2e-8d56-fc831a15ddb9","2021-08-27 12:37:03.981"
"AAL","20.350","19","20.360","37","-5","20.36","10f1f1a4-8018-45fa-8d1d-5d92897d1edd","2021-08-27 12:42:20.840"
"AAL","20.350","19","20.360","37","-5","20.36","d69181f7-1123-4f61-b486-195514621742","2021-08-27 12:42:20.840"
"AAL","20.350","19","20.360","37","-5","20.36","d35213fe-31b5-45fb-99d1-44a9a318138d","2021-08-27 12:42:20.840"
"AAL","20.350","105","20.360","13","-5","20.36","34ce9760-78fb-4652-abd7-aca3d4f4da8f","2021-08-27 12:42:30.694"
"AAL","20.350","79","20.360","13","-5","20.36","4ab63305-b2fe-4272-b0d1-401e593bc06c","2021-08-27 12:42:42.930"
"AAL","20.370","37","20.380","134","5","20.37","2a475413-5cb9-436e-8e76-76702d3e3a09","2021-08-27 12:51:23.320"
"AAL","20.380","151","20.390","44","-5","20.39","83c3c7e7-a3db-40ad-b9df-8a00c147c030","2021-08-27 12:55:22.376"
"AAL","20.390","99","20.400","249","5","20.35","dd105095-b711-48c9-96c7-1641219d1697","2021-08-27 12:58:24.763"
"AAL","20.380","70","20.390","42","-5","20.39","97df4d5d-9c40-45b6-9fca-28b35a17df15","2021-08-27 13:02:13.111"
"AAL","20.380","110","20.390","61","5","20.37","f86b9080-34d4-46d1-b2a7-db2160771f85","2021-08-27 13:08:11.023"
"AAL","20.380","67","20.390","70","5","20.36","4d4ad70b-96da-4f4a-951c-562563aaf5cd","2021-08-27 13:08:24.534"
"AAL","20.380","59","20.390","83","5","20.36","1c0f2fc7-7a7b-49ab-9bdc-0269589feb11","2021-08-27 13:08:24.534"
"AAL","20.380","79","20.390","81","5","20.36","c2996046-916b-41b0-b7c5-aaf739538d67","2021-08-27 13:08:24.534"
"AAL","20.380","75","20.390","30","5","20.35","3e4b43e6-831a-438b-8591-c46da05b2a9e","2021-08-27 13:08:26.039"
"AAL","20.380","26","20.390","59","5","20.35","2e3acbdc-d5a7-4b84-ab01-40d2953a5a37","2021-08-27 13:08:26.039"
"AAL","20.380","104","20.390","58","5","20.35","2d851224-8289-4610-a8b1-7027e470dc5d","2021-08-27 13:08:26.039"
"AAL","20.380","57","20.390","53","5","20.35","a396df60-857f-40a4-a055-e8cd0c55d007","2021-08-27 13:08:26.039"
"AAL","20.350","134","20.360","54","-5","20.36","e0371e33-98ae-4a69-86b1-f8d4e9199c71","2021-08-27 13:08:31.502"
"AAL","20.350","134","20.360","44","-5","20.36","bcb2cddf-1f6d-40ec-bf15-67550a704f6a","2021-08-27 13:08:43.482"
"AAL","20.350","134","20.360","44","-5","20.36","798c8365-2a96-4a32-8231-332ab45499ae","2021-08-27 13:08:43.482"
"AAL","20.350","134","20.360","44","-5","20.36","20b99f9f-3ab5-497f-9fb2-5b5b83026037","2021-08-27 13:08:43.482"
"AAL","20.350","134","20.360","44","-5","20.36","6885041f-f82e-4c58-a5a5-d3ae79992845","2021-08-27 13:08:43.482"
"AAL","20.350","108","20.360","97","-5","20.36","edc33310-9d45-43cd-bd5a-8c78c9b2cfc1","2021-08-27 13:09:09.737"
"AAL","20.350","108","20.360","97","-5","20.36","0ccc641d-d9a9-4e12-be6e-c789a8f14486","2021-08-27 13:09:09.737"
"AAL","20.350","109","20.360","86","-5","20.36","435652b0-dc3e-492a-8806-91778bd224e0","2021-08-27 13:09:09.737"
"AAL","20.380","8","20.390","53","5","20.34","4d31d80f-34d5-4065-b1a8-b3ae9a3bf3dd","2021-08-27 13:13:14.687"
"AAL","20.390","87","20.400","42","5","20.33","4a481e4c-eacc-4941-9e5a-4bed7d63c527","2021-08-27 13:16:04.907"
"AAL","20.390","106","20.400","26","5","20.33","bbd0363c-c290-4c95-b1e2-9e7bba971721","2021-08-27 13:16:04.907"
"AAL","20.390","67","20.400","17","5","20.32","266d853f-27e3-4ab0-a422-0b9180be5a2d","2021-08-27 13:16:08.023"
"AAL","20.390","86","20.400","30","5","20.32","550a8f8d-3951-47e0-b918-1f002cd1665c","2021-08-27 13:16:08.023"
"AAL","20.390","69","20.400","29","5","20.32","389a465c-a07e-468d-a181-11a1506c8e00","2021-08-27 13:16:08.023"
"AAL","20.390","72","20.400","61","5","20.32","9c846427-8114-42a0-9499-7e1b5da0d991","2021-08-27 13:16:08.023"
"AAL","20.340","84","20.350","130","-5","20.35","5457f273-c6bc-434b-8432-acbb3135ba8b","2021-08-27 13:27:07.017"
"AAL","20.340","84","20.350","130","-5","20.35","a822271d-f902-4ceb-9cff-8b758d553562","2021-08-27 13:27:07.017"
