"Symbol","Bid","Bid Sz","Ask","Ask Sz","Shares","Price","Order ID","Timestamp"
"AA","18.680","7","18.720","4","18","18.54","1ca8f538-b3fa-47b3-9d65-2e1257512b39","2021-01-29 10:05:14.217"
"AA","18.670","3","18.690","1","18","18.54","1d549530-14bf-4044-8bf5-6dcdee2826ac","2021-01-29 10:05:14.217"
"AA","18.620","1","18.650","2","18","18.54","2613bad5-c28d-48ce-a4a6-80e03d67075e","2021-01-29 10:05:14.217"
"AA","18.630","3","18.650","2","18","18.54","6ac0b1bc-4929-4d2a-b63d-47c96fa2980b","2021-01-29 10:05:14.217"
"AA","18.640","6","18.660","1","18","18.54","4a4f1909-3340-41de-9bb7-7ef2f04a72f2","2021-01-29 10:05:14.217"
"AA","18.650","1","18.660","3","18","18.54","2556ec6d-1cf6-4198-8444-598d340e6113","2021-01-29 10:05:14.217"
"AA","18.630","2","18.650","5","18","18.54","aa6ec949-57c6-4ebb-a64e-384c94376d04","2021-01-29 10:05:14.217"
"AA","18.630","5","18.660","7","18","18.53","9d6072be-5666-40e7-b87a-4002fc8cb823","2021-01-29 10:05:22.278"
"AA","18.620","1","18.630","3","18","18.53","02e9f266-ece1-49c8-9448-b424fea0e9e2","2021-01-29 10:05:22.278"
"AA","18.650","2","18.670","1","18","18.53","9ffd0677-4521-4bd5-ab07-4f480eecf387","2021-01-29 10:05:22.278"
"AA","18.640","3","18.680","3","18","18.53","1c95038c-a39c-4af1-b143-14e53175d99d","2021-01-29 10:05:22.278"
"AA","18.600","51","18.650","1","18","18.53","caa68036-d734-42c2-8ae1-d1a096d9e049","2021-01-29 10:05:22.278"
"AA","18.600","51","18.650","4","18","18.53","a886987c-e6a6-4ad8-b8f6-5cb4c1a3a726","2021-01-29 10:05:22.278"
"AA","18.600","51","18.650","4","18","18.53","0b7b5f32-654f-4a16-ab08-d169b86caf8b","2021-01-29 10:05:22.278"
"AA","18.640","2","18.640","1","18","18.53","1947b6fb-7d88-4ca1-a8bb-6045a0601759","2021-01-29 10:05:22.278"
"AA","18.630","2","18.640","4","18","18.53","5c4f1ae8-74d9-4d42-9fcb-9f1939a33ddc","2021-01-29 10:05:22.278"
"AA","18.620","3","18.640","4","18","18.53","e416980f-7075-4109-821d-e30413da35eb","2021-01-29 10:05:22.278"
"AA","18.470","4","18.480","4","-18","18.48","8bce0dac-47ec-4884-88eb-9ed4aaa273b1","2021-01-29 10:06:30.015"
"AA","18.470","4","18.480","4","-18","18.48","444bada7-3fc7-412b-b2e6-f4fbad075808","2021-01-29 10:06:30.015"
"AA","18.470","4","18.480","4","-18","18.48","a346585c-d2cd-4148-8d4b-ba8a8f31ce84","2021-01-29 10:06:30.015"
"AA","18.470","4","18.480","4","-18","18.48","bb6ee12d-5957-4891-add1-a0c555ea189f","2021-01-29 10:06:30.015"
"AA","18.370","1","18.400","5","-18","18.40","3b0eaba5-b4bf-4dcc-ab81-d37a4c8d3c31","2021-01-29 10:06:54.773"
"AA","18.370","1","18.400","5","-18","18.40","fae95595-00ec-449f-8919-9aeef348bcec","2021-01-29 10:06:54.773"
"AA","18.370","1","18.400","5","-18","18.40","bed50904-17e2-456f-abca-4c6773fe71f5","2021-01-29 10:06:54.773"
"AA","18.380","1","18.400","4","-18","18.40","1357c759-e949-498a-9c6b-4e8dab113106","2021-01-29 10:07:00.052"
"AA","18.380","1","18.400","4","-18","18.40","e462ab44-83d3-4f62-96da-d14a608f0e40","2021-01-29 10:07:00.052"
"AA","18.380","1","18.400","4","-18","18.40","6fb3cb87-8d07-40a8-a3b4-88340a61a67a","2021-01-29 10:07:00.052"
"AA","18.380","1","18.400","4","-18","18.40","64a81392-5de4-4135-941a-04a0cd217921","2021-01-29 10:07:00.052"
"AA","18.380","1","18.400","4","-18","18.40","98bac033-11de-4b9f-bae4-20dd2ee95dea","2021-01-29 10:07:00.052"
"AA","18.410","3","18.430","2","-18","18.43","b6dbf396-4189-4f5c-ad1f-0b869156b2b9","2021-01-29 10:07:12.955"
"AA","18.410","3","18.430","2","-18","18.43","6e97b320-646b-4bd6-b9cf-c984e39ef8bd","2021-01-29 10:07:12.955"
"AA","18.410","3","18.430","2","-18","18.43","44d840d6-3dd5-4cf2-82a1-352ec85e63ea","2021-01-29 10:07:12.955"
"AA","18.380","1","18.420","5","-18","18.42","7a54612e-cf56-4c2e-a874-cf361e078358","2021-01-29 10:08:02.925"
"AA","18.410","3","18.430","3","-18","18.43","520a3d9b-6cb6-409a-b8fb-cc059aab61ee","2021-01-29 10:08:10.237"
"AA","18.470","1","18.480","2","18","18.38","dc442d11-e2dd-45f1-a179-eb302c7507eb","2021-01-29 10:40:00.256"
"AA","18.440","1","18.460","3","18","18.38","5daa6c25-8d21-4a5e-8fbe-6e4bb774337c","2021-01-29 10:40:00.256"
"AA","18.430","11","18.460","2","18","18.38","fa4dd7eb-70aa-498d-bab2-e572850055fb","2021-01-29 10:40:00.256"
"AA","18.440","1","18.460","1","18","18.38","480ff292-5847-400a-bc6e-bfee123e5ef6","2021-01-29 10:40:00.256"
"AA","18.440","3","18.460","1","18","18.38","1d5c83b7-52f5-4ffe-a7a4-b791ab4bc4df","2021-01-29 10:40:00.256"
"AA","18.450","3","18.480","3","18","18.35","67493255-2412-46d4-8372-63fb903be742","2021-01-29 10:41:00.344"
"AA","18.490","7","18.520","1","18","18.35","6f71b35b-092d-430f-82f2-205702531acc","2021-01-29 10:41:00.344"
"AA","18.500","5","18.520","2","18","18.35","e500393b-d239-4055-85e8-7cfdbf7f1b47","2021-01-29 10:41:00.344"
"AA","18.420","4","18.470","3","18","18.35","2d3f95a9-3622-44ca-8c77-f1aefecb74ea","2021-01-29 10:41:00.344"
"AA","18.440","1","18.470","1","18","18.35","8bbd9bbc-302c-42d5-8694-74f4ed57cc21","2021-01-29 10:41:00.344"
"AA","18.430","3","18.440","1","18","18.35","b6839d0a-685f-4aa7-9cfb-ccc94539386f","2021-01-29 10:41:00.344"
"AA","18.350","2","18.360","1","-18","18.36","00679e7c-8b65-402f-bf02-b5bdc0102a24","2021-01-29 10:41:50.021"
"AA","18.350","2","18.360","1","-18","18.36","68c26644-3a38-4355-9079-79897a113581","2021-01-29 10:41:50.021"
"AA","18.350","2","18.360","1","-18","18.36","d6b0c0f7-7c33-4f9f-939c-28de11a24aa4","2021-01-29 10:41:50.021"
"AA","18.360","3","18.380","6","-18","18.38","e91596f2-e6bc-47d7-aaee-33c29ed74ef2","2021-01-29 10:42:36.172"
"AA","18.360","3","18.380","6","-18","18.38","7d98d10b-67f0-443a-b606-eb393fc9e47d","2021-01-29 10:42:36.172"
"AA","18.370","4","18.390","2","-18","18.39","c84090c2-3360-481f-acdf-230a21c59218","2021-01-29 10:43:32.294"
"AA","18.370","4","18.390","2","-18","18.39","4e8a44fc-de8e-494f-bc3a-60502e87d7fb","2021-01-29 10:43:32.294"
"AA","18.370","7","18.390","1","-18","18.39","28332920-3624-4763-b072-3d64d621bf27","2021-01-29 10:43:45.137"
"AA","18.370","7","18.390","1","-18","18.39","a62ca309-f9a4-48d3-bf8b-7900acc6e5d9","2021-01-29 10:43:45.137"
"AA","18.320","1","18.340","2","-18","18.34","1fc2bf2b-8d02-46f7-8a5d-2cbc1f3d731e","2021-01-29 10:44:30.473"
"AA","18.300","13","18.320","3","-18","18.32","11893873-0b6a-47ff-b7a2-772a68039d7b","2021-01-29 10:45:11.659"
"AA","18.320","2","18.330","6","18","18.30","372173f2-0781-4db4-aaa4-a9651338d5ae","2021-01-29 11:06:17.415"
"AA","18.330","6","18.350","2","-18","18.35","7d5a973d-7603-4aa2-bce5-9efc0cb0da50","2021-01-29 11:06:37.108"
"AA","18.320","2","18.350","5","18","18.31","9bf2021e-2508-45f5-ae64-f153f9bde4ff","2021-01-29 11:09:00.850"
"AA","18.330","1","18.350","2","18","18.30","c903acbd-408f-4e1f-aff5-9479fcc25173","2021-01-29 11:09:01.868"
"AA","18.310","1","18.320","2","-18","18.32","db18bea1-ae47-4e35-bd47-d71a5abcc174","2021-01-29 11:10:22.526"
"AA","18.280","2","18.290","3","-18","18.29","7e4b3bcc-512f-427f-a6a9-39dc9f67cb3f","2021-01-29 11:11:43.395"
"AA","18.340","6","18.380","1","18","18.27","85c1ef62-3777-4a17-933e-f192d2dad267","2021-01-29 11:29:31.114"
"AA","18.270","4","18.290","3","-18","18.29","36630b5c-cc9e-429d-ae4a-a1922a9fbf8b","2021-01-29 11:30:10.198"
"AA","18.300","2","18.310","3","18","18.25","787be35d-f7da-4b8d-a4c7-491071b94dd7","2021-01-29 11:32:48.974"
"AA","18.300","3","18.310","1","18","18.25","b0c316b8-2ca5-442d-937f-82fb7d2147a1","2021-01-29 11:32:48.974"
"AA","18.300","3","18.320","1","18","18.25","ad7d7223-fc5b-4a1c-8495-597b989a8d1a","2021-01-29 11:32:48.974"
"AA","18.300","3","18.320","1","18","18.25","53d3bd41-7049-45ae-bcd2-19ab81b9bf49","2021-01-29 11:32:48.974"
"AA","18.320","5","18.340","2","18","18.25","9e405434-396a-4c7a-865e-d19cfdcb0ba7","2021-01-29 11:32:48.974"
"AA","18.320","11","18.340","2","18","18.25","71df1bac-2898-43db-9c90-9b17e68bc6e6","2021-01-29 11:32:48.974"
"AA","18.320","12","18.350","1","18","18.25","dd7939ff-f238-4fdf-92fe-8bde06d89119","2021-01-29 11:32:48.974"
"AA","18.330","5","18.350","1","18","18.25","e209f73b-4435-4a15-8e48-f2cc4a9cebc4","2021-01-29 11:32:48.974"
"AA","18.370","2","18.390","3","18","18.25","b7dd72f2-8b22-4329-9388-09ac8fc5c0dd","2021-01-29 11:32:48.974"
"AA","18.360","2","18.370","4","18","18.25","7b826fd2-3b8e-4e3e-9753-f723a38bfdda","2021-01-29 11:32:48.974"
"AA","18.380","1","18.390","15","18","18.25","725d8b35-6e67-4539-ae9f-3bbafa63a0ae","2021-01-29 11:32:48.974"
"AA","18.400","5","18.430","2","18","18.23","7d3926c0-24c2-4584-83e8-9fef932a3023","2021-01-29 11:33:20.207"
"AA","18.390","3","18.410","2","18","18.23","6bb2bcdb-96b3-4bd5-a767-dcfba12af623","2021-01-29 11:33:20.207"
"AA","18.420","4","18.430","1","18","18.23","37613b8c-b8a3-4723-a9fc-15199ac93291","2021-01-29 11:33:20.207"
"AA","18.410","5","18.420","3","18","18.23","2fdb5b61-85f7-4f65-92cb-94023a543114","2021-01-29 11:33:20.207"
"AA","18.390","3","18.410","3","18","18.23","f715a8e3-8eb4-44b3-8256-d04a348f31ed","2021-01-29 11:33:20.207"
"AA","18.390","3","18.410","2","18","18.23","84ed2065-e7e5-486c-8516-f475b342773d","2021-01-29 11:33:20.207"
"AA","18.210","3","18.230","2","-18","18.23","31bb634c-9105-45ef-8b2b-c3ce9cba062f","2021-01-29 11:33:41.478"
"AA","18.210","3","18.230","2","-18","18.23","09fad066-5969-49fd-a7c0-134894e3212b","2021-01-29 11:33:41.478"
"AA","18.210","3","18.230","2","-18","18.23","6306b9e3-252e-4d7c-9cc4-a6a808c53073","2021-01-29 11:33:41.478"
"AA","18.210","3","18.230","2","-18","18.23","59d62300-b740-47e7-a222-7c6d2b280115","2021-01-29 11:33:41.478"
"AA","18.210","3","18.230","2","-18","18.23","f93fadc3-3b81-4079-a60f-a9919b70e126","2021-01-29 11:33:41.478"
"AA","18.210","3","18.230","2","-18","18.23","ada2e573-5578-4afd-836e-8e9b52a73525","2021-01-29 11:33:41.478"
"AA","18.210","3","18.230","2","-18","18.23","2e9c014c-ee0b-4d5f-80e9-14fa553c690b","2021-01-29 11:33:41.478"
"AA","18.210","3","18.230","2","-18","18.23","fe5b74e9-4dd0-44a2-b74c-92efb6395b67","2021-01-29 11:33:41.478"
"AA","18.220","3","18.240","3","-18","18.24","5fae88ec-fe96-4052-b687-338d51758089","2021-01-29 11:33:41.529"
"AA","18.240","2","18.250","3","-18","18.25","97898db9-5269-4e43-a2e7-1d83885a2c09","2021-01-29 11:33:52.803"
"AA","18.240","2","18.250","3","-18","18.25","4c417f37-4bf0-46ed-bc2f-55e58939e4f1","2021-01-29 11:33:52.803"
"AA","18.240","2","18.250","3","-18","18.25","f6d3997b-1da9-4ab6-aef5-a927a1405c06","2021-01-29 11:33:52.803"
"AA","18.240","2","18.250","3","-18","18.25","961fd7ed-66b6-4911-b388-4821b39b9fbe","2021-01-29 11:33:52.803"
"AA","18.240","5","18.260","3","-18","18.26","9e1bd7e9-73f7-4f3b-b708-ee74439d1545","2021-01-29 11:34:11.469"
"AA","18.240","2","18.250","2","-18","18.25","c57078f9-71ee-4b2a-b674-e10cc7208ad7","2021-01-29 11:34:42.093"
"AA","18.230","6","18.250","3","-18","18.25","46ff2f36-b54b-4b7a-b71c-d5ba468aa245","2021-01-29 11:34:52.212"
"AA","18.220","25","18.230","3","-18","18.23","5a396fa3-7f96-40fa-adf6-478622538366","2021-01-29 11:35:00.384"
"AA","18.260","7","18.280","3","18","18.23","423a0f06-569f-4b22-b20d-bdbd1d941f63","2021-01-29 12:08:04.498"
"AA","18.260","7","18.280","3","18","18.23","11da4c90-4a87-4a21-ab97-07759a7c99d2","2021-01-29 12:08:04.498"
"AA","18.260","7","18.280","3","18","18.23","236ac782-a575-4b6f-b35d-48c7bb2dae74","2021-01-29 12:08:04.498"
"AA","18.240","8","18.260","2","-18","18.26","328546c3-2308-4ee0-be9c-c3759c6e8ac9","2021-01-29 12:09:33.729"
"AA","18.250","3","18.260","4","-18","18.26","52ef0990-0796-42da-b218-9dd9dfbbda99","2021-01-29 12:10:07.885"
"AA","18.250","4","18.270","3","-18","18.27","7f2df74e-ea35-443f-9115-4a43042506f6","2021-01-29 12:10:18.572"
"AA","18.270","2","18.280","2","18","18.22","35110c81-ad4f-4117-8ac9-76c571d57dc5","2021-01-29 12:15:03.352"
"AA","18.270","2","18.280","6","18","18.22","abc232f7-f401-4ae4-8e28-c55e50704173","2021-01-29 12:15:03.352"
"AA","18.240","3","18.250","2","18","18.21","7f889d94-2e47-443e-ade4-dd6615dd2993","2021-01-29 12:15:14.690"
"AA","18.240","2","18.250","5","18","18.21","87e85211-f745-4980-86ac-aa49a9c42500","2021-01-29 12:15:14.690"
"AA","18.270","3","18.280","2","18","18.21","c431ecc7-9d31-4b44-9b4e-c839efdc7bef","2021-01-29 12:15:14.690"
"AA","18.270","2","18.280","6","18","18.21","511d598c-3f0b-43e8-9452-50b198c6b849","2021-01-29 12:15:14.690"
"AA","18.270","1","18.280","4","18","18.20","42707c79-162d-47c6-a412-49888ec88f86","2021-01-29 12:15:14.690"
"AA","18.270","3","18.280","5","18","18.19","d83c039e-bcec-45c3-88ce-34a9cf5a0d7f","2021-01-29 12:15:32.697"
"AA","18.270","3","18.280","5","18","18.19","38eb2516-fa3d-434c-bc0e-ff88b489bdd5","2021-01-29 12:15:32.697"
"AA","18.260","3","18.270","4","18","18.19","3412b8ca-edc3-4514-95f8-7b7f83dc3515","2021-01-29 12:15:32.697"
"AA","18.180","6","18.190","5","-18","18.19","167a0b9e-e442-44fe-b17e-46d2784b5ead","2021-01-29 12:15:42.431"
"AA","18.180","6","18.190","5","-18","18.19","562aee39-571c-493b-981e-59df3565ab13","2021-01-29 12:15:42.431"
"AA","18.190","3","18.200","6","-18","18.20","b8afa02d-9944-42c6-bc44-be49cc394b3e","2021-01-29 12:16:06.847"
"AA","18.190","3","18.200","6","-18","18.20","09f32622-6ef1-49ef-805c-4e1f7a8032bb","2021-01-29 12:16:06.847"
"AA","18.190","3","18.210","8","-18","18.21","8f45d124-f223-4b96-8941-621b9d5a5faf","2021-01-29 12:16:19.062"
"AA","18.190","3","18.210","8","-18","18.21","84296365-019f-43e6-b228-11e2ad88b759","2021-01-29 12:16:19.062"
"AA","18.190","3","18.210","8","-18","18.21","bb0f4fbb-5a89-4817-83dc-bbd9e5e4d558","2021-01-29 12:16:19.062"
"AA","18.190","5","18.210","5","-18","18.21","f7ebd929-cd26-4709-b7e5-c8ac3d6da98b","2021-01-29 12:16:40.824"
"AA","18.210","4","18.220","4","-18","18.22","371155f4-0abc-4b4e-8119-eef15c5f7145","2021-01-29 12:16:59.228"
"AA","18.190","5","18.210","3","-18","18.22","fc92bd03-270c-4854-9f39-83a8738fc098","2021-01-29 12:16:59.228"
"AA","18.270","3","18.280","4","18","18.18","56983e96-d965-4c57-abb1-858123e50b8c","2021-01-29 12:19:44.834"
"AA","18.270","3","18.290","4","18","18.18","3602d99f-c618-4b95-b18b-a1bf0d92fb41","2021-01-29 12:19:44.834"
"AA","18.270","10","18.290","3","18","18.18","4fc90f9f-1775-453e-a646-b70fddd2b146","2021-01-29 12:19:44.834"
"AA","18.280","3","18.290","1","18","18.18","3cee3020-9884-470a-ad62-dc413d8e8a8f","2021-01-29 12:19:44.834"
"AA","18.280","3","18.290","1","18","18.18","60eba86a-cdb9-423a-8d89-8e3b5d0f432b","2021-01-29 12:19:44.834"
"AA","18.270","4","18.280","2","18","18.18","e9e1f6fa-a087-45fd-92df-5f959c63fbd1","2021-01-29 12:19:44.834"
"AA","18.170","2","18.180","4","-18","18.18","3183d062-cea3-49c3-8139-ec6e120f3845","2021-01-29 12:20:10.059"
"AA","18.170","2","18.180","4","-18","18.18","462af47f-566a-483c-a752-443b89fb795c","2021-01-29 12:20:10.059"
"AA","18.170","2","18.180","4","-18","18.18","9a0f24b2-df3c-4013-9b99-2f16aff2dac2","2021-01-29 12:20:10.059"
"AA","18.170","4","18.180","3","-18","18.18","f28e5c29-3050-41da-98ab-6edacec504e9","2021-01-29 12:20:10.059"
"AA","18.170","4","18.180","3","-18","18.18","71bdb48e-d768-41eb-b1d8-a05bdf133c4b","2021-01-29 12:20:10.059"
"AA","18.140","9","18.160","5","-18","18.16","0970df09-785f-4a54-a387-04b7c374f22d","2021-01-29 12:21:43.539"
"AA","18.070","2","18.100","7","18","17.98","b7396970-2e48-4fd1-ab5b-fc93c13dc1f5","2021-01-29 13:12:02.367"
"AA","18.080","3","18.110","6","18","17.98","0408de67-f2c0-451b-94bf-896a0aa3d224","2021-01-29 13:12:02.367"
"AA","18.080","3","18.110","7","18","17.98","72d1849a-0d8a-4c5f-9927-c4777386398a","2021-01-29 13:12:02.367"
"AA","18.110","7","18.140","7","18","17.98","04636e81-a39a-49d9-ac31-2ce45aafebb7","2021-01-29 13:12:02.367"
"AA","17.990","2","18.000","3","-18","18.00","23924553-7209-4d23-847e-bd06370101d3","2021-01-29 13:12:58.234"
"AA","17.990","10","18.000","1","-18","18.01","d70cff69-2699-421d-a273-073394aea271","2021-01-29 13:13:01.017"
"AA","17.990","10","18.000","1","-18","18.01","b312743b-0a5d-4761-aa82-3cb560bfbca5","2021-01-29 13:13:01.017"
"AA","18.020","6","18.030","1","-18","18.03","80521118-b586-4f3a-836d-c7dd7debcee5","2021-01-29 13:13:10.401"
"AA","18.140","2","18.170","8","18","17.97","f326ebad-0509-4d84-a2d6-c317e1d18796","2021-01-29 13:17:48.124"
"AA","18.190","1","18.210","5","18","17.97","de329bb1-7d72-412d-9ec6-054242672fb6","2021-01-29 13:17:48.124"
"AA","18.170","2","18.200","7","18","17.97","2860db05-9d1c-46e7-828c-c26c2bf7ee3d","2021-01-29 13:17:48.124"
"AA","18.170","6","18.200","2","18","17.97","03961b6d-23db-4324-8b75-c3a397e7660c","2021-01-29 13:17:48.124"
"AA","18.170","1","18.180","7","18","17.97","4e910ce2-4948-4cbe-9f1f-e9f560a692f2","2021-01-29 13:17:48.124"
"AA","18.160","3","18.180","3","18","17.97","c039266c-b0ff-409d-b0ed-337aa1f7ac76","2021-01-29 13:17:48.124"
"AA","18.160","2","18.180","3","18","17.97","282a4605-d314-4661-b7be-c13ae4ccccac","2021-01-29 13:17:48.124"
"AA","17.960","1","17.980","14","-18","17.98","a8f472fa-0d26-4675-aae4-9358d2ac87ff","2021-01-29 13:18:14.355"
"AA","17.960","1","17.980","14","-18","17.98","72cf1c50-7d33-4a3e-81aa-c974e1034457","2021-01-29 13:18:14.355"
"AA","17.960","3","17.980","12","-18","17.98","e8bd1b48-1257-468b-b713-764fd38121c9","2021-01-29 13:18:26.110"
"AA","17.960","3","17.980","12","-18","17.98","82c33f01-b463-4798-8786-3e4434eea733","2021-01-29 13:18:26.110"
"AA","17.960","3","17.980","12","-18","17.98","78758b09-b65b-4684-a69b-97d9efda7512","2021-01-29 13:18:26.110"
"AA","17.980","2","17.990","2","-18","17.99","3ed6e650-3cc9-4563-9223-ac0df66ebb1b","2021-01-29 13:18:30.390"
"AA","17.990","3","18.000","3","-18","18.00","6a9f9fd9-4f5e-4da0-96b1-670e2c1f8222","2021-01-29 13:18:45.729"
"AA","18.060","7","18.070","2","18","18.07","b3e79f35-9c49-4ffb-9dde-a848c44b93bd","2021-01-29 13:21:50.006"
"AA","18.120","6","18.140","3","-18","18.14","56906d89-537e-49e5-be1b-88d3d2cd56f4","2021-01-29 13:25:41.417"
"AA","18.130","1","18.140","1","18","18.05","9425326d-332c-4557-ad4e-27ff75099bed","2021-01-29 13:48:17.876"
"AA","18.120","6","18.140","2","18","18.05","64378914-1f7d-451e-9ebf-42d668d9f8fb","2021-01-29 13:48:17.876"
"AA","18.120","6","18.140","2","18","18.05","40fc5f0f-0c29-4d2c-a118-f74009c78426","2021-01-29 13:48:17.876"
"AA","18.130","1","18.140","3","18","18.05","c7276452-a08f-45aa-9185-1341df310559","2021-01-29 13:48:17.876"
"AA","18.030","2","18.040","5","-18","18.04","cd103637-0513-4472-8efb-839e282592a3","2021-01-29 13:48:43.827"
"AA","18.030","1","18.040","3","-18","18.04","96c47986-a3eb-4c4e-b514-600589ef03d6","2021-01-29 13:48:50.538"
"AA","18.020","2","18.030","4","-18","18.03","48f5a535-71b9-4f86-980e-f8f3b2971f09","2021-01-29 13:49:40.223"
"AA","18.020","2","18.030","4","-18","18.03","6da0d406-f490-4c38-953f-193d50cd13b4","2021-01-29 13:49:40.223"
"AA","18.210","8","18.220","2","18","18.04","a9c5671a-46a1-46c6-baf5-9ae12de77df9","2021-01-29 14:19:12.184"
"AA","18.200","4","18.220","6","18","18.04","bbd0923f-2868-4e67-a99e-29f29913448e","2021-01-29 14:19:12.184"
"AA","18.190","9","18.210","6","18","18.04","f7a23de0-43e7-42d6-bc69-98a03671c512","2021-01-29 14:19:12.184"
"AA","18.190","2","18.210","7","18","18.04","c0a4ea2c-4f27-4a0b-8a99-148af60a03f5","2021-01-29 14:19:12.184"
"AA","18.050","2","18.070","7","-18","18.07","2fd30c18-b260-444f-8f96-8ea21bbfdedd","2021-01-29 14:19:35.414"
"AA","18.050","2","18.070","7","-18","18.07","40547ad9-fd10-4c36-b588-5d0343d00a58","2021-01-29 14:19:35.414"
"AA","18.070","30","18.090","1","-18","18.09","3ca5f83f-2c33-48e7-8365-2f547a3c07e3","2021-01-29 14:20:01.021"
"AA","18.080","4","18.090","11","-18","18.09","3abe73e2-dd33-4166-88d0-6d1e9b60b0c6","2021-01-29 14:20:14.679"
"AA","18.200","2","18.210","3","18","18.02","4f446371-f991-482f-ab51-bba7c278d8e8","2021-01-29 14:21:48.875"
"AA","18.200","2","18.210","4","18","18.02","e2161de6-b0c0-4d77-9773-7c7ff231cf12","2021-01-29 14:21:48.875"
"AA","18.200","2","18.210","4","18","18.02","2a1735da-6f9e-4a6f-907b-4587ce26f80f","2021-01-29 14:21:48.875"
"AA","18.210","3","18.220","7","18","18.02","20c5e530-bf5e-4eda-b7ed-686787bf33c0","2021-01-29 14:21:48.875"
"AA","18.180","1","18.190","4","18","18.02","22ee9c61-8745-4851-81a7-6f5f47fb7b89","2021-01-29 14:21:48.875"
"AA","18.180","1","18.190","4","18","18.02","1595e39b-62fa-4681-bc51-fe78f69217c9","2021-01-29 14:21:48.875"
"AA","18.170","10","18.190","3","18","18.02","1cdbf191-a468-4b31-9083-49858936da2c","2021-01-29 14:21:48.875"
"AA","18.190","3","18.200","6","18","18.00","b9322446-fc17-488a-9063-9ca41281646b","2021-01-29 14:22:14.118"
"AA","18.190","3","18.200","6","18","18.00","80bdb421-ceb9-4765-b18f-0de6bbcf8ea7","2021-01-29 14:22:14.118"
"AA","18.190","3","18.200","6","18","18.00","151075d2-9a1a-4b77-94c3-3edb56ba1b49","2021-01-29 14:22:14.118"
"AA","18.200","6","18.210","2","18","18.00","54d4368a-2495-41e3-a581-4db7a01d03e0","2021-01-29 14:22:14.118"
"AA","17.990","4","18.000","4","-18","18.00","da124620-e9df-4856-9b7a-a16ae7fc29fb","2021-01-29 14:22:43.315"
"AA","18.000","40","18.010","7","-18","18.01","a72ab4fe-c4cb-4dc5-a630-d44dc918a94a","2021-01-29 14:22:43.437"
"AA","18.000","40","18.010","7","-18","18.01","65b6da43-2dfc-465a-9b8e-4034b042d48a","2021-01-29 14:22:43.437"
"AA","18.160","1","18.180","4","18","17.96","21d5bdb7-555f-4d31-99bb-32cf745312ea","2021-01-29 14:23:30.530"
"AA","17.970","57","17.980","7","-18","17.98","eececf27-12f9-4b69-98b6-bd9eb47dcafd","2021-01-29 14:23:34.409"
"AA","18.010","6","18.030","2","-18","18.03","d5de032a-ec4c-45f8-b744-f67b2c1e9d3d","2021-01-29 14:25:19.781"
"AA","18.010","6","18.030","2","-18","18.03","76af66bc-a952-4e98-9ef9-456865557207","2021-01-29 14:25:19.781"
"AA","17.990","5","18.010","4","-18","18.02","d80e4d46-6927-4df1-9be6-bc0c7850cb7d","2021-01-29 14:25:55.539"
"AA","17.990","5","18.010","4","-18","18.02","74b66149-89d3-4ff6-a973-1c1312f988ce","2021-01-29 14:25:55.539"
"AA","17.990","5","18.010","4","-18","18.02","b07790dd-28a4-42c1-adcd-1483bb35f6c2","2021-01-29 14:25:55.539"
"AA","17.990","5","18.010","4","-18","18.02","efc875d4-04cf-4ad2-b23b-70abe7eb7115","2021-01-29 14:25:55.539"
"AA","18.010","4","18.030","2","-18","18.03","67fa5db0-5f5e-4475-a5f9-aeeda3e494c0","2021-01-29 14:26:08.138"
"AA","17.980","11","18.000","7","-18","18.00","a6b1157f-f5a2-4172-bc4b-18cca50ffc1a","2021-01-29 14:27:08.080"
"AA","18.170","4","18.190","30","18","17.93","656b3a67-d5d0-4fed-a359-90c19f378969","2021-01-29 14:28:33.356"
"AA","18.160","5","18.170","3","18","17.93","36e23a36-f39d-4b21-9dd6-217edb6c5184","2021-01-29 14:28:33.356"
"AA","18.160","2","18.170","4","18","17.93","a6f95b03-da93-404a-8cb3-2ff3933185c4","2021-01-29 14:28:33.356"
"AA","18.090","5","18.110","3","18","17.91","12fa4251-4845-4eea-afcf-a201017226aa","2021-01-29 14:28:33.575"
"AA","18.100","1","18.110","3","18","17.91","aaffab79-ca3f-491e-b30a-18c5a211d3b2","2021-01-29 14:28:33.575"
"AA","18.100","2","18.110","2","18","17.91","89ff27c7-efc8-4c5e-aae0-51fe39544799","2021-01-29 14:28:33.575"
"AA","18.110","8","18.140","5","18","17.91","5531b05c-d977-4539-8c06-24ea9425ae46","2021-01-29 14:28:33.575"
"AA","18.110","4","18.130","1","18","17.91","d08130ba-0511-4884-8bd5-b49dd266a72d","2021-01-29 14:28:33.575"
"AA","18.100","5","18.120","2","18","17.91","3b39a3c0-684f-4601-bde9-a7b7a82d7119","2021-01-29 14:28:33.575"
"AA","18.080","4","18.090","1","18","17.91","02273059-263a-4d5b-a8b5-c688cc263eb6","2021-01-29 14:28:33.575"
"AA","18.060","1","18.070","4","18","17.91","e98b48b6-f2f7-46c4-88a8-f65f641367eb","2021-01-29 14:28:33.575"
"AA","17.930","3","17.940","3","-18","17.94","01d78f20-1edf-4b53-87e1-ce4cc1a10233","2021-01-29 14:28:56.212"
"AA","17.930","3","17.940","3","-18","17.94","c3e04c6b-9657-41b2-b405-1444395117db","2021-01-29 14:28:56.212"
"AA","17.930","3","17.940","3","-18","17.94","bf183416-c0da-4b34-82b8-afee5f272ea6","2021-01-29 14:28:56.212"
"AA","17.930","3","17.940","3","-18","17.94","c96a430e-0c23-4151-9b04-6c66e8532863","2021-01-29 14:28:56.212"
"AA","17.930","3","17.940","3","-18","17.94","e1e39ce4-7f91-4e9c-889a-8d8eac67604f","2021-01-29 14:28:56.212"
"AA","17.930","3","17.940","3","-18","17.94","140b304d-bb5a-4d89-8303-a0da8cc033cf","2021-01-29 14:28:56.212"
"AA","17.940","3","17.950","5","-18","17.95","bddf2bed-aa60-4a38-afcc-61aafa6de7db","2021-01-29 14:29:00.231"
"AA","17.940","3","17.950","5","-18","17.95","76e42ddc-907c-4478-80db-39a83c15ae9d","2021-01-29 14:29:00.231"
"AA","17.940","3","17.950","5","-18","17.95","19080417-bc43-4cbe-98fe-715072a50352","2021-01-29 14:29:00.231"
"AA","17.930","3","17.940","2","-18","17.94","5e2ea731-52e3-4112-8832-f0eaea5cf942","2021-01-29 14:29:42.267"
"AA","17.930","2","17.940","3","-18","17.94","71e430eb-d404-4dfe-85b3-f222abe51307","2021-01-29 14:29:50.748"
"AA","18.030","1","18.050","8","18","17.96","4a5ba150-cc44-4e45-90ad-c10d11c4a2a4","2021-01-29 14:44:08.360"
"AA","18.010","6","18.040","19","18","17.96","a1a9c8c3-7310-40f4-a218-08175cbd8d50","2021-01-29 14:44:08.360"
"AA","17.990","2","18.010","6","18","17.96","c7003cad-492c-4032-b917-36a2bf7c2518","2021-01-29 14:44:08.360"
"AA","17.970","4","17.980","2","-18","17.98","ee7b61b1-a655-4c44-9f4f-cf273b09bb67","2021-01-29 14:45:18.687"
"AA","17.970","4","17.980","2","-18","17.98","ff2e1f8b-0a60-4eb3-b2e1-abcbd49be3fe","2021-01-29 14:45:18.687"
"AA","17.960","1","17.980","5","-18","17.98","9cf1bbc3-4167-4a7a-9e7f-a53ec8fd1a9d","2021-01-29 14:45:18.687"
"AA","18.000","3","18.020","11","18","17.91","b13cfd7b-680d-4dff-9a00-4c78a1cf9433","2021-01-29 15:42:31.100"
"AA","17.990","3","18.000","10","18","17.91","e5f85c2f-f2ac-46dd-8661-075b11749b7c","2021-01-29 15:42:31.100"
"AA","18.010","1","18.020","3","18","17.90","3e12d903-0fe0-47e4-9263-6378af68d38d","2021-01-29 15:43:50.025"
"AA","18.000","2","18.020","8","18","17.90","076b3728-ad7a-459b-8b5f-7c7b51b7cce0","2021-01-29 15:43:50.025"
"AA","18.010","5","18.030","8","18","17.90","644cfb0f-1054-4c90-9dd9-2744eab64e4d","2021-01-29 15:43:50.025"
"AA","18.010","6","18.030","5","18","17.90","3afc3466-32ca-4c33-9844-6267951f998d","2021-01-29 15:43:50.025"
"AA","18.000","1","18.020","5","18","17.90","327c4231-6ddd-4d4a-82c3-a0a255fd9346","2021-01-29 15:43:50.025"
"AA","18.000","3","18.010","1","18","17.90","d7c1af68-b10c-48e9-b2d2-bc02639b90e4","2021-01-29 15:43:50.025"
"AA","17.920","5","17.930","3","-144","17.92","ad9723e9-d939-48df-bf4c-8d2303f0c1ae","2021-01-29 15:48:00.006"
"AG","18.710","1","18.730","8","20","18.70","d9b4f81c-8dce-4052-9351-57900332ec19","2021-01-29 09:59:38.548"
"AG","18.830","1","18.880","4","-20","18.86","60308bb3-edba-4be8-a6a5-f9b00900c6ce","2021-01-29 09:59:38.555"
"AG","18.820","2","18.830","13","20","18.35","674aff2f-9c76-4ab6-9820-92cbf45b350f","2021-01-29 10:11:55.188"
"AG","18.770","1","18.780","13","20","18.35","cf1227c8-e110-485a-9ced-b47bb366ba3e","2021-01-29 10:11:55.188"
"AG","18.750","2","18.760","1","20","18.35","dbe323e8-1ee9-436e-bcb4-8ed65f1fa82f","2021-01-29 10:11:55.188"
"AG","18.530","1","18.540","8","20","18.31","6a94a3db-9c8d-4bdf-a5c0-4f5d8ff0c4c3","2021-01-29 10:11:56.783"
"AG","18.520","4","18.530","3","20","18.31","a893a77f-df35-46b9-a760-5175cfe59a57","2021-01-29 10:11:56.783"
"AG","18.290","16","18.300","7","-20","18.30","789bc27e-73c0-48fc-8e22-a4a1078fc74f","2021-01-29 10:12:10.292"
"AG","18.290","16","18.300","7","-20","18.30","7ed9d291-920c-4a36-896c-5f7361eceb67","2021-01-29 10:12:10.292"
"AG","18.290","16","18.300","7","-20","18.30","bb14b5c3-d15a-4898-885b-e30645c1baf7","2021-01-29 10:12:10.292"
"AG","18.320","5","18.330","3","-20","18.33","b211f4dd-396d-40c2-894f-5a6272b58c76","2021-01-29 10:12:20.053"
"AG","18.330","5","18.340","1","-20","18.34","04b32e85-411b-4277-aca8-8c1a9473c666","2021-01-29 10:12:30.168"
"AG","18.600","9","18.610","4","20","18.14","71193b89-f0fb-4008-ae4c-ae9a94afa161","2021-01-29 10:22:38.714"
"AG","18.140","3","18.150","10","-20","18.15","a4282ab1-0917-4d23-8e9c-a4aeea1a3924","2021-01-29 10:23:32.333"
"AG","18.250","3","18.260","1","20","18.26","fa5a4155-128e-4ac2-b8a2-ee3598147f2c","2021-01-29 10:34:20.006"
"AG","18.280","2","18.290","5","-20","18.29","c559b95b-ecfb-4993-a823-beef5a0c1a0e","2021-01-29 10:35:11.114"
"AG","18.290","10","18.300","1","20","18.16","24f5dcc7-a2cd-4a26-be0e-fc3ca66a8d3c","2021-01-29 10:45:02.978"
"AG","18.310","7","18.320","12","20","18.16","d7fdf706-5b4e-419f-9a21-282a885bca0f","2021-01-29 10:45:02.978"
"AG","18.340","5","18.350","10","20","18.16","31561f45-86a5-437a-8796-f3da0d558736","2021-01-29 10:45:02.978"
"AG","18.390","2","18.400","9","20","18.16","b71e247b-9748-4b8f-97d0-d10f7740d01b","2021-01-29 10:45:02.978"
"AG","18.190","5","18.200","16","-20","18.20","ade73b39-1c4b-4437-a1aa-de5f4587e181","2021-01-29 10:45:21.559"
"AG","18.190","5","18.200","16","-20","18.20","75a01055-dcfe-461a-af0d-2d66a1e4aeb6","2021-01-29 10:45:21.559"
"AG","18.150","2","18.160","8","-20","18.16","312c391c-3373-404b-af49-720d8ffc93d1","2021-01-29 10:45:30.790"
"AG","18.370","5","18.380","11","20","18.15","de0d7300-46bc-46fd-9873-c8e7c16c0194","2021-01-29 10:45:49.248"
"AG","18.390","7","18.400","10","20","18.15","475bbd85-a043-4018-9c74-9edfbef7f929","2021-01-29 10:45:49.248"
"AG","18.340","2","18.350","6","20","18.15","9c9fbeff-39a6-4882-af8f-67feb77795cd","2021-01-29 10:45:49.248"
"AG","18.290","3","18.300","4","20","18.15","a6eb12eb-02c0-42f8-b99f-cc6e738e0772","2021-01-29 10:45:49.248"
"AG","18.280","12","18.290","5","20","18.15","f215acda-1441-429a-9d97-9d9f5c8eaf66","2021-01-29 10:45:49.248"
"AG","18.160","5","18.170","15","-20","18.17","c69c53ac-9052-488f-b96d-3eeeb45480b2","2021-01-29 10:46:00.712"
"AG","18.160","5","18.170","15","-20","18.17","6aa68075-f99c-4b2a-b4d4-9ad708416df4","2021-01-29 10:46:00.712"
"AG","18.160","5","18.170","15","-20","18.17","f81f9ccc-607d-494c-a8c4-3e1147efcd8e","2021-01-29 10:46:00.712"
"AG","18.160","5","18.170","11","-20","18.17","25a54fc8-1bb5-45ef-b270-e689dfa087c0","2021-01-29 10:46:19.048"
"AG","18.160","5","18.170","11","-20","18.17","540c4420-58f0-4c0f-ac36-d2293e7e67b5","2021-01-29 10:46:19.048"
"AG","18.100","1","18.110","5","-20","18.11","b2a8e931-4f32-4343-bec5-e8c355e3e83f","2021-01-29 10:46:41.572"
"AG","18.530","18","18.540","1","20","18.31","082e6665-670f-4e1a-b645-e9604d5c7045","2021-01-29 11:23:32.813"
"AG","18.510","11","18.520","2","20","18.27","52f50c68-215f-423d-8e91-73b3d7af41d0","2021-01-29 11:24:30.834"
"AG","18.530","2","18.540","11","20","18.26","89635d92-36a7-4472-8d9b-9901d67a8d67","2021-01-29 11:24:32.829"
"AG","18.490","5","18.500","7","20","18.26","4399cd3a-9017-4754-8b46-6fa7d7e20df3","2021-01-29 11:24:32.829"
"AG","18.470","6","18.480","9","20","18.26","b45c941a-ce2d-4f9c-8f00-26038b849253","2021-01-29 11:24:32.829"
"AG","18.470","8","18.480","4","20","18.26","bd545983-d85f-4870-b9d2-2eae9318e28b","2021-01-29 11:24:32.829"
"AG","18.480","10","18.490","13","20","18.26","34e2bbce-d43f-454e-9794-c464f286b4d7","2021-01-29 11:24:32.829"
"AG","18.450","8","18.460","10","20","18.26","954251c3-7777-4bac-9c56-18e434af48c6","2021-01-29 11:24:32.829"
"AG","18.460","4","18.470","16","20","18.26","41405aa9-d683-46bf-8479-33b8172e68e3","2021-01-29 11:24:32.829"
"AG","18.510","9","18.520","7","20","18.26","3e3b7eff-82fb-4428-9296-4a9bdcee96b0","2021-01-29 11:24:32.829"
"AG","18.510","1","18.520","14","20","18.26","b4674666-f0a8-418b-8694-21a144ec6f93","2021-01-29 11:24:32.829"
"AG","18.490","13","18.500","16","20","18.26","d24c04ea-0942-4f31-b3d2-ea5275037c04","2021-01-29 11:24:32.829"
"AG","18.510","16","18.520","1","20","18.26","cd297205-2f9e-4074-81f2-db1aa9d30048","2021-01-29 11:24:32.829"
"AG","18.510","17","18.520","3","20","18.26","d0c5f1e3-370d-4ebe-b870-5f4cc9193d48","2021-01-29 11:24:32.829"
"AG","18.530","5","18.540","1","20","18.26","36bbb720-3dd2-44d7-bacb-0927994de24d","2021-01-29 11:24:32.829"
"AG","18.540","12","18.550","15","20","18.26","cf926649-5205-4fe5-b4d4-b67e0447376f","2021-01-29 11:24:32.829"
"AG","18.280","6","18.290","5","-20","18.29","d8f541df-079d-4def-a025-7543f5299947","2021-01-29 11:24:55.651"
"AG","18.280","6","18.290","5","-20","18.29","3f5b01ae-40fb-474e-be0e-db4b0717ddaa","2021-01-29 11:24:55.651"
"AG","18.280","6","18.290","5","-20","18.29","1684cdab-955b-4a99-a14e-af4d341e7b0e","2021-01-29 11:24:55.651"
"AG","18.280","6","18.290","5","-20","18.29","15fd1654-3103-4cca-88c1-402bc0d9c39f","2021-01-29 11:24:55.651"
"AG","18.280","6","18.290","5","-20","18.29","fdcd3611-6644-4534-b1fc-53408efdc69e","2021-01-29 11:24:55.651"
"AG","18.280","6","18.290","5","-20","18.29","01d640dc-29b7-4116-84b9-288955a95355","2021-01-29 11:24:55.651"
"AG","18.280","6","18.290","5","-20","18.29","b9a8f209-7e25-4488-91db-2da63fe429e1","2021-01-29 11:24:55.651"
"AG","18.280","6","18.290","5","-20","18.29","717c9b33-4e33-417d-b2a8-187314fbb0bd","2021-01-29 11:24:55.651"
"AG","18.260","5","18.270","3","-20","18.27","ca9e1f8a-7031-4503-aeb0-4cf89fb3ac29","2021-01-29 11:25:01.568"
"AG","18.260","5","18.270","3","-20","18.27","3773a7ee-6de0-4cda-89df-2fe44aee85c0","2021-01-29 11:25:01.568"
"AG","18.260","5","18.270","3","-20","18.27","f681730c-ae5b-47bb-af16-b042a75e1987","2021-01-29 11:25:01.568"
"AG","18.260","5","18.270","3","-20","18.27","e359b10a-3735-40d4-afad-e00dfcab8e8b","2021-01-29 11:25:01.568"
"AG","18.280","3","18.290","10","-20","18.29","d951bb49-fc45-42ce-a8d1-5fce020fb503","2021-01-29 11:25:11.009"
"AG","18.280","3","18.290","10","-20","18.29","fd58c9b9-2036-48b8-94c2-a168c5ecae8b","2021-01-29 11:25:11.009"
"AG","18.280","7","18.290","1","-20","18.29","69355be4-53d4-43d4-ac98-88e0cc1ac852","2021-01-29 11:25:21.595"
"AG","18.290","5","18.300","21","-20","18.30","6668c321-a084-4f3a-815d-42c67604673f","2021-01-29 11:25:33.562"
"AG","18.800","4","18.810","4","20","18.00","d2eed8f0-4801-4086-8f9c-64226b17e9d9","2021-01-29 11:38:42.255"
"AG","17.980","2","17.990","7","-20","17.99","ab0b7a1a-2bad-45b4-8075-65624d066174","2021-01-29 11:39:26.515"
"AG","18.040","1","18.050","4","20","18.05","1e06aac9-0e3e-4852-a0d9-82e660bd4f26","2021-01-29 11:50:00.006"
"AG","18.090","2","18.100","15","-20","18.10","5f4144f2-c39b-4bd9-aaf2-0de44a40bf82","2021-01-29 11:51:00.663"
"AG","18.010","3","18.010","10","20","18.00","8a988a81-6b21-4371-be59-c22de0314c64","2021-01-29 11:54:31.194"
"AG","18.020","2","18.030","7","-20","18.03","991e200c-9ab4-42d6-aeef-e94463bcc4a5","2021-01-29 11:55:04.474"
"AG","19.010","4","19.030","8","20","17.91","f4d5c4f6-f9b8-4a56-b4bb-33f42f952706","2021-01-29 11:57:38.091"
"AG","18.960","5","18.990","15","20","17.91","429e4f07-7cca-4882-8c9e-cf1c64d14d79","2021-01-29 11:57:38.091"
"AG","18.900","3","18.910","5","20","17.91","8990b1bd-cc2d-4f21-8307-fb67994c1ba1","2021-01-29 11:57:38.091"
"AG","17.920","2","17.930","9","-20","17.93","a1984851-37c4-42a8-a9cb-a41512f10721","2021-01-29 11:58:21.794"
"AG","17.920","2","17.930","9","-20","17.93","3704321e-296f-4727-a182-5450342967b5","2021-01-29 11:58:21.794"
"AG","17.910","9","17.920","3","-20","17.92","25c25281-8ba2-45de-ac78-971bfd945510","2021-01-29 11:58:35.814"
"AG","18.070","3","18.080","5","20","17.96","e04b2766-16a6-43ab-80c3-5fa65e57e419","2021-01-29 12:08:59.426"
"AG","18.060","6","18.070","1","20","17.96","d796b54d-7035-4808-b46a-efad1da8fa84","2021-01-29 12:08:59.426"
"AG","18.040","11","18.050","3","20","17.96","65e192c4-5386-4377-a585-656c728f3447","2021-01-29 12:08:59.426"
"AG","18.040","7","18.050","9","20","17.96","17d93644-e7be-4cab-977b-2b9eb5a8eb7e","2021-01-29 12:08:59.426"
"AG","18.050","14","18.060","1","20","17.96","52a3c1b6-6ada-440c-93b9-7dfaac429ac2","2021-01-29 12:08:59.426"
"AG","18.080","10","18.090","8","20","17.96","fd423376-fe7e-4cfa-83c9-401c29d34a3c","2021-01-29 12:08:59.426"
"AG","18.090","8","18.100","1","20","17.96","007e9f6f-b0f2-42ed-9f73-54034e1c0bff","2021-01-29 12:08:59.426"
"AG","17.860","12","17.880","16","-20","17.88","94018dfd-f06b-4643-9251-d46fccc9bf62","2021-01-29 12:10:10.914"
"AG","17.860","12","17.880","16","-20","17.88","b7e74315-bc5b-4f9d-a66b-eac308c1d2c2","2021-01-29 12:10:10.914"
"AG","17.860","12","17.880","16","-20","17.88","1d3885d7-44fd-49da-b664-a8f5108f64f2","2021-01-29 12:10:10.914"
"AG","17.860","12","17.880","16","-20","17.88","4a397f33-c184-4ba0-a5ea-7a3b8924d172","2021-01-29 12:10:10.914"
"AG","17.880","4","17.890","7","-20","17.89","09cebe5f-aa03-4ef5-b9c3-4640a39ae06d","2021-01-29 12:10:20.988"
"AG","17.880","4","17.890","7","-20","17.89","3d8e23d6-03ef-4960-8edb-c861d5573504","2021-01-29 12:10:20.988"
"AG","17.890","10","17.900","3","-20","17.90","abbd3c95-b626-442b-912a-99505fe6e249","2021-01-29 12:10:30.101"
"AG","18.040","5","18.050","1","20","17.94","653c94a0-d2ca-4a2a-b068-278b39c51b9e","2021-01-29 12:21:10.637"
"AG","18.040","1","18.050","7","20","17.94","b6751f69-95a5-4252-828e-9eb65ee79f9b","2021-01-29 12:21:10.637"
"AG","17.990","7","18.000","3","20","17.94","a906b8b1-a61f-4e85-8b5b-f30b9f0edf4d","2021-01-29 12:21:10.637"
"AG","18.030","4","18.040","21","20","17.92","dc6264d8-536d-4771-a421-b04e2eb6dcd1","2021-01-29 12:21:17.560"
"AG","17.920","7","17.930","8","-20","17.93","0b55cc24-3ed1-4937-adbc-76fb0d0578eb","2021-01-29 12:21:52.109"
"AG","17.920","7","17.930","8","-20","17.93","9e4931f0-443e-4c00-a865-c65c4bec9f97","2021-01-29 12:21:52.109"
"AG","17.950","14","17.960","9","-20","17.96","df9cbf1e-da13-4468-8938-cf287d7ee2f7","2021-01-29 12:22:00.557"
"AG","18.980","10","19.010","1","20","17.85","ed0a2fbb-86a8-47e1-8589-7513f7366f47","2021-01-29 12:22:50.646"
"AG","18.980","4","18.990","1","20","17.85","dad93565-1515-48eb-8e32-9aac33c4d3ab","2021-01-29 12:22:50.646"
"AG","18.970","4","18.980","3","20","17.85","0d761b39-2659-4fc3-9330-7186a7016888","2021-01-29 12:22:50.646"
"AG","18.830","2","18.850","6","20","17.85","bebdb634-413b-4f49-a8a3-46ec497b1005","2021-01-29 12:22:50.646"
"AG","18.830","12","18.840","3","20","17.85","cda10149-b46b-421b-b405-cd1833d3fbc3","2021-01-29 12:22:50.646"
"AG","18.750","9","18.760","4","20","17.85","8983f3d5-b783-458d-ba1f-289edc5595d0","2021-01-29 12:22:50.646"
"AG","18.750","6","18.760","1","20","17.85","d769c6aa-1c06-406d-b766-3aaf5ab1df13","2021-01-29 12:22:50.646"
"AG","17.860","6","17.870","9","-20","17.87","3a991598-2060-4cde-ad71-ded32c0879d9","2021-01-29 12:23:11.426"
"AG","17.860","6","17.870","9","-20","17.87","96143e1e-80cd-4786-8abf-041e6d948fa8","2021-01-29 12:23:11.426"
"AG","17.860","6","17.870","9","-20","17.87","2578c5d1-fcea-457c-9406-e6c38dfd14c8","2021-01-29 12:23:11.426"
"AG","17.860","6","17.870","9","-20","17.87","aa77bc4f-3ed5-4671-85dc-d651c37682ed","2021-01-29 12:23:11.426"
"AG","17.840","1","17.850","13","-20","17.85","cc466c34-4cbc-408b-afeb-b1883edb251c","2021-01-29 12:23:30.284"
"AG","17.820","3","17.830","7","-20","17.83","31e26bc4-5020-40e8-9d74-0f9da06bfd63","2021-01-29 12:23:40.202"
"AG","17.820","3","17.830","7","-20","17.83","e4f01449-63dc-4960-900f-00f44f3e962e","2021-01-29 12:23:40.202"
"AG","17.850","5","17.860","5","-20","17.86","49e14928-2981-4ca4-951c-034d4d0bc6c5","2021-01-29 12:23:50.047"
"AG","17.960","16","17.970","2","20","17.79","7f06ca9c-643a-485d-acac-7acb6c9b5770","2021-01-29 13:51:26.801"
"AG","17.960","10","17.970","8","20","17.79","81b7a8c1-3717-473a-a381-787b6f676cdb","2021-01-29 13:51:26.801"
"AG","17.960","4","17.970","6","20","17.79","8f190ddb-d065-4ee1-bc14-9f228dfe159e","2021-01-29 13:51:26.801"
"AG","17.970","2","17.980","14","20","17.79","b8ae6a92-4714-41ce-97a6-e25a0bd67d12","2021-01-29 13:51:26.801"
"AG","17.970","3","17.980","10","20","17.79","953a158e-9929-4117-b1b4-28b50bb3577f","2021-01-29 13:51:26.801"
"AG","17.870","6","17.880","2","20","17.79","463ea37b-d7e4-4450-8313-88338bc65e81","2021-01-29 13:51:26.801"
"AG","17.870","7","17.880","2","20","17.79","c028d98f-d0d8-4d57-824a-0f99c7f8f407","2021-01-29 13:51:26.801"
"AG","17.860","6","17.870","4","20","17.79","4feaa42c-8dec-417a-98cb-ba811e4f9df8","2021-01-29 13:51:26.801"
"AG","17.870","13","17.880","2","20","17.79","30e688c8-0477-45c1-9166-4b0b8858c2d5","2021-01-29 13:51:26.801"
"AG","17.860","7","17.870","2","20","17.79","73f930b6-a0ca-4288-b1e2-c3b5f97fe244","2021-01-29 13:51:26.801"
"AG","17.870","7","17.880","3","20","17.79","7c3be84c-6825-4d9e-b806-54d783875482","2021-01-29 13:51:26.801"
"AG","17.770","4","17.780","11","-20","17.78","2152bc8e-b3d1-4b75-ba0a-e15ec1818150","2021-01-29 13:51:45.198"
"AG","17.770","4","17.780","11","-20","17.78","23b19f0a-0eb7-40e8-9d82-2fb604ec6959","2021-01-29 13:51:45.198"
"AG","17.770","4","17.780","11","-20","17.78","8d739e0e-b18b-4eaa-8a09-b12b14c0ea6d","2021-01-29 13:51:45.198"
"AG","17.770","4","17.780","11","-20","17.78","af91d065-c5eb-4541-bc46-6516a25b349b","2021-01-29 13:51:45.198"
"AG","17.770","4","17.780","11","-20","17.78","3347eafb-ad74-4ee3-ab6a-e2049f1ee1b3","2021-01-29 13:51:45.198"
"AG","17.770","4","17.780","11","-20","17.78","b7b6e011-e359-4858-ab3e-cfb69622eb61","2021-01-29 13:51:45.198"
"AG","17.770","11","17.780","3","-20","17.78","f93f1f05-394a-44f1-8184-62e1b5253178","2021-01-29 13:51:50.688"
"AG","17.770","11","17.780","3","-20","17.78","9267993a-47de-4c09-9004-ba82bedbf35a","2021-01-29 13:51:50.688"
"AG","17.770","11","17.780","3","-20","17.78","1e087956-89cb-48ba-9ce0-8335ae1c613c","2021-01-29 13:51:50.688"
"AG","17.770","2","17.780","14","-20","17.78","c320ef55-ddb8-463d-b3c0-344fa156389e","2021-01-29 13:52:00.580"
"AG","17.790","4","17.800","8","-20","17.80","ea45fe7d-2e9c-4ab2-b152-53838d4efb69","2021-01-29 13:52:15.070"
"AG","17.790","11","17.800","4","20","17.79","b5c92a44-29d6-47ff-aa3d-e7442a41ed64","2021-01-29 13:55:29.733"
"AG","17.780","11","17.790","9","-20","17.79","b8b886aa-99f8-4116-b8fc-b41757d251bc","2021-01-29 13:57:22.881"
"AG","17.850","5","17.860","11","20","17.82","a907f4ad-e10f-47f0-a2c1-81b595526846","2021-01-29 14:04:39.666"
"AG","17.850","9","17.860","9","20","17.82","b555b17b-272c-412c-a013-b9e2442306b5","2021-01-29 14:04:39.666"
"AG","17.810","8","17.820","9","-20","17.82","f2b86059-74b2-47da-a132-9e45f69eb4f3","2021-01-29 14:05:20.092"
"AG","17.810","7","17.820","8","-20","17.82","94f524a8-a636-4358-a2a9-cda5831b959c","2021-01-29 14:05:20.092"
"AG","17.800","11","17.810","18","20","17.77","231e6f37-b6b0-4189-905f-d8845c4940e5","2021-01-29 14:09:28.369"
"AG","17.760","21","17.770","10","-20","17.77","18cc37e5-90d0-49b4-b5f0-f9641ed5f06c","2021-01-29 14:19:27.488"
"AG","17.900","4","17.910","8","20","17.66","14b174e3-c5fb-4705-b684-d9262d58871f","2021-01-29 14:22:17.336"
"AG","17.540","12","17.550","7","-20","17.55","85b8bd71-2931-415b-94a7-8f367bd717f2","2021-01-29 14:25:30.782"
"AG","17.760","5","17.770","2","20","17.41","a6fc359c-269d-4b96-b802-84d3fe5e2a3d","2021-01-29 14:40:02.916"
"AG","17.750","1","17.760","9","20","17.41","4b60c87b-51d0-4235-bf69-99ed40b37ba2","2021-01-29 14:40:02.916"
"AG","17.760","10","17.770","2","20","17.41","66483f39-388a-403e-b999-5b1ab6b920d8","2021-01-29 14:40:02.916"
"AG","17.750","6","17.770","10","20","17.41","04c273af-dfe5-4bf2-b23e-d91253b3ee05","2021-01-29 14:40:02.916"
"AG","17.760","9","17.770","5","20","17.41","6651cfd3-a169-45d7-a352-3b2987ebd373","2021-01-29 14:40:02.916"
"AG","17.730","5","17.740","1","20","17.41","e5258eb4-6c61-4727-86f7-6b6ce2467366","2021-01-29 14:40:02.916"
"AG","17.720","9","17.730","3","20","17.41","f28d9906-aae7-4a75-a4c2-07cf7ab82232","2021-01-29 14:40:02.916"
"AG","17.720","7","17.730","7","20","17.41","70506db0-378b-4bae-ab0e-54205b7641d5","2021-01-29 14:40:02.916"
"AG","17.680","30","17.690","5","20","17.41","52facf52-91b5-4673-81fa-6a684d6a5ed5","2021-01-29 14:40:02.916"
"AG","17.700","7","17.710","6","20","17.41","9664482b-b37d-454f-8f12-cfa88dae81c6","2021-01-29 14:40:02.916"
"AG","17.400","22","17.410","7","-20","17.41","143f22ee-56c7-426b-9653-99c930c87d5a","2021-01-29 14:41:02.685"
"AG","17.410","7","17.420","3","-20","17.42","9c504209-9465-4deb-9a14-771b5a0c4592","2021-01-29 14:41:02.971"
"AG","17.410","7","17.420","3","-20","17.42","c6a22b96-7974-41be-b83e-48e53251b941","2021-01-29 14:41:02.971"
"AG","17.410","7","17.420","3","-20","17.42","71d488cb-593e-4fad-828d-15ef57e8a27a","2021-01-29 14:41:02.971"
"AG","17.420","6","17.430","7","-20","17.43","97e0fb2f-f840-4fc3-987e-b3072e257a59","2021-01-29 14:41:08.960"
"AG","17.420","6","17.430","7","-20","17.43","65b9705d-aedc-4431-92f8-74f9556006d0","2021-01-29 14:41:08.960"
"AG","17.420","6","17.430","7","-20","17.43","0e7907e0-1bad-4643-a22a-de548e1b2075","2021-01-29 14:41:08.960"
"AG","17.420","6","17.430","7","-20","17.43","ec875dae-73ac-4a19-b477-da562d03b26b","2021-01-29 14:41:08.960"
"AG","17.420","6","17.430","7","-20","17.43","7c1912e4-0dfc-4106-91b8-247a98a2b9ca","2021-01-29 14:41:08.960"
"AG","17.410","16","17.420","4","-20","17.42","f404a70d-0ccd-4479-b091-7d6bb2538755","2021-01-29 14:41:10.977"
"AG","17.610","9","17.620","4","20","17.51","a058e4f9-870d-4e4b-9b18-3b5f14c676b1","2021-01-29 14:49:35.631"
"AG","17.590","6","17.600","7","20","17.51","d08598a3-c57c-42e6-a578-11f19d440859","2021-01-29 14:49:35.631"
"AG","17.510","6","17.520","7","-20","17.52","e5a1488c-6f5b-455b-8f5e-564356620baf","2021-01-29 14:49:50.582"
"AG","17.520","9","17.530","5","-20","17.53","f43bc90b-4ae3-465b-8069-a82e894f36d3","2021-01-29 14:50:00.803"
"AG","17.560","17","17.570","4","20","17.49","90ec107f-3ede-45ac-b576-2ec0e1b0b559","2021-01-29 14:57:34.151"
"AG","17.550","14","17.560","6","20","17.49","ec278efe-0b91-4820-9b77-e89f60dc4e49","2021-01-29 14:57:34.151"
"AG","17.550","12","17.560","6","20","17.49","407cb5d7-0f75-47dc-9202-7a230520903c","2021-01-29 14:57:34.151"
"AG","17.540","6","17.550","13","20","17.49","8cca9dc4-e4f4-4d72-831d-25d01bc903ba","2021-01-29 14:57:34.151"
"AG","17.530","9","17.540","5","20","17.49","9db55f9f-39f8-43b7-afa2-8ee53f1a0402","2021-01-29 14:57:34.151"
"AG","17.560","2","17.570","9","20","17.48","cc57aac5-5c30-4a4a-b15f-944250696ce3","2021-01-29 14:57:36.620"
"AG","17.570","1","17.580","9","20","17.48","7daea54d-8e16-452c-afdf-9c50f2086ee5","2021-01-29 14:57:36.620"
"AG","17.570","1","17.580","8","20","17.48","df910ef5-626a-4e48-9fe0-33d749c29a9b","2021-01-29 14:57:36.620"
"AG","17.500","6","17.510","5","-20","17.51","95b68623-4717-4319-86f2-3664a347740f","2021-01-29 14:58:30.437"
"AG","17.500","6","17.510","5","-20","17.51","edccaa33-6569-4cc1-8e32-d6de7181feb9","2021-01-29 14:58:30.437"
"AG","17.500","6","17.510","5","-20","17.51","2715ed72-7d2a-4189-8454-1e51e745edfb","2021-01-29 14:58:30.437"
"AG","17.500","6","17.510","5","-20","17.51","22996f0d-50d5-4c90-87ad-a93b3d994f61","2021-01-29 14:58:30.437"
"AG","17.500","8","17.510","12","-20","17.51","07546dce-4314-4fe2-ae3f-b3451ffd0629","2021-01-29 14:58:40.216"
"AG","17.500","8","17.510","12","-20","17.51","1b13ce4e-d65f-4381-bc4e-0c2f3b0bb065","2021-01-29 14:58:40.216"
"AG","17.500","19","17.510","5","-20","17.51","8e88ffe6-3dd5-4334-9e12-e4540a7e6a44","2021-01-29 14:58:50.375"
"AG","17.500","9","17.510","3","-20","17.51","45aeb33f-2c54-4b7d-b661-536397854db8","2021-01-29 14:59:00.436"
"AG","17.530","23","17.540","5","20","17.45","af7b833f-ce3c-486a-9768-562042985386","2021-01-29 14:59:35.503"
"AG","17.540","8","17.550","4","20","17.45","667747c0-c200-475b-a38c-5834d24a8f99","2021-01-29 14:59:35.503"
"AG","17.550","4","17.560","8","20","17.45","9c40e3e0-2915-43b2-ab29-f76027796b98","2021-01-29 14:59:35.503"
"AG","17.550","19","17.560","3","20","17.45","7000fe26-c19d-40e8-b895-2e3121bc2b99","2021-01-29 14:59:35.503"
"AG","17.550","1","17.560","14","20","17.45","cca7bce3-1505-4c5b-b625-7b16f50eb818","2021-01-29 14:59:35.503"
"AG","17.540","10","17.550","6","20","17.45","2d70ce38-89b3-4b4f-abf5-dab0cf577c05","2021-01-29 14:59:35.503"
"AG","17.460","6","17.470","23","-20","17.47","37a87050-c32b-49d0-92fe-231f9fb9463f","2021-01-29 15:00:56.581"
"AG","17.460","6","17.470","23","-20","17.47","c59d755f-3103-47b3-a9a2-49e109fe51a5","2021-01-29 15:00:56.581"
"AG","17.460","6","17.470","5","-20","17.47","c789d92a-8523-4be8-9f9f-558c8d6b92db","2021-01-29 15:01:04.611"
"AG","17.460","6","17.470","5","-20","17.47","ab01a743-9ef4-4cb5-a7d7-2845ca3580b3","2021-01-29 15:01:04.611"
"AG","17.460","9","17.470","1","-20","17.47","427ba402-29a7-4da7-af11-46bb1c34f5e4","2021-01-29 15:01:10.187"
"AG","17.460","5","17.470","7","-20","17.47","dad0c1f7-9ec5-4b15-ae60-4d83096671b1","2021-01-29 15:01:37.269"
"ABB","29.770","9","29.780","22","11","29.71","b825b661-047b-4908-80db-722cd14ee9bd","2021-01-29 10:07:22.792"
"ABB","29.770","9","29.780","22","11","29.71","f4dc3c43-3ab8-47c5-8bce-7491d425c4b2","2021-01-29 10:07:22.792"
"ABB","29.750","12","29.760","2","11","29.71","2e5d9dfd-6f12-4fb9-ad7c-7a8a7c8dd974","2021-01-29 10:07:22.792"
"ABB","29.750","11","29.760","9","11","29.71","3c96f8aa-c47b-43de-90db-8fddd7d2508e","2021-01-29 10:07:22.792"
"ABB","29.760","6","29.770","11","11","29.71","42067233-fd4f-4229-be7a-e0268936cd90","2021-01-29 10:07:22.792"
"ABB","29.760","6","29.770","11","11","29.71","8f126fe9-8bc7-4af7-9eab-8a21f4c6803d","2021-01-29 10:07:22.792"
"ABB","29.760","6","29.770","11","11","29.71","c996aabc-dfce-4e2d-97d2-08e511fc1abd","2021-01-29 10:07:22.792"
"ABB","29.760","11","29.770","1","11","29.71","12617ce4-ca2c-4386-855c-5e6a159a4db8","2021-01-29 10:07:22.792"
"ABB","29.740","12","29.750","12","11","29.71","3f82a928-03c7-4ed4-8c8e-25ed6b0c7c83","2021-01-29 10:07:22.792"
"ABB","29.740","13","29.750","12","11","29.71","52ffd8f8-32a6-4cae-b140-15c05266ed78","2021-01-29 10:07:22.792"
"ABB","29.780","14","29.790","8","11","29.71","f8d22477-97fe-455c-928d-f5d1cd0a8891","2021-01-29 10:07:22.792"
"ABB","29.710","11","29.720","23","-11","29.72","e1cf4ccc-dfd7-42db-b950-e68473946f59","2021-01-29 10:08:01.018"
"ABB","29.710","11","29.720","23","-11","29.72","ea35e00a-8a0b-4c34-9827-15cdccb092f2","2021-01-29 10:08:01.018"
"ABB","29.710","11","29.720","23","-11","29.72","1907a961-eb27-4d3b-8834-b7c46dba59f5","2021-01-29 10:08:01.018"
"ABB","29.710","11","29.720","23","-11","29.72","7f8638af-8446-4749-be63-9d439631c1dc","2021-01-29 10:08:01.018"
"ABB","29.710","11","29.720","23","-11","29.72","b68038f1-24e0-49cd-85df-86067c4c7da7","2021-01-29 10:08:01.018"
"ABB","29.710","11","29.720","23","-11","29.72","15f964b5-68a2-4713-9a8f-1e3c3f134e36","2021-01-29 10:08:01.018"
"ABB","29.700","12","29.710","7","-11","29.72","71b82bfe-ce58-44df-8d0b-a76ead9e43f4","2021-01-29 10:08:01.018"
"ABB","29.700","12","29.710","7","-11","29.72","5df5e49a-1ad5-4170-be36-545d342dd2a1","2021-01-29 10:08:01.018"
"ABB","29.700","12","29.710","7","-11","29.72","f691bcee-3281-440b-99c0-573c867714f6","2021-01-29 10:08:01.018"
"ABB","29.700","12","29.710","7","-11","29.72","6d2b2818-6b2d-4317-82cf-3215dd1b4b03","2021-01-29 10:08:01.018"
"ABB","29.730","1","29.740","20","-11","29.75","d965d731-d0d5-41fa-9b77-b9ecc524ea85","2021-01-29 10:08:40.023"
"ABB","29.840","17","29.850","8","11","29.83","6daec0e2-8c4c-401c-a9d3-b0d9d3595bbf","2021-01-29 10:44:45.664"
"ABB","29.840","17","29.850","8","11","29.83","69138173-24f1-4fa3-b089-5575db17170f","2021-01-29 10:44:45.664"
"ABB","29.840","17","29.850","8","11","29.83","84ab48fb-f24e-41a9-98b9-edc55493f043","2021-01-29 10:44:45.664"
"ABB","29.890","2","29.900","41","11","29.82","cfab562d-da26-47ef-a780-237cc02e96bd","2021-01-29 10:45:00.535"
"ABB","29.880","12","29.890","14","11","29.82","5d743a65-ac9e-4a38-9ea1-9015437b6940","2021-01-29 10:45:00.535"
"ABB","29.880","19","29.890","3","11","29.82","9f8649de-c7a5-421f-b3cb-af7b2b35ea06","2021-01-29 10:45:00.535"
"ABB","29.880","3","29.890","29","11","29.82","b716eb79-95a2-4db7-9dd0-18d58ad33573","2021-01-29 10:45:00.535"
"ABB","29.850","20","29.860","1","11","29.82","c79291bb-e04f-4280-85c8-002c734b32f6","2021-01-29 10:45:00.535"
"ABB","29.860","4","29.870","24","11","29.82","ae349c17-3bf1-4fc7-acea-471b66e2f97b","2021-01-29 10:45:00.535"
"ABB","29.860","7","29.870","37","11","29.82","1792fda5-9f40-4611-8c26-76fc42403ce0","2021-01-29 10:45:00.535"
"ABB","29.860","21","29.870","10","11","29.82","daf280d9-60d9-4700-8bf8-6a619ad7a94d","2021-01-29 10:45:00.535"
"ABB","29.860","13","29.870","16","11","29.82","b09135a2-5b6b-43b2-8297-b1cf3a601175","2021-01-29 10:45:00.535"
"ABB","29.820","26","29.830","96","-11","29.83","ad0367b4-372e-4cd0-979d-e13964a4a0d2","2021-01-29 10:45:12.173"
"ABB","29.820","26","29.830","96","-11","29.83","9e533f59-c38d-4943-87a3-3bf57b9b7dc8","2021-01-29 10:45:12.173"
"ABB","29.830","19","29.840","6","-11","29.84","a26b8aef-e5ea-4a39-875e-3d27c9a0c054","2021-01-29 10:45:50.526"
"ABB","29.830","19","29.840","6","-11","29.84","cc96cdfc-8c0c-4790-8d6f-d40c0f39d87f","2021-01-29 10:45:50.526"
"ABB","29.830","19","29.840","6","-11","29.84","6ba9a20b-6982-448d-8e3c-7b76ae289913","2021-01-29 10:45:50.526"
"ABB","29.830","13","29.830","15","-11","29.83","5a78e79e-d2a8-488e-9be9-e6f26247f6c8","2021-01-29 10:46:30.006"
"ABB","29.830","13","29.830","15","-11","29.83","3b3deb13-64a8-4e95-ae82-49a90f90d4ca","2021-01-29 10:46:30.006"
"ABB","29.830","18","29.840","23","-11","29.84","0087565e-7a61-4126-bd18-e40dab19f1ec","2021-01-29 10:46:56.357"
"ABB","29.840","28","29.850","15","-11","29.85","eedb5b0f-510d-4375-b9e3-1de1c1394e23","2021-01-29 10:47:06.117"
"ABB","29.840","28","29.850","15","-11","29.85","d57c0e85-1753-44d9-ac3e-882a6d626b46","2021-01-29 10:47:06.117"
"ABB","29.840","22","29.850","15","-11","29.85","e161964f-5f99-43d6-96bf-280451df8856","2021-01-29 10:47:10.228"
"ABB","29.850","22","29.860","16","-11","29.86","9291c1d7-8c69-451c-88e5-39e778fc759a","2021-01-29 10:47:21.609"
"ABB","29.860","13","29.870","10","11","29.86","4c751daa-6498-47f0-92ba-43dddf256f74","2021-01-29 10:52:49.462"
"ABB","29.870","16","29.880","14","-11","29.88","649fd4c5-6f37-42ef-a70c-b9173ca197ba","2021-01-29 10:55:30.007"
"ABB","29.860","7","29.870","43","11","29.82","33e4b157-159a-4e94-94dd-b1bca054ece9","2021-01-29 11:02:50.601"
"ABB","29.860","4","29.870","64","11","29.82","b1ab1198-784a-4288-90a6-f37a3f2251cc","2021-01-29 11:02:50.601"
"ABB","29.850","17","29.860","31","11","29.82","39ac0422-b082-4322-9d78-c9dceaeff1d0","2021-01-29 11:02:50.601"
"ABB","29.850","17","29.860","31","11","29.82","72a4dd16-1afb-4263-8bf4-6b467b63a69f","2021-01-29 11:02:50.601"
"ABB","29.850","17","29.860","31","11","29.82","96a7ba18-0c7f-4819-afc6-a36f994275c4","2021-01-29 11:02:50.601"
"ABB","29.850","12","29.860","67","11","29.82","be087a47-a5bd-49c2-9e80-070e13177915","2021-01-29 11:02:50.601"
"ABB","29.840","19","29.850","48","11","29.82","13ca9e1c-12d7-46eb-82b6-5a5b7a1e7ce0","2021-01-29 11:02:50.601"
"ABB","29.800","24","29.810","12","-11","29.81","cffa4c26-4fb0-4ef7-b367-925735876037","2021-01-29 11:04:53.974"
"ABB","29.800","24","29.810","12","-11","29.81","f411ca22-f593-4099-a315-df663dfa45da","2021-01-29 11:04:53.974"
"ABB","29.800","24","29.810","12","-11","29.81","749aa0d5-4ee0-4d03-b2f2-5afbe3ae844d","2021-01-29 11:04:53.974"
"ABB","29.800","24","29.810","12","-11","29.81","e00860be-a136-4669-b772-91e47d920888","2021-01-29 11:04:53.974"
"ABB","29.790","20","29.800","21","-11","29.80","7fb4ea61-e8bd-4daa-a00f-6cdc3f7e75fd","2021-01-29 11:05:17.343"
"ABB","29.780","17","29.790","35","-11","29.79","617a1a99-c1f2-40ac-ae6f-701751a73ddd","2021-01-29 11:05:37.674"
"ABB","29.790","36","29.800","10","-11","29.80","ad493a88-fe19-44b4-b862-2ee7bbcdf36e","2021-01-29 11:05:40.138"
"ABB","29.760","16","29.770","13","11","29.77","016950ce-199b-48e4-9c15-c30f7d9a5721","2021-01-29 11:15:10.006"
"ABB","29.760","67","29.770","13","-11","29.77","482b3b01-3742-457a-95f0-9dcaafddab77","2021-01-29 11:17:04.936"
"ABB","29.880","13","29.890","11","11","29.70","b77713cd-06a3-4a32-8291-0a2721600d7c","2021-01-29 11:22:31.544"
"ABB","29.810","27","29.820","1","11","29.68","9a193d11-9d67-41eb-9e94-dde651ec34e8","2021-01-29 11:22:38.212"
"ABB","29.790","10","29.800","18","11","29.68","2e5d8aeb-bdfe-4324-90ca-587273543ddb","2021-01-29 11:22:38.212"
"ABB","29.790","14","29.800","19","11","29.68","7f047644-4db9-4c35-8e0c-1408e23f1f9d","2021-01-29 11:22:38.212"
"ABB","29.790","13","29.800","20","11","29.68","1957d68c-e121-4c97-9ba7-291ee9080434","2021-01-29 11:22:38.212"
"ABB","29.790","13","29.800","16","11","29.68","5ceddc73-28ad-442f-b3bf-09bb53ba4e35","2021-01-29 11:22:38.212"
"ABB","29.790","8","29.800","34","11","29.67","1d262fde-62a7-4ebe-befe-a0850538bc70","2021-01-29 11:22:47.908"
"ABB","29.780","2","29.790","18","11","29.67","9fdea406-e28a-451d-9c86-5fed058dc840","2021-01-29 11:22:47.908"
"ABB","29.680","9","29.690","21","-11","29.69","a3946b88-1647-4e70-b392-931a73ccb5e6","2021-01-29 11:23:50.387"
"ABB","29.680","9","29.690","21","-11","29.69","79145b6c-903d-4045-b5c1-dccc7da34374","2021-01-29 11:23:50.387"
"ABB","29.680","8","29.690","9","-11","29.69","9de1520d-1b91-4ee2-9276-6115fe270d07","2021-01-29 11:23:50.387"
"ABB","29.680","8","29.690","9","-11","29.69","9209b5d5-b77f-447d-a056-58234c10f717","2021-01-29 11:23:50.387"
"ABB","29.680","8","29.690","9","-11","29.69","1269efc4-441e-44f5-ac76-7539fffaacc4","2021-01-29 11:23:50.387"
"ABB","29.680","8","29.690","9","-11","29.69","41717310-ccc7-4d41-87ad-5b114e2b1b3f","2021-01-29 11:23:50.387"
"ABB","29.680","8","29.690","9","-11","29.69","a2dbc358-0182-4fa3-9b98-a407d534190c","2021-01-29 11:23:50.387"
"ABB","29.690","20","29.700","15","-11","29.70","f420183c-2c1e-44b3-9978-f94bb8b4526d","2021-01-29 11:25:49.826"
"ABB","29.820","2","29.830","16","11","29.64","a48a639f-eb34-4808-b43d-b86f6efff7b3","2021-01-29 11:27:15.984"
"ABB","29.820","2","29.830","16","11","29.64","a86b71ae-c598-444e-bab3-017aff3b364f","2021-01-29 11:27:15.984"
"ABB","29.800","16","29.810","6","11","29.64","999952db-f3ae-4c80-baf2-84f447c16524","2021-01-29 11:27:15.984"
"ABB","29.800","14","29.810","8","11","29.64","de1b804a-a803-4ddb-a0cb-08419ce88ea4","2021-01-29 11:27:15.984"
"ABB","29.610","11","29.620","7","-11","29.62","23f38887-0d00-4d9c-8954-237853b7f49a","2021-01-29 11:28:34.285"
"ABB","29.610","11","29.620","7","-11","29.62","c8d68436-4144-442e-ad3f-015f200214f8","2021-01-29 11:28:34.285"
"ABB","29.620","58","29.630","9","-11","29.63","59975ffb-ca6f-4851-be23-d5703c2605e2","2021-01-29 11:28:43.523"
"ABB","29.610","12","29.620","6","-11","29.63","092d7a4c-39de-4a3f-a0b0-82b2c42b9ffa","2021-01-29 11:29:32.857"
"ABB","29.680","6","29.690","14","11","29.61","cc863db7-0769-464d-99dc-b9a6c51eab24","2021-01-29 11:53:57.709"
"ABB","29.680","2","29.690","20","11","29.61","d5df196e-6e99-4eb4-8f1d-417492702ca0","2021-01-29 11:53:57.709"
"ABB","29.640","12","29.650","8","11","29.61","a780be9f-878c-4737-a530-24695b24fe95","2021-01-29 11:53:57.709"
"ABB","29.630","16","29.640","7","-11","29.65","7946a213-1ef6-4dc0-bfe1-ef86662f9168","2021-01-29 11:59:20.691"
"ABB","29.630","18","29.640","14","-11","29.64","732a9d8d-ce3f-497c-bb90-e103d6eba43d","2021-01-29 12:01:12.380"
"ABB","29.640","11","29.650","21","-11","29.65","c0ee68b9-af36-4f42-9744-707d0860ffba","2021-01-29 12:01:45.743"
"ABB","29.650","7","29.660","16","11","29.64","8cd281c2-6721-4a46-bbc4-439e5ebd79ef","2021-01-29 12:06:11.232"
"ABB","29.650","9","29.660","6","11","29.64","839c70ad-2288-481d-9e95-61428357d124","2021-01-29 12:06:11.232"
"ABB","29.650","6","29.660","13","11","29.63","7d17bb71-e044-4f34-b3e1-3e0da53132c4","2021-01-29 12:08:01.187"
"ABB","29.650","15","29.660","3","11","29.63","078a02a4-6476-4fd6-bce6-d93d6b8e8fb8","2021-01-29 12:08:01.187"
"ABB","29.630","13","29.640","13","-11","29.64","0c4a507d-b5ad-48fa-bb4a-fc66adf8a9f5","2021-01-29 12:08:48.534"
"ABB","29.630","13","29.640","13","-11","29.64","02023a53-acd7-4d7c-968d-93130cf7bb26","2021-01-29 12:08:48.534"
"ABB","29.630","14","29.640","8","-11","29.64","51b4e871-f68f-4dd1-a469-dad861d30865","2021-01-29 12:08:48.534"
"ABB","29.630","14","29.640","8","-11","29.64","db2559af-952e-4869-bc41-e75106818003","2021-01-29 12:08:48.534"
"ABB","29.650","8","29.660","19","11","29.61","4ef653a8-3450-4835-940f-34258034d6ab","2021-01-29 12:13:28.745"
"ABB","29.650","19","29.660","4","11","29.61","1d6ec91b-b606-4411-92a1-ddcbb1a27f50","2021-01-29 12:13:28.745"
"ABB","29.650","19","29.660","4","11","29.61","98d2ae63-5247-4656-99cd-768347021c44","2021-01-29 12:13:28.745"
"ABB","29.650","19","29.660","4","11","29.61","c2aa6f98-2a9d-4118-a01f-52964ca97fd7","2021-01-29 12:13:28.745"
"ABB","29.650","8","29.660","10","11","29.61","251f8998-3c1e-45d9-9611-ce9b2ca2e192","2021-01-29 12:13:28.745"
"ABB","29.650","8","29.660","17","11","29.61","a52dfb7d-3800-4706-8735-3706257b47ee","2021-01-29 12:13:28.745"
"ABB","29.650","8","29.660","19","11","29.61","47f553f9-8aae-4db8-998b-975767e0eb45","2021-01-29 12:13:28.745"
"ABB","29.650","8","29.660","19","11","29.61","ca9b2256-3897-49f7-94fe-ba2ef6bd7479","2021-01-29 12:13:28.745"
"ABB","29.490","14","29.500","22","-11","29.50","4f081cb8-254d-497b-8a92-8a3a8ae655ac","2021-01-29 12:15:30.231"
"ABB","29.490","14","29.500","22","-11","29.50","012af6b4-2720-4e1f-946d-b0129af6e891","2021-01-29 12:15:30.231"
"ABB","29.490","14","29.500","22","-11","29.50","7a7f62ae-083e-4775-8759-9bc9d409bf79","2021-01-29 12:15:30.231"
"ABB","29.500","13","29.510","17","-11","29.51","87edc54f-70b4-41cc-b88c-95f8e7e9474a","2021-01-29 12:15:42.623"
"ABB","29.500","13","29.510","17","-11","29.51","61aec12a-584f-4675-ba8d-9f60f3465044","2021-01-29 12:15:42.623"
"ABB","29.500","13","29.510","17","-11","29.51","96b82126-77e1-430b-aa79-aa26c01e53e7","2021-01-29 12:15:42.623"
"ABB","29.500","10","29.510","14","-11","29.51","74f698a7-c5ad-442b-9d97-f7eefb3bd62f","2021-01-29 12:16:01.079"
"ABB","29.530","13","29.540","16","-11","29.54","27ce3b8d-5854-4ef2-80bc-bb676304e2dd","2021-01-29 12:16:12.236"
"ABB","29.540","2","29.550","12","11","29.55","4463174e-0893-468e-9ef7-2704ef1a0b42","2021-01-29 12:27:00.006"
"ABB","29.550","5","29.560","12","-11","29.56","f8b9673c-d57a-4be8-bf41-388d5d5774b9","2021-01-29 12:30:40.115"
"ABB","29.560","6","29.570","16","11","29.51","ceacd500-2660-40aa-82a5-24e86a769d4f","2021-01-29 12:35:09.903"
"ABB","29.550","9","29.560","25","11","29.51","b03f7f5e-53b5-426a-a489-7dc7ca4e874b","2021-01-29 12:35:09.903"
"ABB","29.460","8","29.470","13","-11","29.47","3424a6bc-25ec-45fb-9288-03e51e06a20e","2021-01-29 12:40:00.558"
"ABB","29.460","8","29.470","13","-11","29.47","d6d01eab-fd0c-4598-b60b-9dc71d894151","2021-01-29 12:40:00.558"
"ABB","29.480","5","29.490","13","11","29.46","102645f1-8a28-4044-9b66-d176816943d6","2021-01-29 12:56:50.431"
"ABB","29.470","13","29.480","2","11","29.46","8444e2ff-82cf-4a23-8cfe-1785b054d66d","2021-01-29 12:56:50.431"
"ABB","29.470","3","29.480","22","11","29.46","94c286a8-cf3b-45eb-bfde-1cb80e791555","2021-01-29 12:56:50.431"
"ABB","29.460","12","29.470","14","11","29.46","3e5e3ab8-93bc-45b6-b01b-962e9c69f84a","2021-01-29 12:56:50.431"
"ABB","29.450","11","29.460","10","-11","29.46","99cb3a97-88ec-4bf9-83fa-9d3217ee0905","2021-01-29 12:57:21.379"
"ABB","29.450","11","29.460","10","-11","29.46","e53d28bf-673e-4b76-b617-e79ad5f7500c","2021-01-29 12:57:21.379"
"ABB","29.440","10","29.450","3","-11","29.45","591d78cc-fd6c-4b53-b072-e0a6d654a084","2021-01-29 12:58:06.599"
"ABB","29.430","3","29.440","19","-11","29.44","5ffc6cdf-bb77-4895-8f7e-8f1caf09c4de","2021-01-29 12:59:26.628"
"ABB","29.480","8","29.490","14","11","29.41","63fac2b8-2e88-4f06-82f8-ce93be880403","2021-01-29 13:12:20.276"
"ABB","29.480","7","29.490","10","11","29.41","e3260bbb-dd71-4be6-a131-1997aa980d2e","2021-01-29 13:12:20.276"
"ABB","29.480","9","29.490","3","11","29.41","db040a84-c40f-4de4-83da-07eed6a5bdd5","2021-01-29 13:12:20.276"
"ABB","29.400","8","29.410","13","-11","29.41","60e067f3-c8d8-4f0c-9809-c550da4873fb","2021-01-29 13:12:41.988"
"ABB","29.400","8","29.410","13","-11","29.41","2daa22ab-91fd-4ff1-8c7b-fcd99a3cd29a","2021-01-29 13:12:41.988"
"ABB","29.400","17","29.410","6","-11","29.41","7a63da60-1c85-4d14-9b1f-065c717832b7","2021-01-29 13:12:58.393"
"ABB","29.490","10","29.500","14","11","29.39","54809e45-fdc7-4b1c-b683-9618d99724f1","2021-01-29 13:15:22.038"
"ABB","29.480","8","29.490","9","11","29.39","0cc1ba11-865e-41f1-bddd-e5e8a09e66e5","2021-01-29 13:15:22.038"
"ABB","29.460","19","29.470","3","11","29.39","66ff0a73-0eac-416d-a79a-a16b826c4fa9","2021-01-29 13:15:22.038"
"ABB","29.470","15","29.480","13","11","29.39","21191b83-a810-4d37-8b50-c58a21400516","2021-01-29 13:15:22.038"
"ABB","29.480","10","29.490","19","11","29.39","0dcf2827-e51f-42e6-8e5a-a19805065108","2021-01-29 13:15:22.038"
"ABB","29.490","7","29.500","13","11","29.39","d534b4eb-8a82-44a7-825e-88d195c0077b","2021-01-29 13:15:22.038"
"ABB","29.490","6","29.500","12","11","29.39","a770ae3d-bbec-490c-b2c6-c0c47f74ba2e","2021-01-29 13:15:22.038"
"ABB","29.480","7","29.490","7","11","29.39","cea55008-4095-42bb-9d1d-b0d3469c778f","2021-01-29 13:15:22.038"
"ABB","29.480","7","29.490","14","11","29.39","406c4191-6e0c-4406-96a0-9cd28f1fd6f0","2021-01-29 13:15:22.038"
"ABB","29.480","11","29.490","16","11","29.39","041c8a27-1764-4e1b-ab9b-86b1bb96f9ba","2021-01-29 13:15:22.038"
"ABB","29.480","10","29.490","10","11","29.39","f0f7dfbf-02ed-4ddc-a5c6-3e5cbfd431a1","2021-01-29 13:15:22.038"
"ABB","29.470","2","29.480","20","11","29.39","86007a3a-f36b-4f9a-8390-37056c1d5816","2021-01-29 13:15:22.038"
"ABB","29.470","2","29.480","16","11","29.39","0bd00674-5305-4cec-a746-629296f69647","2021-01-29 13:15:22.038"
"ABB","29.470","2","29.480","16","11","29.39","14455e61-56b5-4ed3-a37e-b82cd3f08af9","2021-01-29 13:15:22.038"
"ABB","29.460","10","29.470","9","11","29.39","dd382755-d085-43b9-8fd2-e2346df52718","2021-01-29 13:15:22.038"
"ABB","29.380","2","29.390","15","-11","29.39","09887b4b-9ae4-4610-95e0-41c092fb8448","2021-01-29 13:16:09.151"
"ABB","29.380","2","29.390","15","-11","29.39","c107ce58-0d1b-473d-8cd2-77f5e231f326","2021-01-29 13:16:09.151"
"ABB","29.380","2","29.390","15","-11","29.39","6f1e3517-7295-49fb-8c52-be4c540f9e5f","2021-01-29 13:16:09.151"
"ABB","29.380","2","29.390","15","-11","29.39","dcfaf8fc-5f55-4fbf-bc5a-e0fea15c4108","2021-01-29 13:16:09.151"
"ABB","29.380","2","29.390","15","-11","29.39","5c41b2a2-ae28-4eef-ad8c-5cee205fd70d","2021-01-29 13:16:09.151"
"ABB","29.380","2","29.390","15","-11","29.39","9aa0001a-703a-47f4-9ce6-3958c37effb1","2021-01-29 13:16:09.151"
"ABB","29.380","2","29.390","15","-11","29.39","0e85aa41-6f08-4b08-88d9-e6d4d7c3121d","2021-01-29 13:16:09.151"
"ABB","29.380","2","29.390","15","-11","29.39","8cc3dfd4-aa0e-49e9-835f-56ee75661bb8","2021-01-29 13:16:09.151"
"ABB","29.380","1","29.390","15","-11","29.39","1e3d6187-8f7f-4c5b-a276-39e389094439","2021-01-29 13:16:09.151"
"ABB","29.380","1","29.390","15","-11","29.39","f0881c5d-a914-41a9-918e-cc41cb66d750","2021-01-29 13:16:09.151"
"ABB","29.380","1","29.390","15","-11","29.39","fb60bcf3-c02d-4200-acdf-3851b9ba1ff4","2021-01-29 13:16:09.151"
"ABB","29.380","1","29.390","15","-11","29.39","99b73e49-4087-464e-8eda-ace05d8868d2","2021-01-29 13:16:09.151"
"ABB","29.380","9","29.390","8","-11","29.39","f2433c26-3530-493f-be2c-705456b9ccfa","2021-01-29 13:16:22.422"
"ABB","29.380","3","29.390","15","-11","29.39","511deb50-b3f4-427b-9638-e39c5c0e2033","2021-01-29 13:16:37.630"
"ABB","29.360","19","29.370","1","-11","29.38","5cad8d4c-cff1-409e-a9b4-fe74be192d8f","2021-01-29 13:17:18.260"
"ABB","29.460","15","29.470","5","11","29.46","28fb81cb-7387-44cf-9021-dfb9f0dc32ec","2021-01-29 13:26:05.131"
"ABB","29.500","3","29.510","19","-11","29.51","adfd8f98-5f3e-4129-9a20-e03c737fcf19","2021-01-29 13:29:29.254"
"ABB","29.500","10","29.510","12","11","29.43","ca7b0086-71e5-4d88-b00c-2aae53e4141e","2021-01-29 13:58:58.736"
"ABB","29.500","17","29.510","9","11","29.43","42790575-421a-47a7-ade4-7e2f7dd80daf","2021-01-29 13:58:58.736"
"ABB","29.430","14","29.440","11","-11","29.44","db7dd2b0-5640-4e3e-ad13-81dd11ca36e6","2021-01-29 13:59:23.098"
"ABB","29.440","16","29.450","3","-11","29.45","61cd1a3c-b256-4cc1-9f15-dbd21247c396","2021-01-29 14:00:39.382"
"ABB","29.490","16","29.500","13","11","29.46","2895feb2-1e92-47d4-a946-202938ada47a","2021-01-29 14:28:51.823"
"ABB","29.490","16","29.500","13","11","29.46","d6c9dfb9-39ae-4dac-afeb-b6b68a7f358b","2021-01-29 14:28:51.823"
"ABB","29.490","16","29.500","13","11","29.46","a316323b-3b4d-4bfb-b9e5-296b92566147","2021-01-29 14:28:51.823"
"ABB","29.530","2","29.540","18","11","29.45","b1cd5bb3-065b-4f3c-92b2-076092668f6f","2021-01-29 14:30:44.237"
"ABB","29.560","5","29.570","19","11","29.44","2bd192c2-f5a9-42ec-aea1-b8fe8457cd5c","2021-01-29 14:30:50.602"
"ABB","29.560","5","29.570","19","11","29.44","b45a9d42-05c4-41d6-b84a-4ad7d3cfe0f8","2021-01-29 14:30:50.602"
"ABB","29.560","8","29.570","6","11","29.44","b96c9899-4b5b-44f7-beb0-181ff278b030","2021-01-29 14:30:50.602"
"ABB","29.550","7","29.560","8","11","29.44","0a0db10c-5d2e-493a-85de-1c8ef445efd1","2021-01-29 14:30:50.602"
"ABB","29.530","10","29.540","8","11","29.44","1e045129-2420-4c87-a65b-ddfd1e96ba2e","2021-01-29 14:30:50.602"
"ABB","29.500","14","29.510","6","11","29.44","3c6252bf-c09b-4c0f-897e-b37ba13fd6de","2021-01-29 14:30:50.602"
"ABB","29.500","11","29.510","7","11","29.44","8348b60c-a268-480c-adb9-69423844e99d","2021-01-29 14:30:50.602"
"ABB","29.440","7","29.450","14","-11","29.45","c82f5a7c-2dac-47a1-a63a-93ada235e77b","2021-01-29 14:31:01.925"
"ABB","29.440","7","29.450","14","-11","29.45","f2e181e4-db1b-4f5e-b74e-296dc8fcea03","2021-01-29 14:31:01.925"
"ABB","29.450","1","29.460","21","-11","29.46","9dd3ad34-3a63-4b06-bafc-14e1a231de22","2021-01-29 14:31:02.505"
"ABB","29.440","12","29.450","17","-11","29.45","6851861d-75c0-4b75-96f0-986dbed58ac9","2021-01-29 14:31:27.018"
"ABB","29.440","14","29.450","15","-11","29.45","eb0d5eee-6a28-4847-af5a-c03670fe5d6c","2021-01-29 14:31:47.480"
"ABB","29.440","14","29.450","15","-11","29.45","e1fd7029-bdaf-4ab0-bf4d-29080a59df2f","2021-01-29 14:31:47.480"
"ABB","29.440","14","29.450","15","-11","29.45","f148e1c4-1a62-458c-ad19-dfe6e574a0b9","2021-01-29 14:31:47.480"
"ABB","29.440","14","29.450","15","-11","29.45","b9274eb3-f63f-4fe8-af75-c40782821210","2021-01-29 14:31:47.480"
"ABB","29.440","8","29.450","15","-11","29.45","2cb0aca7-b9f8-448e-9fc6-00ee7d3b99b2","2021-01-29 14:32:00.070"
"ABB","29.440","8","29.450","15","-11","29.45","a672ed97-bddc-4de2-92a4-c9204ece6743","2021-01-29 14:32:00.070"
"ABB","29.440","8","29.450","15","-11","29.45","7199e3f0-c86c-4552-aee8-58aba7206bdd","2021-01-29 14:32:00.070"
"ABB","29.530","17","29.540","1","11","29.43","024f3657-b5ad-4915-a067-0a3d7845a348","2021-01-29 14:41:18.934"
"ABB","29.530","17","29.540","1","11","29.43","e0278032-14f1-4466-88d1-8c39139d7f43","2021-01-29 14:41:18.934"
"ABB","29.540","2","29.550","20","11","29.42","6ca43651-1a69-44ca-9daf-1b0c2f06b1ff","2021-01-29 14:41:25.267"
"ABB","29.510","5","29.520","12","11","29.42","9872cc5a-ada1-47dd-a772-53c2368f970d","2021-01-29 14:41:25.267"
"ABB","29.500","15","29.510","2","11","29.42","bf655de2-699e-460d-9fa0-9bb47c9dc908","2021-01-29 14:41:25.267"
"ABB","29.500","14","29.510","3","11","29.42","411e599e-271d-49c2-afb9-469c03838b96","2021-01-29 14:41:25.267"
"ABB","29.410","18","29.420","6","-11","29.42","6929c1c5-d54a-4c41-a0ab-27b075ee2a16","2021-01-29 14:41:40.373"
"ABB","29.430","8","29.440","13","-11","29.44","3202dfa6-0272-4f6e-8b1a-b68815d77f69","2021-01-29 14:42:02.947"
"ABB","29.430","8","29.440","13","-11","29.44","c2748995-037b-4ceb-9f24-47894a660ba3","2021-01-29 14:42:02.947"
"ABB","29.430","8","29.440","13","-11","29.44","122790dd-4574-484f-b060-a80f7877f67c","2021-01-29 14:42:02.947"
"ABB","29.430","4","29.440","16","-11","29.44","5896acc9-996d-48d5-acfe-45ba493f583f","2021-01-29 14:42:02.947"
"ABB","29.430","4","29.440","13","-11","29.44","4d0adcb7-a456-455c-a503-85b5df6052d1","2021-01-29 14:42:26.208"
"ABB","29.490","2","29.500","17","11","29.46","b3b7600f-56b7-403e-9db1-0b440c090fe7","2021-01-29 14:43:45.549"
"ABB","29.480","11","29.490","14","11","29.46","cdefca9f-a62e-43dc-b27b-02a2ba8b25e4","2021-01-29 14:43:45.549"
"ABB","29.430","9","29.440","15","-11","29.44","09e732b4-7858-4286-88ae-7fe9c2db6258","2021-01-29 14:55:36.342"
"ABB","29.440","14","29.450","17","-11","29.45","f8eaa771-31a8-4fbe-b059-9ab5c45ae4c6","2021-01-29 14:55:40.564"
"ABB","29.530","14","29.540","14","11","29.50","878e0a7e-42d0-4e65-b890-37512099b440","2021-01-29 15:37:18.355"
"ABB","29.480","19","29.490","28","-11","29.48","e4aa8a37-0285-4836-9eae-4773579f8fed","2021-01-29 15:48:00.006"
"ALB","168.300","2","168.730","2","2","167.04","1afde9b5-7d06-49e3-abe4-463c3c25261d","2021-01-29 10:27:12.838"
"ALB","167.880","2","168.360","2","2","166.87","5f292c26-5d55-466d-82e7-216706b5879f","2021-01-29 10:29:49.161"
"ALB","167.880","2","168.360","2","2","166.87","c93782cf-7c62-4cb8-bb1b-3669f2d89b98","2021-01-29 10:29:49.161"
"ALB","168.020","1","168.360","2","2","166.87","91712a1f-793c-42a3-8713-8434af15717d","2021-01-29 10:29:49.161"
"ALB","168.020","2","168.360","2","2","166.87","30abed29-5c5d-47f3-a938-93520e89556e","2021-01-29 10:29:49.161"
"ALB","166.740","1","166.940","1","-2","166.94","dd4eeea3-49eb-4418-a1d2-4bb5e0b64b71","2021-01-29 10:31:22.073"
"ALB","166.740","1","166.940","1","-2","166.94","aa857ac7-0e42-49b0-a3c2-933014593e86","2021-01-29 10:31:22.073"
"ALB","166.740","1","166.940","1","-2","166.94","b533d72f-5ee5-4569-9480-72515ab5639f","2021-01-29 10:31:22.073"
"ALB","166.740","2","166.940","2","-2","166.96","56e75517-bbf5-4206-9788-48c17160047d","2021-01-29 10:31:30.704"
"ALB","168.180","1","168.500","1","2","166.72","51ebd136-0883-4464-ad04-19e451bd7cab","2021-01-29 10:32:48.256"
"ALB","168.180","1","168.500","1","2","166.72","6b5660b5-8323-46d5-9a0e-cca01f74dae3","2021-01-29 10:32:48.256"
"ALB","166.770","3","166.980","2","-2","166.98","f81ff67d-5d3a-457f-a0cb-0081a78b5a66","2021-01-29 10:35:21.347"
"ALB","166.770","3","166.980","2","-2","166.98","7990e318-6553-469f-acf8-868210cd75c5","2021-01-29 10:35:21.347"
"ALB","166.770","3","166.980","2","-2","166.98","43cb7a8d-1c75-4e11-9c10-687cc8bb98d3","2021-01-29 10:35:21.347"
"ALB","166.270","3","166.640","2","2","166.64","06400592-70a3-4cef-bfc1-12401465dda6","2021-01-29 10:51:50.006"
"ALB","166.400","2","166.670","1","-2","166.69","21c17caf-aaa8-469b-b328-13b0bd7a69dd","2021-01-29 10:58:56.215"
"ALB","166.260","3","166.600","1","2","166.18","6bdd4d72-514b-4c16-9bb4-4f9a6127d444","2021-01-29 11:03:36.592"
"ALB","166.430","4","166.930","1","2","166.02","21ebe321-7225-401a-bfc3-1215931b269d","2021-01-29 11:03:56.953"
"ALB","166.660","4","167.130","1","2","166.02","1c234eb9-d7ca-40f2-90e8-49585ff32134","2021-01-29 11:03:56.953"
"ALB","166.330","2","166.680","1","2","166.02","bd5d55b7-afc8-44e3-b075-290fa9575e7a","2021-01-29 11:03:56.953"
"ALB","166.400","1","166.680","1","2","166.02","4e1500ed-4b0d-4496-a9df-86b0a352e5b5","2021-01-29 11:03:56.953"
"ALB","166.320","2","166.590","1","2","166.02","3e685e88-77b6-42d1-ac81-364cb1df0ba5","2021-01-29 11:03:56.953"
"ALB","166.490","3","166.790","2","2","166.02","e6292c20-ae34-4d4a-95ef-cca521df067c","2021-01-29 11:03:56.953"
"ALB","166.490","3","166.790","2","2","166.02","9b6f4d51-cd40-487b-b67d-48dd9ce400b1","2021-01-29 11:03:56.953"
"ALB","166.450","2","166.790","1","2","166.02","35bf4383-a9db-481d-8051-e56bfc6fda48","2021-01-29 11:03:56.953"
"ALB","166.470","1","166.790","1","2","166.02","9a791da3-27e8-4c6b-8cd9-1be70a10e636","2021-01-29 11:03:56.953"
"ALB","166.480","1","166.790","1","2","166.02","3909e9d5-8187-461c-9ebc-f0edbddb4e45","2021-01-29 11:03:56.953"
"ALB","166.470","3","166.790","1","2","166.02","3276bc52-056e-4cac-9bc2-f0baf924f99e","2021-01-29 11:03:56.953"
"ALB","166.470","1","166.790","1","2","166.02","08a1287e-bea1-4a46-8ffd-d11128c99cb9","2021-01-29 11:03:56.953"
"ALB","166.480","1","166.790","1","2","166.02","efa00061-24ad-465d-8eff-c44a9ce29a1a","2021-01-29 11:03:56.953"
"ALB","165.970","1","166.280","3","-2","166.28","f39b83d7-de09-4435-b76a-67e6fd67a784","2021-01-29 11:06:14.795"
"ALB","165.970","1","166.280","3","-2","166.28","f9aa9ac5-2537-4f9f-8464-51ced8128887","2021-01-29 11:06:14.795"
"ALB","166.030","1","166.310","2","-2","166.32","59f3f0c2-4f29-429e-8942-a4df96b6cfee","2021-01-29 11:06:15.576"
"ALB","166.030","1","166.310","2","-2","166.32","41a29dc3-9684-467a-9dbe-837f75a9232d","2021-01-29 11:06:15.576"
"ALB","166.030","1","166.310","2","-2","166.32","756afc2f-4aff-404c-882c-522f8576736e","2021-01-29 11:06:15.576"
"ALB","166.030","1","166.310","2","-2","166.32","091cb992-437b-471b-a6c0-9a7498abf01e","2021-01-29 11:06:15.576"
"ALB","166.030","1","166.310","2","-2","166.32","b78dc53d-e824-480e-b244-382013da0e5d","2021-01-29 11:06:15.576"
"ALB","166.030","1","166.310","2","-2","166.32","4ca13a6f-4466-4ae2-85aa-563740285668","2021-01-29 11:06:15.576"
"ALB","166.030","1","166.310","2","-2","166.32","535d3d74-07dc-4c15-adda-424cae144222","2021-01-29 11:06:15.576"
"ALB","166.030","1","166.310","2","-2","166.32","de917c58-5112-4a3a-8586-b816164ac2de","2021-01-29 11:06:15.576"
"ALB","166.030","1","166.310","2","-2","166.32","20d429d9-8af3-45ba-bf47-cd1e476ba351","2021-01-29 11:06:15.576"
"ALB","166.030","1","166.310","2","-2","166.32","9aa4b02d-c60b-4584-b676-2f5603855be8","2021-01-29 11:06:15.576"
"ALB","166.150","3","166.430","1","-2","166.43","4f4c0182-1cfe-42f5-94ba-3858b5bfca18","2021-01-29 11:06:23.750"
"ALB","166.170","1","166.360","1","-2","166.36","5e414ddf-ee89-453d-bbab-2510a48413ff","2021-01-29 11:07:19.691"
"ALB","167.070","3","167.790","2","2","165.45","3068256c-f9b6-465b-80b2-79fbd05556a0","2021-01-29 11:20:28.099"
"ALB","167.650","1","168.240","1","2","165.45","879f7f8b-06bf-4a97-8d63-3961b01dc817","2021-01-29 11:20:28.099"
"ALB","168.000","1","168.610","1","2","165.45","b5425d7b-28b1-4ff3-b041-4de920b8d84a","2021-01-29 11:20:28.099"
"ALB","168.000","1","168.580","2","2","165.45","288c38cc-de32-4e4e-90f5-832e2d197625","2021-01-29 11:20:28.099"
"ALB","165.480","2","165.700","2","-2","165.70","76840b2c-087e-4059-9c75-e0edc5e19f6b","2021-01-29 11:21:30.638"
"ALB","165.480","2","165.700","2","-2","165.70","7cbcb75f-b1ab-4636-83c5-b7262ca3c2d7","2021-01-29 11:21:30.638"
"ALB","165.480","2","165.700","2","-2","165.70","d447762b-a374-4537-9daa-ec890ecbdb7f","2021-01-29 11:21:30.638"
"ALB","165.600","2","165.840","1","-2","165.84","741c3de9-1657-4b00-a7c9-7e31df90d6c4","2021-01-29 11:21:44.596"
"ALB","165.110","2","165.410","1","2","165.41","b94442ed-4bbb-4b9d-aa1f-9ef507d9142b","2021-01-29 11:41:40.006"
"ALB","165.060","2","165.430","1","-2","165.43","4cc3a4d3-c1e4-46dd-9e24-9cc3cdd7bac1","2021-01-29 11:46:46.579"
"ALB","165.430","2","165.680","3","2","165.18","b4ccd367-de2e-43e5-b2f2-ebc5204fe798","2021-01-29 12:02:51.938"
"ALB","165.430","2","165.630","1","2","165.18","7248cf63-4ccb-4208-919f-b7e0d41d3963","2021-01-29 12:02:51.938"
"ALB","165.430","4","165.630","3","2","165.15","9ff8e5f6-bca8-4e94-b2e4-e55951153db2","2021-01-29 12:02:57.114"
"ALB","165.460","2","165.620","1","2","165.15","393946a1-9dc1-440b-960f-b793ad89ea9d","2021-01-29 12:02:57.114"
"ALB","165.460","2","165.620","1","2","165.15","4722d7ef-3346-4b8f-8fff-965c002a6471","2021-01-29 12:02:57.114"
"ALB","165.460","2","165.620","1","2","165.15","4002c869-acfe-43ed-889d-463abb698f55","2021-01-29 12:02:57.114"
"ALB","165.090","1","165.260","3","-2","165.26","5a5a75c3-f748-48a1-be76-9e81a130d1c8","2021-01-29 12:03:16.633"
"ALB","165.090","1","165.260","3","-2","165.26","e88cfabe-a7f9-4f74-a96c-fa168b613f23","2021-01-29 12:03:16.633"
"ALB","165.090","1","165.260","3","-2","165.26","f1897aea-f831-449c-99ef-9bede57a84d3","2021-01-29 12:03:16.633"
"ALB","165.060","2","165.330","4","-2","165.33","387bf22d-6921-4514-8a44-9db1a1853886","2021-01-29 12:04:04.740"
"ALB","165.060","2","165.330","4","-2","165.33","bd0fcd2a-9612-47eb-933d-f959f8889ce5","2021-01-29 12:04:04.740"
"ALB","165.180","1","165.330","2","-2","165.33","a56dc34e-f2f6-4719-9f8e-7c222bb75bb7","2021-01-29 12:04:04.740"
"ALB","165.470","2","165.850","3","2","165.05","cf61ae72-5bb0-4a03-8077-c81f2dfb61a1","2021-01-29 12:07:05.211"
"ALB","165.430","2","165.710","3","2","165.05","0a57182d-cf60-4464-be60-054e6030c8b7","2021-01-29 12:07:05.211"
"ALB","164.800","2","164.940","1","-2","164.94","ea13e7e6-cd1a-4ed1-91f7-44217bf05abc","2021-01-29 12:08:20.965"
"ALB","164.940","1","165.250","2","-2","165.27","eaa631b3-ddc1-418e-8dec-369b672b1097","2021-01-29 12:08:42.527"
"ALB","165.040","2","165.320","1","2","164.80","e1fc0b86-0b6c-4354-aefc-5a3bcb8b8c07","2021-01-29 12:13:41.570"
"ALB","165.200","2","165.410","1","2","164.80","7274cbd9-9fc8-4916-9330-a1f7203dbe84","2021-01-29 12:13:41.570"
"ALB","165.220","1","165.460","1","2","164.80","50e3dfd3-eef9-444e-93e9-cc7999c2ef05","2021-01-29 12:13:41.570"
"ALB","165.220","2","165.430","2","2","164.80","36955635-ef60-44f6-b284-094648f9819b","2021-01-29 12:13:41.570"
"ALB","165.150","2","165.420","2","2","164.80","3e43fb5e-9a29-4c6c-bb97-687073bcc159","2021-01-29 12:13:41.570"
"ALB","165.140","1","165.360","2","2","164.80","5ad78378-32df-4d66-bead-c66212d230a6","2021-01-29 12:13:41.570"
"ALB","165.060","2","165.260","2","2","164.80","2fb24876-7a47-4037-a3b7-fd3db9e40dc1","2021-01-29 12:13:41.570"
"ALB","165.000","2","165.300","1","2","164.69","36448c8a-8d56-4110-951a-60e9b74eb380","2021-01-29 12:14:12.757"
"ALB","165.000","1","165.250","1","2","164.69","c600b79c-5f34-4b30-bd0a-f0936e6b7c85","2021-01-29 12:14:12.757"
"ALB","164.590","3","164.750","1","-2","164.75","1028857d-9c0d-4c17-b871-829b4c1b402b","2021-01-29 12:14:27.011"
"ALB","165.200","2","165.320","1","2","164.54","06eec64b-eb0d-4e60-9bf9-632d71a8c2f7","2021-01-29 12:15:03.328"
"ALB","165.050","1","165.320","1","2","164.54","aa673fb0-c5bd-4c85-bf40-5703d0b5fd91","2021-01-29 12:15:03.328"
"ALB","165.190","1","165.470","1","2","164.54","82b237a3-3fe4-40ff-8e1a-ae74a1531305","2021-01-29 12:15:03.328"
"ALB","165.190","3","165.630","1","2","164.54","62e27e58-423b-4e80-a1a7-60a40f03c138","2021-01-29 12:15:03.328"
"ALB","165.190","2","165.430","1","2","164.54","85535282-2cf1-4539-be24-26d77849d25d","2021-01-29 12:15:03.328"
"ALB","165.190","2","165.350","1","2","164.54","24017637-b8aa-4fd5-9e41-ccd0e83de269","2021-01-29 12:15:03.328"
"ALB","165.190","1","165.350","1","2","164.54","e3d84739-19d5-442f-b8d6-c4ce8f9bd93e","2021-01-29 12:15:03.328"
"ALB","165.260","2","165.570","2","2","164.54","e58decaa-1430-4f99-a580-a9baa4cc2254","2021-01-29 12:15:03.328"
"ALB","165.260","2","165.570","2","2","164.54","ef042ab8-41e8-4a3c-9390-e3f66c29e60c","2021-01-29 12:15:03.328"
"ALB","165.260","2","165.570","2","2","164.54","102e5d78-548a-41d3-906f-7a8c25af3c6d","2021-01-29 12:15:03.328"
"ALB","165.260","2","165.570","2","2","164.54","7acd7dd1-6774-400f-af47-138c24d0c75c","2021-01-29 12:15:03.328"
"ALB","164.300","1","164.510","1","-2","164.53","3381e739-892d-42ef-b665-58194d5fc030","2021-01-29 12:15:54.578"
"ALB","164.300","1","164.510","1","-2","164.53","7fb6adf7-d0ac-4e52-be19-04bbe3e5a0a6","2021-01-29 12:15:54.578"
"ALB","164.300","1","164.510","1","-2","164.53","cb8fb300-c362-4b2c-bce6-7abf979c1d0f","2021-01-29 12:15:54.578"
"ALB","164.300","1","164.510","1","-2","164.53","e0b75f1d-3df5-470d-8adb-e5add665a92d","2021-01-29 12:15:54.578"
"ALB","164.300","1","164.510","1","-2","164.53","3f371a24-0e2d-44c9-b9ca-a770d6c78eef","2021-01-29 12:15:54.578"
"ALB","164.300","1","164.510","1","-2","164.53","da186ad4-0d36-4daa-bd50-a2152d29ef63","2021-01-29 12:15:54.578"
"ALB","166.750","2","167.250","3","2","164.25","a9b446a5-f5b4-4168-b5fa-d0afadc9712a","2021-01-29 12:16:06.154"
"ALB","166.760","2","167.110","3","2","164.25","5af49309-72bc-444e-891a-3fe7835c5661","2021-01-29 12:16:06.154"
"ALB","167.060","2","167.640","3","2","164.25","6370b4a3-b41e-43ae-aac8-895c100f4aea","2021-01-29 12:16:06.154"
"ALB","167.050","1","167.630","1","2","164.25","1ea00f01-ac8b-445c-8c1f-7b23ba97e0da","2021-01-29 12:16:06.154"
"ALB","164.220","1","164.320","1","-2","164.32","eb78bb69-4242-4893-88af-d773d068c5cb","2021-01-29 12:17:41.861"
"ALB","164.220","1","164.320","1","-2","164.32","e2316f12-c739-4d69-b363-477e79e7d475","2021-01-29 12:17:41.861"
"ALB","164.220","1","164.320","1","-2","164.32","d5722f90-e2fd-4fbf-b052-21e347bb2131","2021-01-29 12:17:41.861"
"ALB","164.170","1","164.350","1","-2","164.35","58338bdc-c7aa-4c0f-9ff4-8f481d2aaf6f","2021-01-29 12:17:41.864"
"ALB","164.170","1","164.350","1","-2","164.35","b485655c-d708-465c-aada-3663c8cda9b6","2021-01-29 12:17:41.864"
"ALB","164.170","1","164.350","1","-2","164.35","b2bf54f2-8d78-4adc-a1d9-383b18d5dc97","2021-01-29 12:17:41.864"
"ALB","164.170","1","164.350","1","-2","164.35","b79220f9-c5df-41d8-97da-4ceac4e8d4f4","2021-01-29 12:17:41.864"
"ALB","164.170","1","164.350","1","-2","164.35","8f588234-7e65-422c-9006-a473dea6dddc","2021-01-29 12:17:41.864"
"ALB","164.170","1","164.350","1","-2","164.35","48c39efb-3cd0-4987-92db-56db771a6ee0","2021-01-29 12:17:41.864"
"ALB","166.360","1","166.830","1","2","164.10","7bf73eeb-164e-4cfe-918b-48bb14e164ae","2021-01-29 12:18:12.690"
"ALB","166.380","1","166.840","1","2","164.10","da748471-4ac0-472d-bf4a-1a73af7e84b4","2021-01-29 12:18:12.690"
"ALB","166.440","2","167.000","3","2","164.10","eb0c93d8-6812-41c5-9056-5e5a90636244","2021-01-29 12:18:12.690"
"ALB","164.030","1","164.180","2","-2","164.18","957bf871-5bc0-4be4-b15c-0f367a6045f0","2021-01-29 12:18:34.173"
"ALB","164.030","1","164.180","2","-2","164.18","98c33001-841b-4d3e-909f-eb53c58e7492","2021-01-29 12:18:34.173"
"ALB","164.030","1","164.180","2","-2","164.18","5e2a0e26-ab3b-4eaa-8ba2-09f4c3b277ac","2021-01-29 12:18:34.173"
"ALB","164.030","1","164.180","2","-2","164.18","4d24388a-2446-4e22-b819-f1d0a6a75973","2021-01-29 12:18:34.173"
"ALB","164.030","2","164.180","2","-2","164.18","6541d179-eef1-49c3-a8ad-f998e5e6f328","2021-01-29 12:18:34.173"
"ALB","164.030","2","164.180","2","-2","164.18","b5560fbb-69c4-4e0a-bd52-640fa8b9e8c0","2021-01-29 12:18:34.173"
"ALB","164.030","2","164.180","2","-2","164.18","05e78abb-5c1f-4c17-b00a-6dc3b7c1392b","2021-01-29 12:18:34.173"
"ALB","164.030","2","164.180","2","-2","164.18","2ddd661a-c396-45ba-9a6f-a26801b881ec","2021-01-29 12:18:34.173"
"ALB","164.040","5","164.260","1","-2","164.30","36755368-41ec-414c-b11d-32d9e6baf4fd","2021-01-29 12:18:45.721"
"ALB","164.040","5","164.260","1","-2","164.30","d6bcdabc-a3fa-4877-9a07-8aeb5edc58d9","2021-01-29 12:18:45.721"
"ALB","164.180","2","164.370","1","-2","164.37","dedee082-ff6e-4bd6-9241-9395cbbc7362","2021-01-29 12:18:51.196"
"ALB","161.420","1","161.570","2","2","161.57","8b0824ad-116d-4ddc-b5d7-fab998f0b273","2021-01-29 13:00:00.006"
"ALB","161.070","1","161.330","2","-2","161.33","12eb981c-fddd-45e8-8e0b-15db4f7cc0b3","2021-01-29 13:00:21.698"
"ALB","161.650","3","161.920","1","2","161.76","e4844896-b696-49e6-918f-cdd0a80bfeef","2021-01-29 13:13:42.571"
"ALB","161.690","1","161.990","3","2","161.23","4f0c04db-c5ca-4aff-b1c9-81c82ca0c1b9","2021-01-29 13:13:56.166"
"ALB","161.680","3","161.920","1","2","161.23","6264aa10-6547-4019-a0f4-b78c91dbe6b5","2021-01-29 13:13:56.166"
"ALB","161.680","3","161.920","1","2","161.23","f719f46b-908c-4e23-8fb0-9d5fdc981a59","2021-01-29 13:13:56.166"
"ALB","161.680","3","161.920","1","2","161.23","7e756a0d-9948-44bb-b37b-4d7a1ca431f1","2021-01-29 13:13:56.166"
"ALB","162.020","4","162.300","1","2","161.13","2c2c7a97-295d-4652-bbcd-be9dc5b86523","2021-01-29 13:15:05.744"
"ALB","162.030","1","162.300","1","2","161.13","82926b4e-2020-4bb9-be98-71cd0bf1d6e7","2021-01-29 13:15:05.744"
"ALB","161.900","2","162.150","1","2","161.13","809bfdb9-c3e5-4abb-acf7-5475bcc66aa5","2021-01-29 13:15:05.744"
"ALB","161.890","1","162.030","1","2","161.13","e4ef9727-47ef-47c3-897f-19af03d8e7b7","2021-01-29 13:15:05.744"
"ALB","160.840","1","161.000","1","-2","161.02","627c6728-17b8-4707-91ea-783840a37065","2021-01-29 13:15:52.632"
"ALB","160.840","1","161.000","1","-2","161.02","df218570-fbbe-4a09-8491-5f053d9159f5","2021-01-29 13:15:52.632"
"ALB","160.840","1","161.000","1","-2","161.02","d6e122b3-a191-48de-ab02-006f80e837e7","2021-01-29 13:15:52.632"
"ALB","160.840","1","161.000","1","-2","161.02","2631f317-c21d-44b3-88d8-f18279bceb61","2021-01-29 13:15:52.632"
"ALB","160.840","1","161.000","1","-2","161.02","7d028510-1fad-4a23-a606-c00dcfa6fa30","2021-01-29 13:15:52.632"
"ALB","160.620","2","160.860","1","-2","160.86","07fd0693-1c36-4025-a18f-feac51befddb","2021-01-29 13:16:03.829"
"ALB","160.620","2","160.860","1","-2","160.86","f2d8a8bb-ce94-4709-a410-3fb28ea9de62","2021-01-29 13:16:03.829"
"ALB","160.700","1","161.010","1","-2","161.01","0567626c-ab83-4956-b67d-83fbc99c8518","2021-01-29 13:17:41.871"
"ALB","162.030","4","162.370","2","2","160.65","c6f5e00f-b4ca-47bf-9adb-c07a5520ff70","2021-01-29 13:18:58.987"
"ALB","161.570","2","161.870","1","2","160.65","f23a3389-58a7-41a3-a7a4-5b53710b007d","2021-01-29 13:18:58.987"
"ALB","161.610","2","161.870","1","2","160.65","e6f86f45-6d35-469f-97ef-6ad252e4291c","2021-01-29 13:18:58.987"
"ALB","161.640","1","161.870","1","2","160.65","69b63ea0-6b07-433d-a7ac-0af6d466b6bd","2021-01-29 13:18:58.987"
"ALB","161.450","1","161.540","1","2","160.65","0838e7d6-5e14-4321-8dd6-87a0a4934117","2021-01-29 13:18:58.987"
"ALB","161.450","1","161.540","2","2","160.65","f2775720-ca95-4802-a59d-c9e72360e4d1","2021-01-29 13:18:58.987"
"ALB","161.410","2","161.540","2","2","160.65","690c76d1-6488-4e13-bdfb-88097155e72c","2021-01-29 13:18:58.987"
"ALB","160.540","3","160.750","1","-2","160.75","d3f97344-40e5-4dbe-9969-80ab21b9480c","2021-01-29 13:19:18.762"
"ALB","160.690","1","160.870","1","-2","160.89","d9d7503e-c8d5-4702-a738-bfc0592d07a6","2021-01-29 13:20:04.106"
"ALB","160.690","1","160.870","1","-2","160.89","0f2a3e37-a94c-400d-82e2-3106cfd8ca1f","2021-01-29 13:20:04.106"
"ALB","160.660","1","160.870","1","-2","160.89","5181d055-3d2f-4530-9908-c7189417fcd4","2021-01-29 13:20:04.106"
"ALB","160.660","1","160.870","1","-2","160.89","cca74548-9deb-4ee2-8988-20b3b84ca25a","2021-01-29 13:20:04.106"
"ALB","160.660","1","160.870","1","-2","160.89","73b49f99-e571-45c5-b97d-d9957bd3e760","2021-01-29 13:20:04.106"
"ALB","160.600","2","160.900","1","-2","160.90","baa14913-d12a-40c1-9bbc-60f14b7657b2","2021-01-29 13:20:10.042"
"ALB","160.600","4","160.900","1","-2","160.90","cf7b7e33-bc6d-4ccf-a094-b8b84f968119","2021-01-29 13:20:20.889"
"ALB","161.430","4","161.660","1","2","161.66","f5a6cd6f-335c-47cb-883d-ed4366ca99d2","2021-01-29 13:22:20.006"
"ALB","161.840","4","162.180","1","-2","162.18","aab417e6-952c-479c-884a-4ac80047f1b4","2021-01-29 13:26:53.911"
"ALB","161.920","1","162.190","1","2","161.60","0780386c-e666-4c7d-96c1-468b979979d8","2021-01-29 13:45:01.632"
"ALB","161.940","1","162.190","1","2","161.60","7ff81f17-419b-4a51-bff9-0fdb397dfa17","2021-01-29 13:45:01.632"
"ALB","162.020","3","162.190","2","2","161.57","610933b6-59de-479b-a6be-8770021fb781","2021-01-29 13:45:01.632"
"ALB","162.180","4","162.710","3","2","161.57","41405707-4a7b-492a-8d9d-1b135f7dff37","2021-01-29 13:45:01.632"
"ALB","162.200","4","162.610","1","2","161.57","1d2f2014-949d-4b5f-8d22-fcdd7a99f27d","2021-01-29 13:45:01.632"
"ALB","161.640","1","161.870","1","-2","161.87","2d68060d-3e94-4a66-a319-c6c74ea4cb71","2021-01-29 13:45:23.376"
"ALB","161.640","1","161.870","1","-2","161.87","f2eb0e71-68b4-4bc1-8556-aef906b0e829","2021-01-29 13:45:23.376"
"ALB","161.640","1","161.870","1","-2","161.87","a8193bfe-dcb4-4f9a-a003-e99a6efb05cc","2021-01-29 13:45:23.376"
"ALB","161.790","1","162.030","1","-2","162.03","81ee9e07-8fe1-4f40-9052-09c1ec33aa32","2021-01-29 13:45:39.052"
"ALB","161.640","1","161.750","2","-2","161.75","9eeca1d9-2e87-4c84-bc61-68cea173242d","2021-01-29 13:46:21.885"
"ALB","162.200","4","162.610","1","2","161.25","833dbdae-967c-4038-8b98-4bb29755011d","2021-01-29 13:46:52.165"
"ALB","162.210","4","162.610","1","2","161.25","fc723db7-26ef-4a71-b760-efc4002db703","2021-01-29 13:46:52.165"
"ALB","162.520","2","162.790","2","2","161.25","bf5d83c2-f318-4602-bbe7-90157f39bd7e","2021-01-29 13:46:52.165"
"ALB","162.520","2","162.790","1","2","161.25","41369d61-d35a-4932-bd51-ef27fb06bb34","2021-01-29 13:46:52.165"
"ALB","162.510","1","162.780","1","2","161.25","4de70240-3121-42d8-aeb1-52252030cbf2","2021-01-29 13:46:52.165"
"ALB","162.370","1","162.510","3","2","161.25","56f39654-1575-4f42-847c-715874ce0c47","2021-01-29 13:46:52.165"
"ALB","161.410","3","161.650","2","-2","161.65","cb86d679-5bea-478f-88e3-712ec7088f85","2021-01-29 13:47:23.621"
"ALB","161.410","3","161.650","2","-2","161.65","9f8cdd29-25de-43de-abaa-731be252e357","2021-01-29 13:47:23.621"
"ALB","161.410","3","161.650","2","-2","161.65","db2fb527-8ba5-4178-b52b-cc67286b2ba5","2021-01-29 13:47:23.621"
"ALB","161.410","5","161.650","2","-2","161.65","7600eb1e-803c-47f5-bd1e-0a706499ec9c","2021-01-29 13:47:47.202"
"ALB","161.410","3","161.650","3","-2","161.65","534706fd-1ef3-405a-b2fe-c8adccd01860","2021-01-29 13:47:52.153"
"ALB","161.160","1","161.330","2","-2","161.33","adefcf38-ba8d-4dfc-8de8-e3fcf77be22c","2021-01-29 13:48:30.933"
"ALB","161.880","1","161.990","1","2","161.19","2b8a8ef5-08d4-4fb2-b2d4-9c458a0a2733","2021-01-29 13:48:34.823"
"ALB","161.880","1","161.990","1","2","161.19","28526135-761d-403b-9794-30d2d653a78d","2021-01-29 13:48:34.823"
"ALB","161.670","1","161.900","2","2","161.19","88600284-34cb-4671-ab14-76a24b2fdd76","2021-01-29 13:48:34.823"
"ALB","161.640","1","161.890","2","2","161.19","4a980611-f478-4d3a-95f5-3e242039afc2","2021-01-29 13:48:34.823"
"ALB","161.500","1","161.820","6","2","161.19","83d6db64-7c62-4e44-ad4d-52a1c823e895","2021-01-29 13:48:34.823"
"ALB","162.020","4","162.380","2","2","161.16","42f7ca36-668b-4cef-b0d5-a40157fda660","2021-01-29 13:48:35.543"
"ALB","162.040","3","162.360","1","2","161.16","bf35464f-4d48-47e7-80be-7554b8e0c225","2021-01-29 13:48:35.543"
"ALB","162.130","5","162.380","1","2","161.16","0ab6e1c9-edc4-4858-adaf-b8c3fb281c49","2021-01-29 13:48:35.543"
"ALB","161.990","1","162.250","3","2","161.16","2ee7dda2-f735-45af-a33e-07693bb842ab","2021-01-29 13:48:35.543"
"ALB","161.040","3","161.230","1","-2","161.23","75c572e5-cfd7-4c80-9e7c-d2f0794b968e","2021-01-29 13:49:06.013"
"ALB","161.040","3","161.230","1","-2","161.23","b042f579-72ec-417a-b17a-9fdba198b583","2021-01-29 13:49:06.013"
"ALB","161.120","1","161.320","2","-2","161.32","2b7a84b3-dafe-4b49-bfa6-894cd3bae976","2021-01-29 13:49:40.385"
"ALB","161.120","1","161.320","2","-2","161.32","bf1c90e5-af41-4257-8186-fa3fdfbad297","2021-01-29 13:49:40.385"
"ALB","161.120","1","161.320","2","-2","161.32","058a9f41-9d29-47a8-91c6-da7a0b2b4494","2021-01-29 13:49:40.385"
"ALB","161.120","1","161.320","2","-2","161.32","3315451b-69ff-411e-accd-89b83dce8ca6","2021-01-29 13:49:40.385"
"ALB","161.120","1","161.320","2","-2","161.32","7f0d8d99-bc86-4023-97d0-139fad01d4fc","2021-01-29 13:49:40.385"
"ALB","161.010","2","161.300","4","-2","161.30","924cf823-963a-401a-affc-878ce00819ed","2021-01-29 13:50:13.837"
"ALB","161.000","6","161.310","6","-2","161.31","ce09f481-fbe7-4b3d-952a-1edf23ca4126","2021-01-29 13:50:13.869"
"ALB","162.300","2","162.490","1","2","161.63","f7fdd28c-8089-4a2e-93b8-9a3bc1e9f89b","2021-01-29 14:28:17.537"
"ALB","162.300","5","162.530","1","2","161.63","3b8450c7-7693-4fe5-9e24-fff9d2aa09e3","2021-01-29 14:28:17.537"
"ALB","161.990","1","162.180","1","2","161.33","536f32ce-ee4e-4723-8478-a1c1883ad275","2021-01-29 14:28:40.747"
"ALB","161.440","1","161.610","2","-2","161.61","d1a16b59-9e33-4380-b3ab-4507223b51d1","2021-01-29 14:30:09.376"
"ALB","162.130","1","162.470","2","2","161.31","c9ddb9a0-c91b-4d9c-841f-f1152ae7eb01","2021-01-29 14:31:08.499"
"ALB","162.130","1","162.470","2","2","161.31","37f280b7-ecfe-409f-984a-2a82bfd44d9c","2021-01-29 14:31:08.499"
"ALB","162.130","3","162.460","1","2","161.31","0cd6d6f5-61c7-4a8e-a09f-3dd48578d0c4","2021-01-29 14:31:08.499"
"ALB","162.150","1","162.460","1","2","161.13","dcab787f-2146-4cfe-a770-c7e2ce390f14","2021-01-29 14:31:34.973"
"ALB","162.140","1","162.450","1","2","161.13","263518ec-19b3-4e08-8744-a75ee558d80f","2021-01-29 14:31:34.973"
"ALB","161.100","1","161.300","1","-2","161.30","8596a62c-0d20-4a03-8f75-e136c314f1de","2021-01-29 14:32:54.617"
"ALB","162.150","2","162.330","1","2","161.02","19804553-e6c7-4c35-be60-c3950b823f3c","2021-01-29 14:32:58.875"
"ALB","162.350","1","162.540","1","2","160.97","27a5ebc9-f5d9-4088-83e3-6918ee96a20f","2021-01-29 14:33:08.507"
"ALB","162.350","1","162.540","1","2","160.97","d7b99e54-415c-4478-8f2e-abc2d3c7af38","2021-01-29 14:33:08.507"
"ALB","162.370","1","162.560","1","2","160.97","18df4d83-c90a-4661-9849-f48ab4fe9908","2021-01-29 14:33:08.507"
"ALB","162.680","1","162.870","2","2","160.85","a0b58f15-80fa-4537-a295-ef9ab81b15d2","2021-01-29 14:33:13.378"
"ALB","162.680","1","162.870","1","2","160.85","a958b8a3-5061-4d5b-ad4a-4c153a643295","2021-01-29 14:33:13.378"
"ALB","162.680","2","162.910","3","2","160.85","dd9ffd04-4b2e-4d64-985a-d60d38cc83ec","2021-01-29 14:33:13.378"
"ALB","160.740","2","160.990","1","-2","160.99","00526778-df71-4c1d-b67a-0278c1078d01","2021-01-29 14:33:21.866"
"ALB","160.740","2","160.990","1","-2","160.99","ca4162bc-9114-41ce-856d-1f5474b15593","2021-01-29 14:33:21.866"
"ALB","160.740","2","160.990","1","-2","160.99","a454ccf6-4236-4242-86c4-991e6ed2650a","2021-01-29 14:33:21.866"
"ALB","160.740","2","160.990","1","-2","160.99","fc244a07-0e8d-480d-81fc-7fadac2c4194","2021-01-29 14:33:21.866"
"ALB","160.890","2","161.060","1","-2","161.06","b222151a-c1fd-4132-a59c-9058afb75dad","2021-01-29 14:34:06.146"
"ALB","160.890","2","161.060","1","-2","161.06","4f747abf-3be1-4f71-b267-b9d8449a3e0f","2021-01-29 14:34:06.146"
"ALB","160.890","2","161.060","1","-2","161.06","c20b430a-2eab-4649-88b9-efcceca154e0","2021-01-29 14:34:06.146"
"ALB","160.800","4","161.170","1","-2","161.17","d19c0540-1e17-4d4a-b6c9-a5d17f525f1d","2021-01-29 14:35:12.159"
"ALB","160.800","4","161.170","1","-2","161.17","e8b53d6b-5d2f-4c28-a1c7-f311fb072479","2021-01-29 14:35:12.159"
"ALB","160.830","4","161.170","1","-2","161.17","60417e07-f4d4-4897-be57-8657175fc3f0","2021-01-29 14:35:12.159"
"ALB","160.830","4","161.170","1","-2","161.17","2c59b3ec-bc8b-4fa8-85f7-45124800cce2","2021-01-29 14:35:12.159"
"ALB","160.880","1","161.170","1","-2","161.17","e2ce7641-710e-4b40-bcf8-784c0652a1f1","2021-01-29 14:35:12.159"
"ALB","162.000","2","162.310","2","2","160.68","23005c5b-90a0-470e-abda-72ffd8569810","2021-01-29 14:36:47.368"
"ALB","162.000","2","162.310","2","2","160.68","0921d6e8-dff5-4ff0-88b7-4051a97ef10b","2021-01-29 14:36:47.368"
"ALB","162.000","2","162.310","2","2","160.68","08079e17-c0bd-4925-9d08-f9459857d38c","2021-01-29 14:36:47.368"
"ALB","160.770","2","160.900","1","-2","160.90","e40fedfb-957f-4998-8ab9-b920f100cdaf","2021-01-29 14:37:10.403"
"ALB","160.770","2","160.900","1","-2","160.90","bf2982fa-f6ed-4e34-979e-510679544072","2021-01-29 14:37:10.403"
"ALB","160.900","1","161.200","3","-2","161.20","b1b87ab3-eabb-4d2c-bafa-ec3f637c05d5","2021-01-29 14:37:44.268"
"ALB","161.730","1","161.970","5","2","160.63","f1aa3cb7-f5d1-4084-b1d8-899063359178","2021-01-29 14:41:28.940"
"ALB","160.740","1","160.980","1","-2","160.98","5904b49d-7735-4e41-9375-98f04fb8ba9e","2021-01-29 14:41:55.678"
"ALB","160.750","5","161.040","1","-2","161.04","fb725060-575f-414e-9760-5945070068ee","2021-01-29 14:42:03.027"
"ALC","72.300","2","72.370","2","5","72.37","ec764569-d0bb-47be-82bb-d2bcead75a2d","2021-01-29 09:52:30.006"
"ALC","72.460","2","72.520","1","-5","72.52","9b1fec1b-8e6d-4860-a40b-e6f4172d754f","2021-01-29 09:58:21.403"
"ALC","72.450","12","72.520","8","5","72.38","53047b67-189d-4f1c-bec3-d843832dca50","2021-01-29 10:43:05.593"
"ALC","72.470","7","72.530","7","5","72.38","45d79f71-b5d5-4dda-9258-338a88ccd2e3","2021-01-29 10:43:05.593"
"ALC","72.510","1","72.530","4","5","72.38","29db0efd-5145-4702-ab61-792f8dbbbb51","2021-01-29 10:43:05.593"
"ALC","72.510","1","72.540","1","5","72.38","c8055454-61ba-44b7-8187-553835d10104","2021-01-29 10:43:05.593"
"ALC","72.510","3","72.540","1","5","72.38","9bf7b081-f262-4863-a42e-ee214972cbab","2021-01-29 10:43:05.593"
"ALC","72.410","1","72.470","1","5","72.38","8b2b9d65-045f-42c8-9efc-d55113a0ae1f","2021-01-29 10:43:05.593"
"ALC","72.300","4","72.370","3","-5","72.37","1a9c0dd6-342e-412f-913c-44ba41e86a3b","2021-01-29 10:44:51.991"
"ALC","72.390","7","72.480","2","5","72.32","3ed78235-7371-4ca4-98d1-e58df4dff11d","2021-01-29 10:45:15.062"
"ALC","72.310","2","72.330","1","-5","72.33","a0bffd49-a83f-4c11-bda6-3ec3dbe2434b","2021-01-29 10:46:14.797"
"ALC","72.310","2","72.330","1","-5","72.33","43eb6cce-eb3b-4382-b606-892517f3c4ed","2021-01-29 10:46:14.797"
"ALC","72.310","2","72.330","1","-5","72.33","b61568ab-8cc7-4beb-bd4b-0cc4ff0fd505","2021-01-29 10:46:14.797"
