"Symbol","Bid","Bid Sz","Ask","Ask Sz","Shares","Price","Order ID","Timestamp"
"AA","80.820","1","80.920","2","148","80.70","28276255-fef2-4db1-8b40-02f4d4505240","2022-03-11 10:08:35.769"
"AA","80.880","4","80.960","1","148","80.70","c334e3bc-bd11-43a3-a3aa-861650a4d90b","2022-03-11 10:08:35.769"
"AA","80.820","1","80.930","1","148","80.70","e4bce9d4-e2f1-4ffe-a27b-fd0e9ecb8ebd","2022-03-11 10:08:35.769"
"AA","81.040","2","81.100","1","148","80.70","450d3acb-1c2c-42c3-aac9-1147be9243d9","2022-03-11 10:08:35.769"
"AA","80.600","1","80.680","1","-148","80.70","b387e23f-cc58-4752-b585-a02143cf1ac0","2022-03-11 10:09:10.480"
"AA","80.600","1","80.680","1","-148","80.70","1b2604f5-9ff0-47c2-8e1b-f2b67fef65bb","2022-03-11 10:09:10.480"
"AA","80.820","2","80.900","1","-148","80.96","5ff6e2b0-62fd-4484-ac4d-921d19b86b03","2022-03-11 10:09:20.152"
"AA","80.890","1","80.970","3","-148","80.97","b2062728-67b0-49cd-b13f-4483bcf58998","2022-03-11 10:09:31.385"
"AA","81.280","1","81.330","1","148","81.00","f3c68343-bfb2-4350-82fe-af633b3a5a35","2022-03-11 10:32:11.897"
"AA","81.400","1","81.450","2","148","81.00","ee29fe20-47e8-457b-bb4d-66de283f1474","2022-03-11 10:32:11.897"
"AA","81.440","3","81.490","1","148","81.00","99eef82e-896d-4596-b5c0-2fb817d37344","2022-03-11 10:32:11.897"
"AA","81.030","3","81.100","3","148","80.79","c0888efb-e101-4c1d-959a-a9dc4f690f90","2022-03-11 10:33:31.669"
"AA","81.170","1","81.230","1","148","80.79","a6ff52fd-00e3-4dbe-8375-b087e50d6ad4","2022-03-11 10:33:31.669"
"AA","81.230","2","81.310","2","148","80.79","d507438d-8b2f-46eb-a51b-718cd9520cb4","2022-03-11 10:33:31.669"
"AA","80.740","1","80.800","1","-148","80.81","61f005f2-b44d-4e6c-a1bc-abaa9ee4b9e0","2022-03-11 10:34:10.256"
"AA","80.740","1","80.800","1","-148","80.81","4fbf8d00-03d2-46b6-9d68-dae71942d726","2022-03-11 10:34:10.256"
"AA","80.740","1","80.800","1","-148","80.81","eeacead5-64d5-4ffc-a886-ce6f76c13827","2022-03-11 10:34:10.256"
"AA","80.750","3","80.810","1","-148","80.81","b824703e-b14f-4256-b142-8f4a430ad833","2022-03-11 10:34:10.256"
"AA","80.750","3","80.810","1","-148","80.81","c7ea3cdb-4701-4603-ab4d-ccee4c825f94","2022-03-11 10:34:10.256"
"AA","80.750","3","80.820","1","-148","80.82","6980839f-5b80-4746-8564-96d9e09f4d4d","2022-03-11 10:35:00.014"
"AA","81.180","3","81.260","1","148","80.66","4aa14665-7aec-47d7-84a9-165034d0aa6a","2022-03-11 10:35:34.747"
"AA","81.150","2","81.240","1","148","80.66","a495b109-9ec4-4369-88fa-09f51ae603eb","2022-03-11 10:35:34.747"
"AA","81.160","1","81.240","2","148","80.66","9eb31c3b-bfeb-4cd1-9a47-9a1d486db3df","2022-03-11 10:35:34.747"
"AA","81.220","2","81.300","1","148","80.66","834bf26e-5e06-4181-af5d-24b98e930649","2022-03-11 10:35:34.747"
"AA","81.140","4","81.210","34","148","80.65","03305f1c-c91b-4398-8378-9fc864f1520a","2022-03-11 10:35:42.998"
"AA","81.170","2","81.260","1","148","80.64","7e68afba-73cb-47f0-988e-4dcf034555bb","2022-03-11 10:35:47.099"
"AA","81.130","2","81.220","2","148","80.64","d1f10b43-44b0-484d-92ee-f984a1709296","2022-03-11 10:35:47.099"
"AA","80.980","1","81.040","2","148","80.64","f7edb090-703f-4be1-932c-dad80ef3c45a","2022-03-11 10:35:47.099"
"AA","81.070","2","81.160","10","148","80.64","da457966-eab8-4445-a23e-cb778d94d5a4","2022-03-11 10:35:47.099"
"AA","81.150","1","81.210","6","148","80.64","84341411-7f6d-47c1-82f8-c35c9e3aae29","2022-03-11 10:35:47.099"
"AA","81.180","2","81.250","1","148","80.64","9c0db9fb-3e7b-4296-b536-20ec40edebfa","2022-03-11 10:35:47.099"
"AA","81.210","2","81.270","1","148","80.64","d00bb5c7-7102-4547-b982-a8458d4aac5a","2022-03-11 10:35:47.099"
"AA","81.570","1","81.630","1","148","80.56","8c4eca29-cb85-4fb4-93fd-5df8f77c3413","2022-03-11 10:35:47.474"
"AA","81.550","1","81.640","2","148","80.56","244d3d89-a871-4945-9820-5f4be47e3eb3","2022-03-11 10:35:47.474"
"AA","80.650","4","80.790","5","-148","80.79","a329a231-6adc-44b4-9579-6fff7f867db1","2022-03-11 10:36:23.390"
"AA","80.650","4","80.790","5","-148","80.79","f9a9c8b7-46e6-426e-bc57-f05d4311cfa9","2022-03-11 10:36:23.390"
"AA","80.650","4","80.790","5","-148","80.79","c38f468f-a208-493c-9956-9e2e13706189","2022-03-11 10:36:23.390"
"AA","80.650","4","80.790","5","-148","80.79","0252db4e-85e2-4554-a37c-7f68c039d961","2022-03-11 10:36:23.390"
"AA","80.650","4","80.790","5","-148","80.79","bb174b3e-9816-4b11-b1e4-127054aea553","2022-03-11 10:36:23.390"
"AA","80.650","4","80.790","5","-148","80.79","b347e62b-1c89-4470-bd44-4cee02384a7c","2022-03-11 10:36:23.390"
"AA","80.650","4","80.790","5","-148","80.79","6572cbda-6848-4bf6-bd17-12592761af32","2022-03-11 10:36:23.390"
"AA","80.830","1","80.900","2","-148","80.90","bf277944-99e9-4575-bf8a-e3ca034f78ee","2022-03-11 10:36:37.363"
"AA","80.830","1","80.900","2","-148","80.90","04118a26-038e-4fec-bb6a-e20c4e03bc8a","2022-03-11 10:36:37.363"
"AA","80.830","1","80.900","2","-148","80.90","b9266436-bd71-4482-9cf5-cdd930b2d086","2022-03-11 10:36:37.363"
"AA","80.830","1","80.900","2","-148","80.90","4bbb1a00-8132-4a50-abf9-929e796b3800","2022-03-11 10:36:37.363"
"AA","80.920","1","80.990","4","-148","81.00","97761112-f59a-41d4-b1d3-f28cc4e0a1c0","2022-03-11 10:37:09.088"
"AA","80.850","1","80.900","1","-148","80.90","9cb42c81-bc82-4443-939a-7c54b5b9ef3b","2022-03-11 10:38:01.569"
"AA","80.540","8","80.670","3","-148","80.67","8344db34-eeaa-4f6d-9387-371d1ce32601","2022-03-11 10:39:43.003"
"AA","80.820","2","80.920","2","149","80.42","c3f39fbf-6170-4404-af7b-ad6a8dff13a8","2022-03-11 10:41:22.451"
"AA","81.050","2","81.140","3","149","80.42","70226296-96ff-4477-ad3d-45e67774c825","2022-03-11 10:41:22.451"
"AA","81.010","2","81.110","1","149","80.42","fe63471b-a904-4fc2-880d-96bcf642b188","2022-03-11 10:41:22.451"
"AA","81.190","1","81.270","1","149","80.42","96249b53-9374-4159-8bda-a1fc555487e8","2022-03-11 10:41:22.451"
"AA","81.290","1","81.400","1","149","80.42","0ec6c678-d896-412a-8b6a-09a16a226135","2022-03-11 10:41:22.451"
"AA","81.260","1","81.360","1","149","80.42","60818f8c-1eeb-40b4-b0ee-a9652098181a","2022-03-11 10:41:22.451"
"AA","81.170","2","81.260","1","149","80.42","55c1ebe6-0aef-4576-b433-662d6bf2ade8","2022-03-11 10:41:22.451"
"AA","81.080","1","81.170","1","149","80.42","bffe5d17-1e4e-4849-ab5d-31f359244e29","2022-03-11 10:41:22.451"
"AA","80.780","1","80.870","1","149","80.42","081b7eba-cea0-4439-9462-794d4a31bc8b","2022-03-11 10:41:22.451"
"AA","80.330","2","80.390","1","-149","80.39","1b2c3734-c985-429b-88cd-1b8edc77484d","2022-03-11 10:42:20.059"
"AA","80.340","7","80.420","2","-149","80.42","fbf17978-ee25-4cfc-92a0-130a6ed7c2fb","2022-03-11 10:42:23.961"
"AA","80.340","7","80.420","2","-149","80.42","17c9a48e-4901-4dee-ae42-bd8423a68b67","2022-03-11 10:42:23.961"
"AA","80.340","7","80.420","2","-149","80.42","684924d6-93f9-4cfe-955c-de74cd7323b1","2022-03-11 10:42:23.961"
"AA","80.340","7","80.420","2","-149","80.42","611d12b0-1c5d-4db1-9954-26f369fa3661","2022-03-11 10:42:23.961"
"AA","80.340","7","80.420","2","-149","80.42","16954b5b-b135-4223-b015-964a459c5727","2022-03-11 10:42:23.961"
"AA","80.360","2","80.420","2","-149","80.42","f4579b1a-2788-4b1b-99f4-d35e876c3cbe","2022-03-11 10:42:23.961"
"AA","80.360","2","80.420","2","-149","80.42","4ecec760-b6db-4953-958c-96d32e64f780","2022-03-11 10:42:23.961"
"AA","80.220","1","80.310","2","-149","80.32","64c76cd9-a95b-440a-b79d-63fac1057968","2022-03-11 10:43:11.535"
"AA","80.910","1","80.980","2","149","80.31","c643dfad-8536-40d6-926b-bd7744f05e0f","2022-03-11 11:11:20.261"
"AA","80.860","3","80.970","1","149","80.31","943efa05-8a7d-4c28-bcf0-bf60180f6027","2022-03-11 11:11:20.261"
"AA","80.990","2","81.060","1","149","80.31","849737d4-e019-4955-b7db-ea6db1745980","2022-03-11 11:11:20.261"
"AA","81.000","1","81.080","1","149","80.31","7f131d4a-31b3-4df8-9af5-df8b76ac2507","2022-03-11 11:11:20.261"
"AA","81.000","1","81.080","1","149","80.30","94d78bcd-c82a-4cb4-b5e6-8317cb5b41c7","2022-03-11 11:11:20.749"
"AA","81.190","1","81.250","2","149","80.30","3b9b8576-7f23-4e04-869d-56d7e18a6d30","2022-03-11 11:11:20.749"
"AA","81.250","1","81.320","1","149","80.30","cbf66a5c-0b23-4979-89f8-aba3484b307e","2022-03-11 11:11:20.749"
"AA","80.290","2","80.360","1","-149","80.36","35a44f4c-8ab6-4e43-a692-f9cc69ea3231","2022-03-11 11:12:37.434"
"AA","80.290","2","80.360","1","-149","80.36","15003992-a601-4f2a-b986-1921f1b5ba90","2022-03-11 11:12:37.434"
"AA","80.290","2","80.360","1","-149","80.36","5d429cd5-f438-46c8-9683-39d79083c132","2022-03-11 11:12:37.434"
"AA","80.290","2","80.360","1","-149","80.36","c7e4bfb1-a9e6-432b-bc81-17dbf7aeb2dd","2022-03-11 11:12:37.434"
"AA","80.420","1","80.460","1","-149","80.46","6a97111b-48e0-4c7e-ac32-847281220021","2022-03-11 11:12:57.516"
"AA","80.400","7","80.440","1","-149","80.44","8c391071-373a-4e9f-8d6b-f466ec3c311c","2022-03-11 11:13:11.346"
"AA","80.400","7","80.460","2","-149","80.46","7d37e99d-2e49-4142-9383-3a10963ae7b4","2022-03-11 11:13:25.619"
"AA","80.670","2","80.740","1","148","80.74","37249f15-0d33-4f0b-af9f-881ee74e71a7","2022-03-11 11:21:10.006"
"AA","80.610","2","80.640","1","-148","80.64","b5031dd2-2687-4d64-a25e-c0e8139d3b32","2022-03-11 11:24:21.082"
"AA","80.520","2","80.570","1","149","80.31","d0be6605-9edd-466b-98b8-3a33b07e9329","2022-03-11 11:32:44.231"
"AA","80.250","1","80.330","1","-149","80.33","4c2f9afa-505c-4867-a656-5b30ae8277f3","2022-03-11 11:33:13.012"
"AA","81.340","3","81.390","1","149","80.23","3ba14b41-838a-4a44-afe8-b3f88698b118","2022-03-11 11:33:27.862"
"AA","81.250","1","81.320","1","149","80.23","403d5555-59c8-4e3a-80ad-7cf4df6c18b3","2022-03-11 11:33:27.862"
"AA","81.120","1","81.170","1","149","80.23","765e9c17-c14d-4e66-8881-a6955a28ee15","2022-03-11 11:33:27.862"
"AA","81.140","3","81.210","3","149","80.23","2b83d985-6981-4a97-923f-4d458c30702c","2022-03-11 11:33:27.862"
"AA","80.230","1","80.300","1","-149","80.30","37aa66ef-d4cc-4b7a-91a4-362da8b829f3","2022-03-11 11:33:50.001"
"AA","80.230","1","80.300","1","-149","80.30","d100e289-8c65-4193-b6ea-ffe62563be06","2022-03-11 11:33:50.001"
"AA","80.790","3","80.870","5","149","80.15","78851179-5e63-451a-861a-d51d187b6e69","2022-03-11 11:34:05.287"
"AA","80.870","1","80.940","2","149","80.15","eca341ef-ca8b-4216-93c2-3f613ec602b6","2022-03-11 11:34:05.287"
"AA","80.860","2","80.940","1","149","80.15","158451f8-aea0-4129-ac53-2f0656f67029","2022-03-11 11:34:05.287"
"AA","80.820","3","80.890","1","149","80.15","c302f179-5ce7-4f02-9b5e-7e8735883a16","2022-03-11 11:34:05.287"
"AA","80.780","1","80.850","1","149","80.15","ff5f972e-0f42-42d7-9140-73b39e2e5261","2022-03-11 11:34:05.287"
"AA","80.620","2","80.690","1","149","80.15","ac19b1ce-39ec-41d3-819c-03fdbefe2141","2022-03-11 11:34:05.287"
"AA","80.560","5","80.640","4","149","80.15","45995965-e2d5-4464-9dca-14147bcbd0ae","2022-03-11 11:34:05.287"
"AA","80.560","5","80.640","1","149","80.15","fc95136d-f02e-4201-b711-66e8f0431ac0","2022-03-11 11:34:05.287"
"AA","80.500","15","80.600","1","149","80.15","7dee7d76-63df-48d9-89d9-a4a9bfab2631","2022-03-11 11:34:05.287"
"AA","80.460","1","80.520","1","149","80.15","b66eeda9-d2b6-4ac7-a694-dea46b2e2e94","2022-03-11 11:34:05.287"
"AA","80.510","1","80.580","4","149","80.15","3b49c292-621d-4769-9c90-d1d8666f0b26","2022-03-11 11:34:05.287"
"AA","80.210","2","80.280","1","-149","80.28","680cc9ca-4a16-4f29-9c85-610867748c1f","2022-03-11 11:34:31.944"
"AA","80.210","2","80.280","1","-149","80.28","a1c0d6e8-16ba-4d9e-9791-e7f609c4085c","2022-03-11 11:34:31.944"
"AA","80.210","2","80.280","1","-149","80.28","2bc00359-98dc-43d9-abba-4c12b811ddcd","2022-03-11 11:34:31.944"
"AA","80.210","2","80.280","1","-149","80.28","9bfe5253-cdb8-438c-8e44-ed7d1f21efc9","2022-03-11 11:34:31.944"
"AA","80.210","2","80.280","1","-149","80.28","e7ac7fc7-5d94-428e-8866-3c70697bc728","2022-03-11 11:34:31.944"
"AA","80.210","2","80.280","1","-149","80.28","0b2fb9c5-69c1-4689-b7da-f1788fc3e0f2","2022-03-11 11:34:31.944"
"AA","80.210","2","80.280","1","-149","80.28","96a4a15c-ff86-4702-b003-b14a2729b038","2022-03-11 11:34:31.944"
"AA","80.250","1","80.300","3","-149","80.30","e93c68c6-943a-46c7-bae4-398d422313c9","2022-03-11 11:34:42.269"
"AA","80.250","1","80.300","3","-149","80.30","dd76bc96-5a71-47d1-a5e8-232aa27620af","2022-03-11 11:34:42.269"
"AA","80.250","1","80.300","3","-149","80.30","f99e62f8-548a-4c63-aa1d-1d8a25142f72","2022-03-11 11:34:42.269"
"AA","80.270","1","80.300","2","-149","80.30","5f7122b4-b2d0-41a0-9562-73239bd813af","2022-03-11 11:34:51.825"
"AA","80.270","1","80.300","2","-149","80.30","0e2d8a3e-ba67-4144-9186-3a1c8bccfb04","2022-03-11 11:34:51.825"
"AA","80.290","2","80.340","1","-149","80.34","5b93690d-e822-4c16-adb9-9755855a4349","2022-03-11 11:36:10.288"
"AA","80.340","1","80.390","1","149","80.39","cf47a884-c8ad-4ee0-9e8e-f7b99dd12fb9","2022-03-11 11:44:10.006"
"AA","80.380","4","80.440","1","-149","80.44","2e288100-8dc4-4970-a47c-3840627572b5","2022-03-11 11:46:02.374"
"AA","80.350","2","80.400","1","149","80.08","3737cd9e-657e-43be-889f-5c2d1b3a9696","2022-03-11 12:00:38.487"
"AA","80.200","14","80.270","1","149","80.08","abb7d1b6-1460-4af2-8a27-7223ce27ee9e","2022-03-11 12:00:38.487"
"AA","80.000","1","80.060","1","-149","80.06","7142456e-ae83-433b-b180-a60ff4fd100c","2022-03-11 12:01:21.253"
"AA","80.060","2","80.100","1","-149","80.10","97a9fe83-7e88-43b0-96b5-19948dd24d65","2022-03-11 12:01:49.946"
"AA","80.300","1","80.350","4","150","80.00","caa854f3-ad22-4707-932a-b1e476739c8c","2022-03-11 12:37:31.368"
"AA","80.250","2","80.290","2","150","80.00","2dfb8bea-ecb9-4062-9f2e-e7f34aae4619","2022-03-11 12:37:31.368"
"AA","80.260","3","80.340","1","150","79.94","f80575d2-4969-4eb6-a513-bffdb30c2c3a","2022-03-11 12:37:31.808"
"AA","80.260","2","80.320","3","150","79.94","0902dab6-ba56-4fc8-b268-f7910f47b158","2022-03-11 12:37:31.808"
"AA","80.120","1","80.170","1","150","79.91","ff1c554a-6c79-4940-9bdd-d28afa4594f9","2022-03-11 12:37:32.396"
"AA","80.130","2","80.200","1","150","79.89","f95084f5-52e7-432b-8710-202394778357","2022-03-11 12:38:01.131"
"AA","80.290","1","80.350","1","150","79.89","a0fb1885-5ef3-4d98-bd56-1d1a3780ffda","2022-03-11 12:38:01.131"
"AA","80.250","1","80.310","1","150","79.89","9b5a050c-538f-446c-a467-a5da229b62f4","2022-03-11 12:38:01.131"
"AA","80.240","1","80.310","4","150","79.89","82dfe2ca-ba1e-4e50-94c3-d78050ba0053","2022-03-11 12:38:01.131"
"AA","80.240","1","80.310","5","150","79.89","cd7f9b71-a798-4418-8e8e-7814df372783","2022-03-11 12:38:01.131"
"AA","80.170","1","80.210","1","150","79.83","9f3469f8-d170-4faa-9b77-01aa27839d3b","2022-03-11 12:38:03.794"
"AA","80.080","1","80.130","1","150","79.83","4b76b822-cfd8-496e-adbe-2c86053d7c64","2022-03-11 12:38:03.794"
"AA","80.130","1","80.200","1","150","79.83","a7df1077-d9e0-4f34-b4f7-4dffc52694ed","2022-03-11 12:38:03.794"
"AA","80.130","1","80.200","1","150","79.83","a1fde1f2-4384-4d11-9c9e-addd5182f8c0","2022-03-11 12:38:03.794"
"AA","80.130","2","80.170","1","150","79.83","2338f06b-29f0-42b5-b0aa-50aebc1ce5c2","2022-03-11 12:38:03.794"
"AA","80.140","2","80.190","12","150","79.83","958183b8-a697-4f1e-9511-845465823f2a","2022-03-11 12:38:03.794"
"AA","80.130","1","80.170","1","150","79.79","d509393d-2afc-4471-8b6f-de9bb14ffe94","2022-03-11 12:38:03.796"
"AA","80.110","1","80.150","5","150","79.79","16217753-fbe5-4153-b6fd-517783ee46ee","2022-03-11 12:38:03.796"
"AA","80.210","1","80.270","3","150","79.79","6f738f4a-09c9-4150-8c0f-0809148802e2","2022-03-11 12:38:03.796"
"AA","79.850","1","79.860","1","-150","79.86","2d69e759-b048-48e2-bfc7-ca18fd209da8","2022-03-11 12:38:36.945"
"AA","79.850","1","79.860","1","-150","79.86","bc754c78-2fe2-4614-9c0e-94694e015bea","2022-03-11 12:38:36.945"
"AA","79.850","1","79.860","1","-150","79.86","5e3a056f-9f57-4eb1-a106-918b932446ae","2022-03-11 12:38:36.945"
"AA","79.850","1","79.860","1","-150","79.86","83cb33aa-83b9-4d0a-9788-9fca1b2c0685","2022-03-11 12:38:36.945"
"AA","79.850","1","79.860","1","-150","79.86","9e34c5b2-ef2f-4e30-aa2d-7813fba4dafd","2022-03-11 12:38:36.945"
"AA","79.850","1","79.860","1","-150","79.86","afb0facd-d3e1-4d00-a480-92e83936af8c","2022-03-11 12:38:36.945"
"AA","79.850","1","79.860","1","-150","79.86","5454b154-505d-4dd8-a8c1-f573ac28423b","2022-03-11 12:38:36.945"
"AA","79.850","1","79.860","1","-150","79.86","f2cb3e3b-3141-4099-a38f-fb7e06416d89","2022-03-11 12:38:36.945"
"AA","79.850","1","79.860","1","-150","79.86","baaf2339-7155-4b9f-8cf9-025aef809dd3","2022-03-11 12:38:36.945"
"AA","79.850","1","79.860","1","-150","79.86","fe360744-165a-4535-baad-9dc5ea2c054b","2022-03-11 12:38:36.945"
"AA","79.860","1","79.890","1","-150","79.89","00b56ca3-9378-424d-9545-cfb97e39a1f8","2022-03-11 12:38:41.508"
"AA","79.860","1","79.890","1","-150","79.89","6476d087-857e-48ea-959b-8fe6d9d2966a","2022-03-11 12:38:41.508"
"AA","79.860","1","79.890","1","-150","79.89","30b24e76-1862-4bef-b03a-0c3a2c3ecf37","2022-03-11 12:38:41.508"
"AA","79.860","1","79.890","1","-150","79.89","2b8811d9-9f57-44f6-9680-ec658cac3f6e","2022-03-11 12:38:41.508"
"AA","79.860","1","79.890","1","-150","79.89","4563eefc-4a35-42c1-8128-a3340ab8d339","2022-03-11 12:38:41.508"
"AA","80.300","4","80.370","1","150","79.72","3a08efeb-a9b8-4a99-a2b7-562e4e212d42","2022-03-11 12:39:18.650"
"AA","80.310","3","80.360","1","150","79.72","7de3db40-e3b1-4cf7-b86e-df4de0e6a293","2022-03-11 12:39:18.650"
"AA","80.330","1","80.390","3","150","79.72","0f6939f8-9171-43f1-a1e7-dabcb15ff01e","2022-03-11 12:39:18.650"
"AA","80.510","3","80.550","2","150","79.72","3b42f900-e158-418a-81ea-998577d774eb","2022-03-11 12:39:18.650"
"AA","80.500","2","80.570","2","150","79.72","49dc581f-6d3b-40d0-ab82-aa857f4517a1","2022-03-11 12:39:18.650"
"AA","80.500","2","80.530","1","150","79.72","c15253d0-5911-47c3-a36d-3e7f342e0104","2022-03-11 12:39:18.650"
"AA","80.410","3","80.470","2","150","79.72","af41e2bd-54ad-4bb8-921a-3a4824046407","2022-03-11 12:39:18.650"
"AA","80.460","2","80.510","1","150","79.72","ef388aaa-cbc4-4027-9173-7739f5429ec6","2022-03-11 12:39:18.650"
"AA","80.370","3","80.430","3","150","79.72","b56709ad-0a90-4f10-b48e-054a24dabe52","2022-03-11 12:39:18.650"
"AA","80.300","1","80.350","1","150","79.72","c0c2f692-5119-4751-9f5b-a5f6d0a458d7","2022-03-11 12:39:18.650"
"AA","79.670","3","79.690","1","-150","79.69","d51d913c-8252-455a-bef3-b9d793127718","2022-03-11 12:39:53.632"
"AA","79.670","3","79.690","1","-150","79.69","bc20e6ad-38ba-4f41-8730-1026acac2912","2022-03-11 12:39:53.632"
"AA","79.670","1","79.720","3","-150","79.72","0764b6a4-e909-485e-9f38-7c5d08b325f8","2022-03-11 12:39:57.619"
"AA","79.670","1","79.720","3","-150","79.72","18bcf946-78e6-4695-b1c9-5ec0cfecbe46","2022-03-11 12:39:57.619"
"AA","79.670","1","79.720","3","-150","79.72","8fde9e4d-595f-4131-acf8-ffe14becc4ad","2022-03-11 12:39:57.619"
"AA","79.700","3","79.730","1","-150","79.73","1dc1f5c1-2906-41c7-8065-9e6a69cb3192","2022-03-11 12:39:57.620"
"AA","79.700","3","79.730","1","-150","79.73","3ddd0c38-11f7-46fe-8f59-f8eb2073bcdd","2022-03-11 12:39:57.620"
"AA","79.700","3","79.730","1","-150","79.73","85a8f5af-5371-4677-abe3-4c2aad76fbbe","2022-03-11 12:39:57.620"
"AA","79.700","3","79.730","1","-150","79.73","03d9e72e-4876-462f-99a1-2ff4f47f3cda","2022-03-11 12:39:57.620"
"AA","79.700","3","79.730","1","-150","79.73","b4c2ec60-64c9-400f-b3e0-25327c0ba61d","2022-03-11 12:39:57.620"
"AA","79.700","3","79.730","1","-150","79.73","37fc6795-4dbd-4c2a-bed7-5de0e8be03e9","2022-03-11 12:39:57.620"
"AA","79.700","3","79.730","1","-150","79.73","e0e23a84-6691-4f5f-aeb5-fceb6ef81695","2022-03-11 12:39:57.620"
"AA","79.710","3","79.740","3","-150","79.74","300a0ad7-2197-4112-8203-a84bd8e28fd7","2022-03-11 12:40:03.103"
"AA","79.720","1","79.750","1","-150","79.75","b8d530ff-1369-4a91-855b-5a127df9dc0a","2022-03-11 12:40:31.314"
"AA","79.840","2","79.910","2","149","79.91","0e6b8585-035b-45e1-a883-6a3553aa43f1","2022-03-11 12:51:20.006"
"AA","80.020","1","80.060","2","-149","80.06","f3ce77dc-d7b1-4491-b7d2-6fcfc6051c6b","2022-03-11 12:54:01.631"
"AA","80.100","2","80.130","2","150","79.86","6e988a25-7d26-4b30-9c86-ba0402c92a25","2022-03-11 13:09:12.010"
"AA","80.110","5","80.150","1","150","79.86","87c1782f-01e4-49ee-8980-76372c87a4fc","2022-03-11 13:09:12.010"
"AA","80.120","1","80.150","9","150","79.86","e61b7318-2445-4294-b992-2611c56143cd","2022-03-11 13:09:12.010"
"AA","79.880","4","79.910","1","-150","79.91","1274bc7d-3d0e-4eb8-bbf6-57de43456273","2022-03-11 13:10:03.480"
"AA","79.880","4","79.910","1","-150","79.91","56fcf648-813d-4afc-a3ef-0ec1bd8952ae","2022-03-11 13:10:03.480"
"AA","79.820","1","79.860","1","-150","79.86","3f899b9b-11ac-448c-ab88-2b63b128a48a","2022-03-11 13:11:22.089"
"AA","80.060","2","80.100","21","149","80.06","11eed432-6b2d-438a-8597-1e1613b976ac","2022-03-11 13:18:31.815"
"AA","79.970","1","80.020","3","-149","80.03","332d8ecd-4e09-4d7a-85e4-391ff4f95ab8","2022-03-11 13:19:56.375"
"AA","79.890","4","79.930","1","149","79.93","6cf295c9-4802-4ee1-9211-c986b798cf9f","2022-03-11 13:20:10.006"
"AA","80.050","1","80.060","1","-149","80.06","5295ac9e-0637-469f-9de0-0c34c5f78077","2022-03-11 13:30:40.796"
"AA","80.230","1","80.260","1","150","79.94","3b4dfeab-5398-41ef-b80f-5bf2734e19ca","2022-03-11 13:52:38.582"
"AA","80.280","1","80.320","1","150","79.94","a622cd10-e30b-440d-b33a-3b541b5e91a3","2022-03-11 13:52:38.582"
"AA","80.250","1","80.280","2","150","79.94","57af5d92-b675-4eaa-9783-ef76582ad03e","2022-03-11 13:52:38.582"
"AA","80.250","7","80.320","5","150","79.94","d04a2b36-2905-4170-b263-fbe8c16db63e","2022-03-11 13:52:38.582"
"AA","80.360","1","80.390","1","150","79.94","29da7ea0-dcc4-4d1c-97b9-5b7f9509ddf9","2022-03-11 13:52:38.582"
"AA","80.300","1","80.360","2","150","79.94","21f19153-9888-4789-a6d2-8cc34f19dfea","2022-03-11 13:52:38.582"
"AA","80.280","1","80.330","1","150","79.94","821535c5-0d76-4ea6-a907-c07683673998","2022-03-11 13:52:38.582"
"AA","80.240","1","80.280","1","150","79.94","f0156db9-b770-4401-8db8-111ff37355ef","2022-03-11 13:52:38.582"
"AA","80.190","1","80.230","1","150","79.94","e5c31316-5677-44bb-8e82-ea67d0378376","2022-03-11 13:52:38.582"
"AA","80.170","10","80.200","1","150","79.94","a5beca2c-ae14-4500-815a-e59b8f205d59","2022-03-11 13:52:38.582"
"AA","80.260","2","80.290","1","150","79.90","dc2cef4a-72e4-4177-91ed-62305b9d3d46","2022-03-11 13:53:03.971"
"AA","80.220","1","80.260","2","150","79.90","a9bee185-3ae9-4fe9-bd6b-a1c5a4cca99a","2022-03-11 13:53:03.971"
"AA","80.240","1","80.270","1","150","79.90","d9274cdd-d2c6-4d78-a509-ada4078668ea","2022-03-11 13:53:03.971"
"AA","80.240","1","80.270","2","150","79.90","b23cbc33-e9a0-4d59-ba1b-f757f295e7eb","2022-03-11 13:53:03.971"
"AA","80.300","2","80.340","3","150","79.90","07f97f3f-4a59-487e-be57-f6f6e519a94d","2022-03-11 13:53:03.971"
"AA","80.300","1","80.330","2","150","79.90","068d69a8-3496-4618-8742-60eda04e9ad8","2022-03-11 13:53:03.971"
"AA","80.300","1","80.340","1","150","79.90","63c5b0ee-1cad-4ea0-a52f-e87b1e2df044","2022-03-11 13:53:03.971"
"AA","80.250","1","80.280","1","150","79.80","32b3386b-9616-4af9-8003-9e974030de6e","2022-03-11 13:53:20.951"
"AA","79.800","25","79.840","9","-150","79.84","754179ff-9ffc-44be-bba4-8f3f9846315f","2022-03-11 13:53:21.801"
"AA","79.800","25","79.840","9","-150","79.84","08e00d66-3748-4bd2-8668-68e562639b56","2022-03-11 13:53:21.801"
"AA","79.800","25","79.840","9","-150","79.84","1ff48b0f-d4f1-4466-a953-e59c7f4c34da","2022-03-11 13:53:21.801"
"AA","79.800","25","79.840","9","-150","79.84","ab60c40b-a1ed-4383-a228-ed62cbd601ff","2022-03-11 13:53:21.801"
"AA","79.800","25","79.840","9","-150","79.84","ae2440c7-8272-4dce-b413-d4cd2aa6c024","2022-03-11 13:53:21.801"
"AA","79.800","25","79.840","9","-150","79.84","b8738edf-8aba-4420-aac2-71a6786206fc","2022-03-11 13:53:21.801"
"AA","79.800","25","79.830","2","-150","79.84","482d127e-0c94-40f5-a557-952e7b3bec54","2022-03-11 13:53:41.664"
"AA","79.800","25","79.830","2","-150","79.84","3de57217-ae21-4e48-9233-f48b71a25a9c","2022-03-11 13:53:41.664"
"AA","79.800","25","79.830","2","-150","79.84","6683693e-3fc4-4c01-8239-a28b148ad412","2022-03-11 13:53:41.664"
"AA","79.790","3","79.840","2","-150","79.84","1aa56f96-bbc0-4adf-adf4-01ec9bfb49f9","2022-03-11 13:53:41.664"
"AA","79.790","3","79.840","2","-150","79.84","87112eaa-0617-4990-8f91-1a33a2f15049","2022-03-11 13:53:41.664"
"AA","79.780","1","79.840","2","-150","79.84","2d30732a-293c-4985-bfd7-81da18260b85","2022-03-11 13:53:56.467"
"AA","80.110","1","80.150","5","150","79.74","2ec79cfd-d112-4293-abdf-6e05428bddd9","2022-03-11 13:54:31.711"
"AA","80.200","3","80.260","5","150","79.72","e4021ef7-2e30-434b-9c3f-ad8ae527122f","2022-03-11 13:54:31.716"
"AA","80.230","1","80.280","1","150","79.72","702a840e-c8d4-4bc2-a09d-850015aa41df","2022-03-11 13:54:31.716"
"AA","80.250","2","80.300","1","150","79.72","22f15c48-31bf-4e46-8bc4-ed377a1a8553","2022-03-11 13:54:31.716"
"AA","80.260","1","80.290","1","150","79.72","db5d9ce3-5e66-4aca-9cc2-66a802f186f9","2022-03-11 13:54:31.716"
"AA","80.210","1","80.260","1","150","79.72","d88e1642-8177-4187-9734-6fab893322dd","2022-03-11 13:54:31.716"
"AA","80.200","1","80.260","1","150","79.72","7d1677ec-2cf3-45b9-8b9e-5579523bf1a7","2022-03-11 13:54:31.716"
"AA","80.160","1","80.200","50","150","79.72","7d7313a0-bfad-402a-b26a-1b63c408c121","2022-03-11 13:54:31.716"
"AA","80.050","1","80.110","4","150","79.72","83f7d746-0076-4a23-b3a3-26d62738ae04","2022-03-11 13:54:31.716"
"AA","80.020","2","80.080","3","150","79.72","e4d6a060-b59c-48a8-96a2-1df7ee4bc850","2022-03-11 13:54:31.716"
"AA","79.970","1","80.010","1","150","79.70","c1fd2784-226a-4778-ab0f-7f5cbaaae475","2022-03-11 13:54:36.417"
"AA","79.700","10","79.740","1","-150","79.74","5b9b5963-5004-42e8-bcb6-d62354be58c0","2022-03-11 13:54:40.226"
"AA","79.710","2","79.750","9","-150","79.75","7b0d4a69-386d-4461-9059-c68218e9ab73","2022-03-11 13:55:33.163"
"AA","79.710","2","79.750","9","-150","79.75","a5591a08-4b21-4fef-a877-3ebccd667039","2022-03-11 13:55:33.163"
"AA","79.770","1","79.780","4","-150","79.79","bae26eb1-a176-4000-819f-d1bb056c56a1","2022-03-11 13:55:40.392"
"AA","79.770","1","79.780","4","-150","79.79","da62f825-1060-4d0d-9f75-b7c1c34bcf08","2022-03-11 13:55:40.392"
"AA","79.770","1","79.780","4","-150","79.79","084c1d62-f20d-4381-b0fc-266eddbc1e84","2022-03-11 13:55:40.392"
"AA","79.770","1","79.780","4","-150","79.79","a799d005-8617-4701-8174-3bc13c04826f","2022-03-11 13:55:40.392"
"AA","79.750","4","79.790","1","-150","79.79","3f7a1121-f963-4a33-b705-f6659821b164","2022-03-11 13:55:40.392"
"AA","79.770","1","79.810","6","-150","79.82","72ec7bfe-0ad9-4142-b933-437f1d44eded","2022-03-11 13:55:40.493"
"AA","79.770","1","79.810","6","-150","79.82","5f497f6a-5cb5-4a42-aa13-2eaf2240dca1","2022-03-11 13:55:40.493"
"AA","79.770","1","79.810","6","-150","79.82","c37182b2-d2c9-408d-bd16-45ecc2866d31","2022-03-11 13:55:40.493"
"AA","79.770","1","79.810","6","-150","79.82","fb2ee483-3554-4799-9b9c-9de1cf87cb5c","2022-03-11 13:55:40.493"
"AA","79.770","1","79.810","6","-150","79.82","10395bf9-d42a-4af0-a09e-160831deb56b","2022-03-11 13:55:40.493"
"AA","79.770","1","79.810","6","-150","79.82","bbd936a0-4816-46a7-97b1-8d815a2f97e5","2022-03-11 13:55:40.493"
"AA","79.770","1","79.810","6","-150","79.82","7248437f-1d9f-4685-b3f6-5a0a98079b47","2022-03-11 13:55:40.493"
"AA","79.770","1","79.810","6","-150","79.82","484759c0-51cd-4f1a-8cdf-c0d3d6613cdd","2022-03-11 13:55:40.493"
"AA","79.790","3","79.820","8","-150","79.82","fc8d9091-aeed-485c-b93f-cbfc1585bc6e","2022-03-11 13:56:12.978"
"AA","79.950","1","79.970","2","149","79.97","37ac85d1-cb5f-4237-acd1-ad9ba326e9b6","2022-03-11 14:05:20.006"
"AA","79.990","2","80.030","2","-149","80.03","83c7ebf5-3b6f-4fa4-b73f-1deb742ff1b8","2022-03-11 14:06:01.523"
"AA","79.650","2","79.700","1","150","79.50","af1c95bf-424e-4eb4-8314-15a22f55a9c3","2022-03-11 14:48:07.058"
"AA","79.720","1","79.760","1","150","79.50","24e25be8-c921-4958-b45a-4fdde8ffbf45","2022-03-11 14:48:07.058"
"AA","79.740","1","79.770","1","150","79.50","a5949524-65c6-474d-9a27-6dedda0797a2","2022-03-11 14:48:07.058"
"AA","79.810","1","79.850","1","150","79.49","e7ef1434-00eb-49ae-bac4-da1e2694b16a","2022-03-11 14:48:07.059"
"AA","79.810","4","79.860","4","150","79.49","753a42df-b377-4c42-81c8-f637c11bc365","2022-03-11 14:48:07.059"
"AA","79.830","1","79.860","1","151","79.43","5bbeb1a3-bb11-4ba5-8858-ceca9e4c7c9e","2022-03-11 14:49:33.250"
"AA","79.760","1","79.790","1","151","79.43","5710affc-5c8a-4acb-8ea3-7d22ffb46cbd","2022-03-11 14:49:33.250"
"AA","79.850","1","79.870","1","151","79.43","a8cc4a44-4d47-4f00-93f2-cc25117e0405","2022-03-11 14:49:33.250"
"AA","79.810","4","79.840","6","151","79.43","2ffea556-f708-4214-9d6a-eeb1f52d10ca","2022-03-11 14:49:33.250"
"AA","79.810","6","79.860","1","151","79.43","db974945-f4a0-4ed1-a95a-e71b53bb817e","2022-03-11 14:49:33.250"
"AA","79.810","5","79.860","2","151","79.43","4b362ad6-020a-4e9e-9a85-6ca0ccc1186e","2022-03-11 14:49:33.250"
"AA","79.740","1","79.760","1","151","79.43","cab5c1b3-5899-47c3-aed7-e66b52153528","2022-03-11 14:49:33.250"
"AA","79.740","3","79.770","1","151","79.43","6c56ce70-79d1-432c-af5d-85678db33546","2022-03-11 14:49:33.250"
"AA","79.690","1","79.740","5","151","79.43","8502b236-1b91-47e4-8baa-7a3bbaea018f","2022-03-11 14:49:33.250"
"AA","79.690","2","79.740","1","151","79.43","875672a2-c73c-477f-9938-2ecf2c8f7a95","2022-03-11 14:49:33.250"
"AA","79.690","1","79.730","1","151","79.39","eb9dfa64-7c17-4fed-9228-7f5080492492","2022-03-11 14:49:39.597"
"AA","79.670","1","79.680","1","151","79.39","5eba6d88-87be-4efd-8804-36a4516fc6aa","2022-03-11 14:49:39.597"
"AA","79.630","1","79.670","2","151","79.39","47412095-0615-48e3-8cbb-f6b89aa8ff42","2022-03-11 14:49:39.597"
"AA","79.690","2","79.720","3","151","79.39","2fba1c0f-18f4-4893-89b5-c339c5b26cc9","2022-03-11 14:49:39.597"
"AA","79.380","1","79.400","1","-150","79.40","b167048e-0176-44ec-8939-146a147e67ab","2022-03-11 14:50:34.337"
"AA","79.380","1","79.400","1","-150","79.40","b8599920-35b6-4491-97c0-32bb44058a53","2022-03-11 14:50:34.337"
"AA","79.380","1","79.400","1","-151","79.40","80f321d8-a0ba-4bb8-9261-c5ebef921ace","2022-03-11 14:50:34.337"
"AA","79.380","1","79.400","1","-150","79.40","d5c2ca78-79da-4107-a014-98e928ff4520","2022-03-11 14:50:34.337"
"AA","79.370","2","79.390","1","-151","79.39","83141d7c-5e93-478c-8a02-d9f166826db6","2022-03-11 14:50:40.267"
"AA","79.370","2","79.390","1","-151","79.39","beecb2b2-8d44-4146-ae08-f9f04ebb3926","2022-03-11 14:50:40.267"
"AA","79.370","2","79.390","1","-151","79.39","81cf64e2-ae0f-440f-9e83-68b7685f847d","2022-03-11 14:50:53.812"
"AA","79.370","2","79.390","1","-151","79.39","2ecb590f-0fcb-4b44-8402-d7ff106536e0","2022-03-11 14:50:53.812"
"AA","79.370","2","79.390","1","-151","79.39","65e0015c-f49a-4d49-a2b1-ab8032f461a8","2022-03-11 14:50:53.812"
"AA","79.370","2","79.390","1","-150","79.39","85946120-fb10-44f0-84fe-a075e927c88c","2022-03-11 14:50:53.812"
"AA","79.370","2","79.390","1","-151","79.39","3b51df98-a1cc-4ce5-9128-fe5882b50d32","2022-03-11 14:50:53.812"
"AA","79.370","2","79.390","1","-151","79.39","71d02c68-e160-4454-b6dc-f87fb5a04003","2022-03-11 14:50:53.812"
"AA","79.370","2","79.390","1","-151","79.39","006f124f-f98d-4410-b514-af8fb97a3209","2022-03-11 14:50:53.812"
"AA","79.730","7","79.760","1","151","79.34","9a4351c3-e789-4a25-af79-41a276f80744","2022-03-11 14:51:18.488"
"AA","79.740","2","79.760","1","151","79.34","e87cf671-5a49-40af-98e8-332a99811a86","2022-03-11 14:51:18.488"
"AA","79.680","1","79.710","1","151","79.34","1237dc2c-1927-43e3-be40-dbaec3a40d60","2022-03-11 14:51:18.488"
"AA","79.230","1","79.250","1","-150","79.25","b1583095-7565-4f40-8ed5-ed9d52604577","2022-03-11 14:51:50.789"
"AA","79.230","1","79.250","1","-151","79.25","1b45002e-b7a8-4b12-9e75-63e59e5f7d43","2022-03-11 14:51:50.789"
"AA","79.230","1","79.250","1","-151","79.25","7e439040-ff47-42ac-a2e8-977a358eb1dc","2022-03-11 14:51:50.789"
"AA","79.230","1","79.250","1","-151","79.25","064440fe-8b98-4772-98d4-ed461a69fc87","2022-03-11 14:51:50.789"
"AA","79.230","1","79.250","1","-151","79.25","c3fbcdb4-44ce-4f3d-bf06-f3e760a860dc","2022-03-11 14:51:50.789"
"AA","79.210","2","79.260","1","-151","79.26","69388204-d84b-42b2-a9fa-1092498f3f72","2022-03-11 14:52:03.145"
"AA","79.210","2","79.260","1","-151","79.26","2eb81114-12d1-40c0-ab91-69f6ec666fe0","2022-03-11 14:52:03.145"
"AA","79.230","1","79.270","3","-151","79.27","0a25d117-7419-4ef3-bd63-c0a71abd93bc","2022-03-11 14:52:15.422"
"AA","79.250","5","79.280","1","-151","79.28","c296b4ac-78fd-4f59-b1e7-1e3a477bfb62","2022-03-11 14:52:20.194"
"AA","79.680","2","79.730","3","151","79.22","05feb749-de14-48d9-a911-03cb2ee5ed35","2022-03-11 14:53:19.947"
"AA","79.210","6","79.270","2","-151","79.27","42517cf5-1cef-4270-bcec-cbdd67b6b88e","2022-03-11 14:54:10.747"
"AA","79.340","2","79.370","1","150","79.37","e7795474-8851-4de4-97a9-a5836ac37456","2022-03-11 15:18:40.006"
"AA","79.420","2","79.460","4","-150","79.47","374d71ef-5aa6-4a1d-bb8f-149cadcbadee","2022-03-11 15:20:04.648"
"AA","79.470","2","79.510","2","151","79.40","438e5ff7-75fa-4db2-ad3b-494e6f1e3c07","2022-03-11 15:26:09.414"
"AA","79.470","1","79.490","7","151","79.40","cfa3569d-462e-466f-8bab-eb4911e20784","2022-03-11 15:26:09.414"
"AA","79.490","1","79.520","4","151","79.40","9e6b5738-602c-4357-a6bd-79c5887fb99d","2022-03-11 15:26:09.414"
"AA","79.480","1","79.520","2","151","79.40","dd279395-1184-4a56-a11b-602dc187eae9","2022-03-11 15:26:09.414"
"AA","79.520","3","79.550","1","151","79.27","fe4f2e4c-89d0-4ef4-993f-6b58fd0f6976","2022-03-11 15:26:43.574"
"AA","79.550","3","79.570","2","151","79.27","6c1e4e3f-65f0-4590-a31e-ea358a14cd43","2022-03-11 15:26:43.574"
"AA","79.580","3","79.600","3","151","79.27","f81df559-b4d2-41ee-a00e-3f66de637d3f","2022-03-11 15:26:43.574"
"AA","79.550","2","79.580","2","151","79.27","ab55b146-79cc-48ee-8d42-a2fe6970beeb","2022-03-11 15:26:43.574"
"AA","79.540","1","79.570","2","151","79.27","2f4ddb1f-ce07-4c6a-96e7-a9e9297b59be","2022-03-11 15:26:43.574"
"AA","79.550","1","79.580","2","151","79.27","1c5be947-d19d-4145-9a14-555e50842321","2022-03-11 15:26:43.574"
"AA","79.580","3","79.600","3","151","79.27","83462ceb-c5c4-488d-a149-18cf2865ca8a","2022-03-11 15:26:43.574"
"AA","79.550","3","79.580","5","151","79.27","0476e2b9-d57c-449d-830f-f436e9c78219","2022-03-11 15:26:43.574"
"AA","79.220","1","79.260","2","-151","79.26","398f347e-475f-45d1-a51a-a6cf4c8d8862","2022-03-11 15:27:04.452"
"AA","79.170","1","79.190","1","-151","79.20","217f205d-7019-44a0-b012-12eafcda12af","2022-03-11 15:28:00.040"
"AA","79.170","1","79.190","1","-151","79.20","591a1145-2ebb-4dd7-9312-87ce575a29cd","2022-03-11 15:28:00.040"
"AA","79.170","1","79.190","1","-151","79.20","48e22e6f-fd03-4534-ab9e-5e0326ee1182","2022-03-11 15:28:00.040"
"AA","79.190","5","79.240","3","-151","79.24","62176fee-92aa-4684-8c83-b611ccc665d0","2022-03-11 15:28:03.076"
"AA","79.190","5","79.240","3","-151","79.24","00ceb03c-ad5a-46c3-9de2-dcfab141b257","2022-03-11 15:28:03.076"
"AA","79.190","5","79.240","3","-151","79.24","ad32d2b2-548c-4cc7-a8e3-ab6e08fbef84","2022-03-11 15:28:03.076"
"AA","79.190","5","79.240","3","-151","79.24","f480911d-44f4-410f-a0e3-04554c50116b","2022-03-11 15:28:03.076"
"AA","79.190","5","79.240","3","-151","79.24","c1571422-bb5b-4d47-8bea-bd200b79c1b5","2022-03-11 15:28:03.076"
"AA","79.190","5","79.240","3","-151","79.24","a86e9b4b-db3c-4a08-8f0a-c530fcc6c7e4","2022-03-11 15:28:03.076"
"AA","79.230","2","79.250","2","-151","79.25","bcf08eb0-c588-49e7-8d4e-823d8ac920e4","2022-03-11 15:29:40.313"
"AA","79.230","1","79.240","1","-151","79.25","95234867-d620-4b45-977c-5490bdaeca2e","2022-03-11 15:29:50.643"
"AG","13.390","22","13.400","65","905","13.26","79d67713-a93d-4df7-9f40-bdda469bebd4","2022-03-11 09:59:44.103"
"AG","13.360","11","13.370","18","905","13.25","8397f328-5fa0-4a7b-a063-5ec34fef879d","2022-03-11 09:59:55.112"
"AG","13.240","9","13.250","3","-905","13.25","c0bf56c4-591d-461a-83b8-1f7200840331","2022-03-11 10:00:30.377"
"AG","13.260","10","13.270","2","-905","13.27","ccd88ad9-9dd5-450a-9339-7a5d94e5aea6","2022-03-11 10:00:41.752"
"AG","13.390","1","13.400","20","901","13.32","45909561-fc16-416e-8c77-c7659a6da2a2","2022-03-11 10:12:58.798"
"AG","13.370","18","13.380","17","901","13.32","8113d0b1-8f96-4b0f-9cb3-583ff9b860db","2022-03-11 10:12:58.798"
"AG","13.370","30","13.380","3","901","13.32","722b8ca6-1fea-42cc-b112-4a1a6e0eb375","2022-03-11 10:12:58.798"
"AG","13.330","34","13.340","16","-901","13.34","3ea1b8a5-bd9c-406a-a979-101f1850c898","2022-03-11 10:13:10.924"
"AG","13.330","34","13.340","16","-901","13.34","f7dbb5dc-060a-4b3e-999d-4f9568784742","2022-03-11 10:13:10.924"
"AG","13.320","23","13.330","10","-901","13.33","debdf966-604e-495d-b2fb-f85b8473248a","2022-03-11 10:13:41.022"
"AG","13.380","2","13.390","38","901","13.31","d3cf170d-c3d3-46e3-bf2f-163d53b30bc7","2022-03-11 10:14:02.452"
"AG","13.380","30","13.380","1","901","13.31","e73689b7-376e-435c-8577-f0aa9805a860","2022-03-11 10:14:02.452"
"AG","13.380","21","13.390","2","901","13.31","946b937e-526b-43cd-90f4-8dff6010f713","2022-03-11 10:14:02.452"
"AG","13.320","33","13.330","23","-901","13.33","efff2d37-39b8-45e4-9957-1a54bfbaa933","2022-03-11 10:15:06.304"
"AG","13.320","33","13.330","23","-901","13.33","d1b5cc9b-a6f4-428f-969f-1bd09b61b733","2022-03-11 10:15:06.304"
"AG","13.340","8","13.350","29","-901","13.35","0da58053-ccfb-43bc-ba83-77e5e9f57494","2022-03-11 10:15:19.752"
"AG","13.340","42","13.350","3","905","13.25","ed926b5a-35e9-4923-80d2-bc2c9ceb67b5","2022-03-11 10:22:32.770"
"AG","13.320","62","13.330","4","905","13.25","a5287102-93e9-43f4-a079-586fabd20ee4","2022-03-11 10:22:32.770"
"AG","13.330","1","13.330","35","905","13.25","9915fe84-7bc7-464e-a554-9455494b5cf6","2022-03-11 10:22:32.770"
"AG","13.330","37","13.340","41","905","13.25","bce99305-4376-42b3-ae97-bee7f52da46c","2022-03-11 10:22:32.770"
"AG","13.330","40","13.340","45","905","13.25","504fdaba-45fa-446e-8297-0f164b476826","2022-03-11 10:22:32.770"
"AG","13.350","8","13.360","25","905","13.25","fa8c9b33-c26e-402c-b638-df7c256dc6f8","2022-03-11 10:22:32.770"
"AG","13.340","35","13.350","2","905","13.25","ab52a62f-e07d-4379-84bc-3339b3918d33","2022-03-11 10:22:32.770"
"AG","13.330","27","13.340","12","905","13.25","11847a6a-4fb1-45ef-9fb9-e8b22adede8a","2022-03-11 10:22:32.770"
"AG","13.330","18","13.340","47","905","13.25","c9798101-1d80-4fc8-a357-fbba2e6d77df","2022-03-11 10:22:32.770"
"AG","13.320","59","13.330","1","905","13.25","291d823d-6a57-434a-8bb7-8719a898410d","2022-03-11 10:22:32.770"
"AG","13.320","14","13.330","17","905","13.25","9f38f74d-0cde-4f9e-970f-53f02083f18c","2022-03-11 10:22:32.770"
"AG","13.270","18","13.280","21","-905","13.28","26171c8a-fc2b-45ec-aa2f-e53e3a34df72","2022-03-11 10:23:33.505"
"AG","13.270","18","13.280","21","-905","13.28","4615f8d0-5505-4735-a792-fb02ad0d269d","2022-03-11 10:23:33.505"
"AG","13.270","18","13.280","21","-905","13.28","57eb1652-7475-4a2f-8006-f98a501542e5","2022-03-11 10:23:33.505"
"AG","13.270","18","13.280","21","-905","13.28","db0ef695-6fbd-4cd7-80a3-ccc0ecb3378e","2022-03-11 10:23:33.505"
"AG","13.270","18","13.280","21","-905","13.28","aa1390b3-a7ae-4a1a-9efa-ba0853f01444","2022-03-11 10:23:33.505"
"AG","13.270","18","13.280","21","-905","13.28","025739c9-3c71-4bef-a8c3-1d9a629e1769","2022-03-11 10:23:33.505"
"AG","13.270","24","13.280","16","-905","13.28","4cd64fa1-9e62-46d7-b30a-9dbae37b4b9f","2022-03-11 10:23:51.252"
"AG","13.250","1","13.260","60","-905","13.26","cc6e19bc-287d-4ec8-bfbf-e03db34f391d","2022-03-11 10:24:27.989"
"AG","13.250","1","13.260","60","-905","13.26","8a868a1c-d426-4cc1-8d43-4bcdea3297cf","2022-03-11 10:24:27.989"
"AG","13.250","6","13.260","20","-905","13.26","a5b4eca9-9e6b-4a27-99b8-c38e1417cc9a","2022-03-11 10:24:50.215"
"AG","13.250","42","13.260","14","-905","13.26","2036035d-a299-4201-a279-3ad56c0a953a","2022-03-11 10:24:50.215"
"AG","13.360","8","13.370","17","906","13.24","c1168ee1-f53d-4182-9968-41eb9e997cad","2022-03-11 10:27:17.219"
"AG","13.270","9","13.280","17","907","13.22","248e09cc-3b69-4575-8910-b7457b2c4187","2022-03-11 10:27:40.499"
"AG","13.240","31","13.250","3","-906","13.25","54e05fc1-bc91-4777-a7c0-7b1e6fb067b2","2022-03-11 10:30:05.688"
"AG","13.240","13","13.250","9","-907","13.25","071f22b9-ae36-47c1-bccd-d27f5652fbdd","2022-03-11 10:30:15.517"
"AG","13.350","4","13.360","13","911","13.16","cf11e9aa-297f-4def-a61c-b895c5c9cafc","2022-03-11 10:38:03.385"
"AG","13.300","43","13.320","15","911","13.16","2a30ad8e-5fbc-4750-984a-8159d0d5c52c","2022-03-11 10:38:03.385"
"AG","13.300","40","13.310","3","911","13.16","de79b969-12cc-406e-87d1-75a7fe898c38","2022-03-11 10:38:03.385"
"AG","13.330","19","13.340","4","912","13.16","6e34eea9-e486-40da-a5c7-b76bfab1aa7b","2022-03-11 10:38:03.385"
"AG","13.340","28","13.350","3","912","13.16","0a2b8fe1-780c-4ddb-8f5a-15cdee5a666c","2022-03-11 10:38:03.385"
"AG","13.320","5","13.330","15","912","13.15","cd16d4ca-158d-427e-9c62-50c1e0fd1cfd","2022-03-11 10:38:58.645"
"AG","13.330","22","13.340","9","912","13.15","29b1aaac-9319-4397-8682-5742ab76362f","2022-03-11 10:38:58.645"
"AG","13.330","15","13.340","41","912","13.15","62372948-3990-4f01-a065-007714824b56","2022-03-11 10:38:58.645"
"AG","13.340","3","13.350","14","912","13.15","a0b785ec-6405-4bac-b836-a1949a9ae545","2022-03-11 10:38:58.645"
"AG","13.360","22","13.370","14","912","13.15","c0c06eec-9ab9-4b2b-b58b-01a82bd5086c","2022-03-11 10:38:58.645"
"AG","13.330","16","13.340","1","912","13.15","d21d612b-c0d6-4d7c-b66d-5313f32ec769","2022-03-11 10:38:58.645"
"AG","13.160","1","13.160","16","-912","13.16","0e6df078-780c-40d6-8c64-a9a90a486665","2022-03-11 10:39:20.006"
"AG","13.160","1","13.160","16","-911","13.16","cfa9cb72-63a8-44f2-96b2-6405a6e09100","2022-03-11 10:39:20.006"
"AG","13.160","1","13.160","16","-912","13.16","f222cb7b-5a75-40ff-945e-d6e4881d44bd","2022-03-11 10:39:20.006"
"AG","13.160","1","13.160","16","-912","13.16","afefe27f-cf55-4738-b868-874c1106d4a8","2022-03-11 10:39:20.006"
"AG","13.160","1","13.160","16","-911","13.16","9e82216a-4a63-4977-91dc-54ec6303b77a","2022-03-11 10:39:20.006"
"AG","13.160","1","13.160","16","-912","13.16","1e5fe8f4-de77-4a3d-a06f-28cb37b0f15d","2022-03-11 10:39:20.006"
"AG","13.150","26","13.160","13","-912","13.16","b19f66e1-952f-47f4-a070-c13c6e248edd","2022-03-11 10:39:32.959"
"AG","13.150","26","13.160","13","-912","13.16","57bf01b2-c96c-405c-aca3-04f243c27814","2022-03-11 10:39:32.959"
"AG","13.150","26","13.160","13","-912","13.16","0a5aab49-bd79-443c-aa6d-dc7c7289df9f","2022-03-11 10:39:32.959"
"AG","13.160","8","13.170","42","-911","13.17","16d6725f-b25d-4943-a840-ebff90d4cef6","2022-03-11 10:39:42.885"
"AG","13.150","26","13.160","13","-912","13.16","72fb1939-bd29-4527-b828-1ca183e406bd","2022-03-11 10:40:10.620"
"AG","13.190","31","13.200","11","910","13.18","cab672a8-3329-4c54-8d74-e4d849d9b17f","2022-03-11 10:52:17.755"
"AG","13.200","10","13.210","51","-910","13.21","f6ec2222-ca22-4cbc-aa30-da62838bd58e","2022-03-11 10:53:00.663"
"AG","13.520","21","13.530","37","890","13.48","1338cb8c-df01-4ebd-9b59-ef18f4d9048e","2022-03-11 12:54:58.284"
"AG","13.520","34","13.530","31","890","13.48","287c89fb-5980-46d7-9559-5bce94b51846","2022-03-11 12:54:58.284"
"AG","13.500","87","13.510","20","890","13.47","6c2b83dd-29ed-4b27-aa5e-db43e02a1db5","2022-03-11 12:56:42.161"
"AG","13.500","86","13.510","30","890","13.47","a3bfcf9e-99c4-4f74-9e3f-68107ac88605","2022-03-11 12:56:42.161"
"AG","13.510","20","13.520","18","890","13.47","03e18716-75d1-4022-b864-242ea166c1c1","2022-03-11 12:56:42.161"
"AG","13.510","12","13.520","47","890","13.47","8c903a77-9741-44f3-a0d3-384c982d57a4","2022-03-11 12:56:42.161"
"AG","13.530","23","13.540","34","890","13.47","226a1801-c91f-4104-b300-b386087d1eb3","2022-03-11 12:56:42.161"
"AG","13.520","16","13.530","37","890","13.47","1e9afd31-dd0c-4a97-bbeb-46a776bffd4d","2022-03-11 12:56:42.161"
"AG","13.520","28","13.530","15","890","13.47","988be07f-e9dc-43e3-a7ef-d1885511b352","2022-03-11 12:56:42.161"
"AG","13.470","46","13.480","33","-890","13.48","adead0a5-5309-4f90-be75-d963bbb4129c","2022-03-11 12:57:14.556"
"AG","13.470","46","13.480","33","-890","13.48","4a5fd7ba-fc73-4b48-b8a0-118d57bfd923","2022-03-11 12:57:14.556"
"AG","13.460","40","13.470","18","-890","13.47","a02a2bce-35b7-42d4-981c-0f376f9cbdb1","2022-03-11 12:57:30.146"
"AG","13.470","33","13.480","11","-890","13.48","7e476793-4f0a-4299-8ad5-9f77056751a2","2022-03-11 12:57:53.562"
"AG","13.470","33","13.480","11","-890","13.48","596a7fdd-d53f-4960-ae26-d5349cf1427d","2022-03-11 12:57:53.562"
"AG","13.470","33","13.480","11","-890","13.48","92351830-acb5-45c1-a67c-d0ff14a057bf","2022-03-11 12:57:53.562"
"AG","13.470","42","13.480","24","-890","13.48","d8245ed8-193a-4947-82a3-be7d647348c6","2022-03-11 12:58:10.073"
"AG","13.470","42","13.480","24","-890","13.48","43d93e83-9178-4580-96ce-fe616566d395","2022-03-11 12:58:10.073"
"AG","13.470","42","13.480","24","-890","13.48","a67e6754-291c-4e4c-8d4e-c2fe845b6d45","2022-03-11 12:58:10.073"
"AG","13.530","43","13.540","9","888","13.51","a4b64d10-6745-465f-a874-66ec33db1bb3","2022-03-11 13:01:34.438"
"AG","13.530","24","13.540","18","888","13.51","ec470f99-8015-448d-a339-b27180d8f3bc","2022-03-11 13:01:34.438"
"AG","13.540","10","13.550","24","888","13.51","76484add-16df-45c3-8afa-f6960b2dfcab","2022-03-11 13:01:34.438"
"AG","13.490","64","13.500","2","-888","13.50","03e2658c-13bd-4de3-821a-6a3eab2936fb","2022-03-11 13:03:20.506"
"AG","13.490","64","13.500","2","-888","13.50","1e09d141-2bd7-478d-9e5d-3e5a0945a5cb","2022-03-11 13:03:20.506"
"AG","13.490","63","13.500","2","-888","13.50","d743b7e9-9cb1-49b7-b6c5-661620864619","2022-03-11 13:03:20.506"
"AG","13.520","21","13.530","17","891","13.46","82251709-b748-4496-b42e-4c367f2c98a7","2022-03-11 13:06:07.423"
"AG","13.520","42","13.530","6","891","13.46","2a0a3de1-89aa-4406-aa15-f9c7d7a5889f","2022-03-11 13:06:07.423"
"AG","13.530","20","13.540","24","891","13.46","3feea5ba-e799-45aa-8e5b-9f30c2e9e851","2022-03-11 13:06:07.423"
"AG","13.530","22","13.540","31","891","13.46","2dbec810-7655-4fc7-99e5-63bc98e29cc6","2022-03-11 13:06:07.423"
"AG","13.510","13","13.510","5","891","13.46","856b4d9a-ab06-406f-874c-7e46cdb505ab","2022-03-11 13:06:07.423"
"AG","13.520","41","13.530","13","891","13.46","12e815cf-9a55-4ed5-9fe1-e836d69a3f7c","2022-03-11 13:06:07.423"
"AG","13.540","10","13.550","44","891","13.46","02c02edd-a92c-4a1f-8f6f-19908fe5229e","2022-03-11 13:06:07.423"
"AG","13.520","13","13.530","26","891","13.46","87396988-fba0-4628-adfe-73de64597a07","2022-03-11 13:06:07.423"
"AG","13.460","58","13.470","35","-891","13.47","0b0e5955-8956-436a-b408-f90ed667490f","2022-03-11 13:07:26.022"
"AG","13.460","58","13.470","35","-891","13.47","94896541-33a3-4dca-8774-6cdfdd3898b4","2022-03-11 13:07:26.022"
"AG","13.460","58","13.470","35","-891","13.47","f4bafcc4-f5f9-43d6-8319-2d4a59a93073","2022-03-11 13:07:26.022"
"AG","13.460","58","13.470","35","-891","13.47","89bc3437-00e1-4662-b103-0127cfcdcf01","2022-03-11 13:07:26.022"
"AG","13.450","16","13.460","21","-891","13.46","b07172ba-b4a2-483f-8f4d-a8aea71d0524","2022-03-11 13:08:35.915"
"AG","13.450","16","13.460","21","-891","13.46","c735fe1c-a898-4040-aa3f-0eff6a07d9a4","2022-03-11 13:08:35.915"
"AG","13.450","28","13.460","17","-891","13.46","d567c872-f9e8-4c43-bfb8-fa2bf387a815","2022-03-11 13:08:35.915"
"AG","13.450","28","13.460","23","-891","13.46","60c97c44-01b3-4c51-9b33-cbfe771d1923","2022-03-11 13:08:43.179"
"AG","13.450","25","13.460","24","893","13.43","0065860f-d9b3-4a03-9416-e6f91c540a9d","2022-03-11 13:53:08.197"
"AG","13.450","5","13.460","71","893","13.43","213799e9-1701-4406-833e-2a76e018023e","2022-03-11 13:53:08.197"
"AG","13.440","40","13.450","16","-893","13.45","b9efe16b-f61a-450c-a91f-14362679a748","2022-03-11 13:53:20.762"
"AG","13.440","14","13.450","38","-893","13.45","7e254cc3-ca60-417a-8fa1-d3dbb63ae9e0","2022-03-11 13:54:07.712"
"AG","13.490","32","13.500","17","894","13.42","e005cb17-5684-48cf-83c5-f1942d19eef4","2022-03-11 14:22:21.857"
"AG","13.500","26","13.510","53","894","13.42","86911177-b7c5-4619-831c-8d6f0f842e42","2022-03-11 14:22:21.857"
"AG","13.500","39","13.510","42","894","13.42","67c70876-ba98-4f0f-8101-3bafbf1c1e59","2022-03-11 14:22:21.857"
"AG","13.490","38","13.500","10","894","13.42","3a30fa6f-bf3e-4532-9a42-554181071e00","2022-03-11 14:22:21.857"
"AG","13.500","19","13.510","21","894","13.42","94a147ce-78bd-4174-a472-eeecfb41920c","2022-03-11 14:22:21.857"
"AG","13.510","25","13.520","33","894","13.42","404f2f9d-cad7-4097-b1a9-b5456ba1d0dc","2022-03-11 14:22:21.857"
"AG","13.500","24","13.510","25","894","13.42","58d5b25d-5d62-42ab-a1f7-207cdfe451f9","2022-03-11 14:22:21.857"
"AG","13.480","55","13.490","16","894","13.42","1eb2e8bd-fb07-46d5-8cdd-c7c131617a5e","2022-03-11 14:22:21.857"
"AG","13.490","27","13.500","32","894","13.42","a1dfee3e-d63b-4480-8c6b-9c7531c10f78","2022-03-11 14:22:21.857"
"AG","13.490","27","13.500","32","894","13.42","550e61f0-060c-404d-bd61-f8f90c7240d9","2022-03-11 14:22:21.857"
"AG","13.470","20","13.480","30","894","13.42","e9e93e5d-e8dd-44cb-ae6e-af03532132be","2022-03-11 14:22:21.857"
"AG","13.470","27","13.480","15","894","13.42","9ce408b4-4f2f-4bb8-be18-5b9e8d189b1e","2022-03-11 14:22:21.857"
"AG","13.460","24","13.470","22","894","13.42","b4504c9a-0a06-45cd-9134-e7c5413a7a5e","2022-03-11 14:22:21.857"
"AG","13.450","32","13.460","8","894","13.42","a295a868-ead7-4c49-bdd6-c97e0381901d","2022-03-11 14:22:21.857"
"AG","13.420","39","13.430","15","-894","13.43","7ef82276-a91a-42a2-a757-33e62453679b","2022-03-11 14:23:20.464"
"AG","13.420","39","13.430","15","-894","13.43","001f825d-4cdd-44f2-ab0b-1456465b3484","2022-03-11 14:23:20.464"
"AG","13.420","39","13.430","15","-894","13.43","5420c8aa-29c5-4803-85b4-e0d4f4b060c1","2022-03-11 14:23:20.464"
"AG","13.420","39","13.430","15","-894","13.43","0dac0241-e69d-4db1-863a-fafef15499f0","2022-03-11 14:23:20.464"
"AG","13.420","39","13.430","15","-894","13.43","173b15ea-2906-4f4f-9238-389e83717b5f","2022-03-11 14:23:20.464"
"AG","13.420","39","13.430","15","-894","13.43","1de59ca2-e8b9-497c-8628-0f690e8fd6d4","2022-03-11 14:23:20.464"
"AG","13.420","39","13.430","15","-894","13.43","d4376302-c76f-4203-a839-0978dc9b3780","2022-03-11 14:23:20.464"
"AG","13.420","53","13.430","29","-894","13.43","b1522e59-3a52-43c9-bcac-e9e38b0481da","2022-03-11 14:23:31.221"
"AG","13.420","53","13.430","29","-894","13.43","baf110ec-415d-474a-9444-43fd299512c1","2022-03-11 14:23:31.221"
"AG","13.420","53","13.430","29","-894","13.43","0e70d6d4-7e65-4907-a61f-3ce13c68aef5","2022-03-11 14:23:31.221"
"AG","13.420","53","13.430","29","-894","13.43","592cf036-5371-42fb-b055-9bd2c0242d0a","2022-03-11 14:23:31.221"
"AG","13.420","39","13.430","24","-894","13.43","e07f95e7-ea34-47da-a5fa-e2113e1c8287","2022-03-11 14:23:45.675"
"AG","13.420","39","13.430","24","-894","13.43","1721f0f3-45be-48a3-b6f9-af2f89d836c7","2022-03-11 14:23:45.675"
"AG","13.490","73","13.500","1","895","13.41","c8b8d6d6-dd36-4ab3-ab07-562cfeacf274","2022-03-11 14:24:55.530"
"AG","13.480","45","13.490","16","895","13.41","701e82bd-5e24-435d-b808-0f896e5c69e5","2022-03-11 14:24:55.530"
"AG","13.420","32","13.430","20","-894","13.43","19bd3080-bf06-4893-b824-ea30661b8acc","2022-03-11 14:26:03.714"
"AG","13.420","32","13.430","20","-895","13.43","425b989e-f0b8-4fd6-83da-9691752589c8","2022-03-11 14:26:03.714"
"AG","13.420","34","13.430","18","-895","13.43","93c65549-2020-4472-a7d5-5a4baee8ffde","2022-03-11 14:27:04.686"
"AG","13.440","39","13.450","34","893","13.44","67c6b14b-b153-4236-b1c8-34b23c6114f9","2022-03-11 14:34:32.485"
"AG","13.450","32","13.460","18","893","13.44","9a1bd6c3-a1ac-42af-9c28-0b4043faca7b","2022-03-11 14:34:32.485"
"AG","13.460","18","13.470","85","892","13.44","61bbe953-38a1-4b3e-b647-c0c22d89aa5e","2022-03-11 14:34:32.485"
"AG","13.460","1","13.460","40","893","13.44","20524e05-8c7e-477a-bb1e-9ad0f8304891","2022-03-11 14:34:32.485"
"AG","13.440","50","13.450","8","892","13.44","55ddea25-2753-4e7e-900a-a2753f75b083","2022-03-11 14:34:32.485"
"AG","13.440","50","13.450","8","892","13.44","20f9fddd-93d0-4328-b747-248b74274db2","2022-03-11 14:34:32.485"
"AG","13.440","41","13.450","8","892","13.44","b37e0b8b-13cb-4ef1-b052-634b7bea2122","2022-03-11 14:34:32.485"
"AG","13.420","26","13.430","20","-893","13.43","c568f83f-432c-45cf-82f6-89e3e1de3058","2022-03-11 14:35:41.534"
"AG","13.420","26","13.430","20","-893","13.43","5e52cb35-c6b8-4208-8c06-41c4e5f6b1bb","2022-03-11 14:35:41.534"
"AG","13.420","39","13.430","21","-892","13.43","19176254-b0f7-4a4f-813d-7b0cd7b673f1","2022-03-11 14:35:51.160"
"AG","13.430","10","13.440","71","-892","13.44","4f88352e-d00e-4399-bca6-843c30316a1b","2022-03-11 14:38:02.789"
"AG","13.430","10","13.440","71","-892","13.44","19505ba4-ef64-43e3-a99a-4682dab68d44","2022-03-11 14:38:02.789"
"AG","13.430","10","13.440","71","-892","13.44","e9d6b6ea-9763-41b1-be7f-6cbaf3174d4c","2022-03-11 14:38:02.789"
"AG","13.430","10","13.440","71","-893","13.44","7faaf65d-5945-46d8-ad2a-609c1d715b54","2022-03-11 14:38:02.789"
"AG","13.470","27","13.480","67","894","13.42","6cb4171e-e2ba-4078-9ba1-b7c6c85f3ff7","2022-03-11 15:26:21.901"
"AG","13.470","27","13.480","67","894","13.42","844e729d-34df-44f2-8ee0-568a9f642a85","2022-03-11 15:26:21.901"
"AG","13.460","61","13.470","73","894","13.42","d54fe27d-8db1-4cda-af87-facf7f9d7c45","2022-03-11 15:26:21.901"
"AG","13.460","50","13.470","30","894","13.42","7adb93a2-ee6c-4342-a01c-ed7f1e6ee3be","2022-03-11 15:26:21.901"
"AG","13.460","47","13.470","35","894","13.42","a95baf62-caa1-46f7-97a7-8503d728c04b","2022-03-11 15:26:21.901"
"AG","13.460","43","13.470","58","894","13.42","ef044f4e-4a34-413b-b980-8bf68063959b","2022-03-11 15:26:21.901"
"AG","13.460","43","13.470","56","894","13.42","2f0128e3-418a-439d-8b2e-623f649ac2c2","2022-03-11 15:26:21.901"
"AG","13.460","58","13.470","37","894","13.42","b8e338ce-3048-4f6b-8744-26476c29b2a8","2022-03-11 15:26:21.901"
"AG","13.460","58","13.470","37","894","13.42","891a738b-b271-4d3f-ac8e-b1641f1c9aca","2022-03-11 15:26:21.901"
"AG","13.470","88","13.480","12","896","13.39","64c03f85-3b5f-4199-b6ee-e460727275e1","2022-03-11 15:26:39.007"
"AG","13.390","56","13.400","59","-894","13.40","66b18a88-3a23-4154-8394-a583236a95dd","2022-03-11 15:26:42.113"
"AG","13.390","56","13.400","59","-894","13.40","9afc90dc-d59b-4a24-ac1d-305fd50582a6","2022-03-11 15:26:42.113"
"AG","13.390","56","13.400","59","-894","13.40","4c013acf-aa09-40c2-b7db-46a51540e179","2022-03-11 15:26:42.113"
"AG","13.390","56","13.400","59","-894","13.40","aeaf243e-5b42-4e80-908f-4eeee424d360","2022-03-11 15:26:42.113"
"AG","13.390","56","13.400","59","-894","13.40","4b88d98d-2f45-4c2b-9ddf-b325dce47ecb","2022-03-11 15:26:42.113"
"AG","13.380","65","13.390","66","-894","13.39","4658a593-eea5-40f2-ae01-49fb2020b5b6","2022-03-11 15:27:03.367"
"AG","13.370","59","13.380","63","-896","13.38","2b1a1961-8052-4c6a-8a35-82d0b4bcb6d3","2022-03-11 15:28:08.921"
"AG","13.370","55","13.380","58","-894","13.38","302bfb3f-e095-47c1-92bf-b52d2eec9c83","2022-03-11 15:29:05.069"
"AG","13.370","10","13.380","58","-894","13.38","9e2dd335-0e2e-477c-843e-8c5252a02772","2022-03-11 15:30:13.299"
"AG","13.370","3","13.380","73","-894","13.38","1b3b5b21-5e22-48e6-bcb6-ad33772ec65b","2022-03-11 15:30:13.299"
"ABB","33.150","46","33.160","16","360","33.16","35852b0c-e1f2-40d7-9241-5e2638f15b73","2022-03-11 10:07:30.006"
"ABB","33.140","4","33.140","1","-360","33.14","c4cb03ce-5b6d-4ce3-b549-e674c496ed0a","2022-03-11 10:07:50.006"
"ABB","33.150","32","33.160","14","361","33.16","e53e5c46-f277-4ba6-9e7a-1097d5344e7e","2022-03-11 10:14:10.006"
"ABB","33.140","1","33.140","21","-361","33.14","dfd73dc7-8cb6-4f83-b797-7c00cecf3043","2022-03-11 10:15:00.006"
"ABB","33.150","6","33.160","17","362","33.10","6eecc273-21de-479b-809e-804e08c30700","2022-03-11 10:29:59.987"
"ABB","33.140","38","33.150","7","362","33.10","d18eb041-7bb3-4e04-b301-30f610387db5","2022-03-11 10:29:59.987"
"ABB","33.140","2","33.150","17","362","33.10","c116b33b-52cf-47ae-92f8-b15f6e965305","2022-03-11 10:29:59.987"
"ABB","33.040","11","33.050","15","-362","33.05","73e2aeb0-cae2-4c0b-aad6-2542e254d7e8","2022-03-11 10:34:00.266"
"ABB","33.040","11","33.050","15","-362","33.05","90be2200-8613-4f92-90dd-b8208059df00","2022-03-11 10:34:00.266"
"ABB","33.030","43","33.050","22","-362","33.05","e99fb3cf-38dc-4390-a182-d18227ae78bd","2022-03-11 10:34:51.587"
"ABB","33.070","17","33.080","14","363","33.03","b0066466-f6d8-41aa-9236-8c68223f5961","2022-03-11 11:05:14.423"
"ABB","33.060","58","33.070","15","363","33.03","74f53faa-8ea6-48a7-aee6-637b50ec91ce","2022-03-11 11:05:14.423"
"ABB","33.080","13","33.090","21","363","33.03","13de9b0d-29de-4722-94e1-85ef63a41b0c","2022-03-11 11:05:14.423"
"ABB","33.080","18","33.090","12","363","33.03","ad418ed7-1f5e-4d0e-ab1b-b6ab06aebf95","2022-03-11 11:05:14.423"
"ABB","33.070","20","33.080","13","363","33.03","f290c78e-9b71-4d6b-bc0b-1fe8902da6a6","2022-03-11 11:05:14.423"
"ABB","33.060","23","33.070","32","363","33.03","d6663a84-4924-49f1-84e1-faa2ebcecaf7","2022-03-11 11:05:14.423"
"ABB","33.060","21","33.070","21","363","33.03","86e591fa-216b-4e50-9800-6d3312b2f848","2022-03-11 11:05:14.423"
"ABB","33.060","12","33.070","20","363","33.03","00b15c64-b428-443d-9824-18a6836e6890","2022-03-11 11:05:14.423"
"ABB","33.060","21","33.070","17","363","33.01","64fd4542-09b6-495c-a548-c20b4ba5ca26","2022-03-11 11:06:04.487"
"ABB","33.070","10","33.080","17","363","33.01","a2729e88-9589-4321-93dd-6b454c6d15f9","2022-03-11 11:06:04.487"
"ABB","33.070","68","33.090","17","363","33.01","64853ac2-8d09-4908-bdf8-04fdfe6765ef","2022-03-11 11:06:04.487"
"ABB","33.090","14","33.100","12","363","33.01","f1ef3d38-1780-40dd-909f-a958dbaa0143","2022-03-11 11:06:04.487"
"ABB","33.070","12","33.080","22","363","33.01","95d8c4d7-6603-42f8-b266-8b14c8000b37","2022-03-11 11:06:04.487"
"ABB","33.070","28","33.080","2","363","33.01","7c4e7652-2931-4e8e-bc58-0c88fab8e485","2022-03-11 11:06:04.487"
"ABB","32.990","5","33.000","24","-363","33.00","06c7f614-00a2-4fad-894c-3337891a13ae","2022-03-11 11:06:43.985"
"ABB","32.990","5","33.000","24","-363","33.00","733a6a5c-c03e-4394-9ea9-5da1497fd0b5","2022-03-11 11:06:43.985"
"ABB","32.990","5","33.000","24","-363","33.00","26f44006-c2bf-4779-a86a-27784fa20ea0","2022-03-11 11:06:43.985"
"ABB","32.990","5","33.000","24","-363","33.00","29c8ab65-c3fe-4086-ab2d-ec52d889668b","2022-03-11 11:06:43.985"
"ABB","32.960","22","32.970","5","-363","32.97","b22a2c76-f453-4eb8-a06e-bd8913fab3ec","2022-03-11 11:07:41.565"
"ABB","32.960","22","32.970","5","-363","32.97","018b89b3-7f54-4f72-8d54-0e6b97f7002a","2022-03-11 11:07:41.565"
"ABB","32.960","22","32.970","5","-363","32.97","a862e1c9-f617-48e7-90ae-bdf404c633dc","2022-03-11 11:07:41.565"
"ABB","32.960","22","32.970","5","-363","32.97","8cfeb999-c297-426a-b5c4-d123504c8726","2022-03-11 11:07:41.565"
"ABB","32.960","22","32.970","5","-363","32.97","fc6cacd9-f382-444d-88e3-b033415c229e","2022-03-11 11:07:41.565"
"ABB","32.960","22","32.970","5","-363","32.97","ece1c40d-0379-4529-ab64-858ba1537c08","2022-03-11 11:07:41.565"
"ABB","32.960","22","32.970","5","-363","32.97","f945430c-78d1-467f-8d90-f29a63279031","2022-03-11 11:07:41.565"
"ABB","32.960","22","32.970","5","-363","32.97","dfdfc25d-9d12-4983-974a-277b7f1bfedc","2022-03-11 11:07:41.565"
"ABB","32.980","29","32.990","5","-363","32.99","16d70828-6455-4490-b942-2dd4a0273919","2022-03-11 11:07:55.533"
"ABB","32.980","19","32.990","28","-363","33.00","a458bcd4-0390-4713-8bac-57c932b3e1ef","2022-03-11 11:08:05.785"
"ABB","33.000","22","33.010","16","363","32.99","807e16a3-a2b6-4cfe-8aad-34c31062c641","2022-03-11 11:22:48.962"
"ABB","33.010","2","33.020","25","363","32.99","fde86c01-8dfd-4da5-a11c-e1c342cde535","2022-03-11 11:22:48.962"
"ABB","33.010","21","33.020","14","363","32.99","7162c948-fd58-410d-9557-4529417fb237","2022-03-11 11:22:48.962"
"ABB","32.990","15","33.000","25","-363","33.00","5184afaa-764d-47fb-8e1a-dd36e1179645","2022-03-11 11:24:47.492"
"ABB","32.990","32","33.000","25","-363","33.00","6a192e02-23bb-4288-acd9-728f3c60e02a","2022-03-11 11:24:52.876"
"ABB","33.000","38","33.010","4","-363","33.01","8da68c89-b7d8-4a03-b3ea-1434d27015bc","2022-03-11 11:25:17.885"
"ABB","33.040","19","33.050","4","363","32.98","4a332999-9a17-447f-ae50-c1666c675b5d","2022-03-11 11:29:37.612"
"ABB","33.030","21","33.040","18","363","32.98","79aed195-da18-4686-ade0-68b7c2dd3201","2022-03-11 11:29:37.612"
"ABB","33.030","11","33.040","18","363","32.98","d0802b52-6eea-44de-854a-c4814a021357","2022-03-11 11:29:37.612"
"ABB","33.030","29","33.040","2","363","32.98","a2ef188a-22d0-4c77-bf32-e4cac5c2e5ec","2022-03-11 11:29:37.612"
"ABB","33.020","35","33.030","2","363","32.98","84a67d6f-f4ac-47b4-a327-d6ffd609c96a","2022-03-11 11:29:37.612"
"ABB","33.010","15","33.020","18","363","32.98","c28c4673-4b46-4069-8f6c-ad9e89b2228e","2022-03-11 11:29:37.612"
"ABB","33.010","23","33.020","56","364","32.96","5598918f-aaac-4836-a34e-9d282ca3db54","2022-03-11 11:29:53.962"
"ABB","32.940","8","32.950","22","-364","32.95","b50b99d1-e532-44ca-9f86-393fe8aea1c7","2022-03-11 11:30:23.644"
"ABB","32.940","8","32.950","22","-363","32.95","524a1fea-220a-4608-88ba-f6c39e97c35d","2022-03-11 11:30:23.644"
"ABB","32.940","8","32.950","22","-363","32.95","0fb49779-6f7a-4f27-bf87-0394bdc23fb5","2022-03-11 11:30:23.644"
"ABB","32.940","8","32.950","22","-363","32.95","389ca99a-9e03-4f4d-965f-ccb2900d692f","2022-03-11 11:30:23.644"
"ABB","32.960","6","32.970","16","-363","32.97","a6cc9bd3-5550-4fc8-9312-f2ca99fe43c6","2022-03-11 11:30:37.079"
"ABB","32.960","6","32.970","16","-363","32.97","2c45e7d5-4caa-41ce-a15d-7cb8f061e453","2022-03-11 11:30:37.079"
"ABB","32.950","8","32.950","1","-363","32.95","c2090c10-3dd3-49c6-97e1-f3cad6716f13","2022-03-11 11:33:20.006"
"ABB","33.050","22","33.060","3","363","32.97","29880e3a-a428-4936-80d2-4fc82d938af1","2022-03-11 11:42:18.556"
"ABB","33.050","22","33.060","3","363","32.97","c17da005-bc0c-4d3f-a3e0-9132483a4eb9","2022-03-11 11:42:18.556"
"ABB","33.040","4","33.050","21","364","32.97","34942cf5-c8de-4a6d-97d0-016c2c6b6feb","2022-03-11 11:42:18.556"
"ABB","33.040","2","33.050","18","363","32.97","9aa0ca88-6776-47eb-b600-b5ef15c60c64","2022-03-11 11:42:18.556"
"ABB","33.030","24","33.040","22","363","32.97","724ac464-91e7-4d04-b9f2-fd3f80a30105","2022-03-11 11:42:18.556"
"ABB","33.050","25","33.060","2","364","32.95","885458dc-c28a-4a2e-8030-56a16db5961a","2022-03-11 11:42:27.815"
"ABB","33.050","25","33.060","2","364","32.95","21887d13-2eb1-43f9-8dba-aa6c95fcec36","2022-03-11 11:42:27.815"
"ABB","33.050","24","33.060","4","364","32.95","7379f3e9-15f3-43c9-bb50-3ede6bbc9008","2022-03-11 11:42:27.815"
"ABB","33.050","11","33.060","12","364","32.95","5ee37d20-49dc-4f63-bb1c-906629f808d2","2022-03-11 11:42:27.815"
"ABB","33.050","3","33.060","21","364","32.95","054a70d5-b23d-466f-ae37-fa25252a536c","2022-03-11 11:42:27.815"
"ABB","32.940","14","32.950","15","-363","32.95","2ad0a449-e86b-4a4f-8b7e-e0087ea1eeb5","2022-03-11 11:42:31.872"
"ABB","32.940","14","32.950","15","-363","32.95","1dea2992-6907-4cde-97b3-3b7653324c84","2022-03-11 11:42:31.872"
"ABB","32.940","14","32.950","15","-363","32.95","40b5cc40-807d-40d5-b46b-dd990e1c50de","2022-03-11 11:42:31.872"
"ABB","32.990","20","33.000","13","-364","33.01","b059b4d1-4054-430e-96b6-1dd2b795def5","2022-03-11 11:42:41.615"
"ABB","32.990","18","33.000","16","-364","33.00","0c662860-d051-4023-82b9-1c82f786f633","2022-03-11 11:43:00.987"
"ABB","32.990","18","33.000","16","-364","33.00","1e9fe79f-0d6f-4fec-99f2-7993f733483e","2022-03-11 11:43:00.987"
"ABB","32.990","1","33.000","24","-364","33.00","28809505-7097-4a9e-935b-ddc1473106ab","2022-03-11 11:43:37.964"
"ABB","32.990","1","33.000","24","-363","33.00","38f2e934-a5a6-41e3-9c75-f53ef005ad03","2022-03-11 11:43:37.964"
"ABB","32.990","27","33.000","3","-364","33.00","8e1effdc-c4eb-433d-a631-1e995e79c396","2022-03-11 11:43:43.353"
"ABB","32.980","15","32.990","10","-364","32.99","7668dadb-6f0e-4ee4-a96e-18afa21ed118","2022-03-11 11:43:50.355"
"ABB","32.990","6","33.000","15","363","32.99","047409eb-2eda-4bbd-ba5e-b5d4babb8e57","2022-03-11 11:44:20.904"
"ABB","32.990","6","33.000","15","363","32.99","8875636f-ffa4-4a99-8330-cc4546ce5435","2022-03-11 11:44:20.904"
"ABB","33.020","6","33.030","14","-363","33.03","3c7be793-fa7b-46d3-9f34-d3e39fb7d4b5","2022-03-11 11:45:17.679"
"ABB","32.990","16","33.000","21","-363","33.00","c7246fa3-31d2-4de8-80e4-ddc35cc51983","2022-03-11 11:46:19.009"
"ABB","33.020","20","33.030","9","363","32.99","19462843-4a51-4d21-a136-3186de052a77","2022-03-11 12:03:07.262"
"ABB","32.990","17","33.000","17","-363","33.00","f5069d6e-98b4-4318-b75a-4cfa4923062c","2022-03-11 12:04:01.647"
"ABB","33.000","13","33.010","11","363","32.98","053fcfa7-4199-475a-a878-16dd3c1ea99b","2022-03-11 12:08:07.006"
"ABB","32.960","20","32.970","13","-363","32.97","3666b90d-5bc9-4adc-96bc-bd3bfa6090ef","2022-03-11 12:09:10.875"
"ABB","33.020","18","33.030","10","364","32.96","33c65fd5-f64d-45b5-a1f8-d3d0c6e8cf85","2022-03-11 12:09:50.808"
"ABB","33.030","7","33.030","1","364","32.96","5c80f058-9e72-45a4-8971-2f855f8717e8","2022-03-11 12:09:50.808"
"ABB","33.030","7","33.040","20","364","32.96","f6477649-53c4-4980-bca3-ace3f3c4de58","2022-03-11 12:09:50.808"
"ABB","32.960","20","32.970","20","-364","32.97","755e2344-4ea5-4b1e-88f0-6c357eb01bab","2022-03-11 12:10:25.318"
"ABB","32.940","18","32.950","6","-364","32.95","15c937d8-d70d-487e-8c4f-e79f1a768e5f","2022-03-11 12:10:52.019"
"ABB","32.980","16","32.990","26","364","32.94","da1239ed-02a5-44b9-90c1-b829968cd4e1","2022-03-11 12:10:59.741"
"ABB","32.990","27","33.000","1","364","32.94","dd10da7f-93cc-4376-8051-202100ef2836","2022-03-11 12:10:59.741"
"ABB","32.990","27","33.000","1","364","32.94","278daac2-ac88-4d2f-90d3-0332acf0b6cc","2022-03-11 12:10:59.741"
"ABB","33.000","9","33.010","20","364","32.94","fc79afaa-4167-46aa-9131-355d97c74b5b","2022-03-11 12:10:59.741"
"ABB","33.010","23","33.020","12","364","32.94","87af7529-0b30-4660-8423-d2dd8f18d322","2022-03-11 12:10:59.741"
"ABB","33.030","19","33.040","13","364","32.94","ad690ed8-90aa-44a3-bf05-c12ca38d5596","2022-03-11 12:10:59.741"
"ABB","33.030","19","33.040","13","364","32.94","e8924147-267e-4091-b0c1-b98b75b9690f","2022-03-11 12:10:59.741"
"ABB","33.030","12","33.040","19","364","32.94","5dcbccb2-df9a-4a67-bc89-8441fe8c6620","2022-03-11 12:10:59.741"
"ABB","33.030","9","33.040","16","364","32.94","655c63e5-586e-49af-ab72-798b6851dd38","2022-03-11 12:10:59.741"
"ABB","33.030","7","33.040","17","364","32.94","5cfb4089-3460-45cf-885c-65a8c3cfdc98","2022-03-11 12:10:59.741"
"ABB","33.030","9","33.040","13","364","32.94","679895a8-417b-4c58-a031-3bafd1ab77a2","2022-03-11 12:10:59.741"
"ABB","33.040","10","33.050","19","364","32.94","183d9cd0-1b8b-4086-9605-eef4069ca3e6","2022-03-11 12:10:59.741"
"ABB","33.040","8","33.050","14","364","32.94","b96a0f0a-4e29-4942-9226-499fb242e89c","2022-03-11 12:10:59.741"
"ABB","33.030","5","33.040","15","364","32.93","9a1d6a19-d0d3-436b-97db-9d270df9aed0","2022-03-11 12:11:11.033"
"ABB","33.030","5","33.040","15","364","32.93","f2ced800-eaa8-4545-a16b-d373f339969f","2022-03-11 12:11:11.033"
"ABB","33.030","1","33.040","19","364","32.93","3df49910-6993-452d-a3ba-d81f83e3513d","2022-03-11 12:11:11.033"
"ABB","33.030","3","33.040","22","364","32.93","303d46d1-02d4-4bb9-ba19-0dd29a5e0200","2022-03-11 12:11:11.033"
"ABB","33.040","24","33.050","20","364","32.93","f994507b-8390-4f21-b60e-9ab68de279b7","2022-03-11 12:11:11.033"
"ABB","33.020","8","33.030","15","364","32.93","21d444fb-72ce-4fef-9bf6-392e8791568e","2022-03-11 12:11:11.033"
"ABB","33.020","9","33.030","12","364","32.93","fca09c56-57b0-4242-b41a-b89f67badc38","2022-03-11 12:11:11.033"
"ABB","33.020","9","33.030","12","364","32.93","f0d3e330-12ae-4936-acb0-cc8941b708bb","2022-03-11 12:11:11.033"
"ABB","33.010","22","33.020","15","364","32.93","8ea4f663-13eb-4bf4-8bde-16d5381bafd3","2022-03-11 12:11:11.033"
"ABB","33.010","22","33.020","15","364","32.93","d0b4cf54-6621-4bb6-afa6-fa98bae065a9","2022-03-11 12:11:11.033"
"ABB","32.920","11","32.930","16","-364","32.93","b445ded9-1bdc-4a8a-8dcf-b67cb0e389c5","2022-03-11 12:11:23.792"
"ABB","32.920","11","32.930","16","-364","32.93","c93653bb-cefd-421b-a528-ea488e7ccafe","2022-03-11 12:11:23.792"
"ABB","32.920","11","32.930","16","-364","32.93","55208fa6-4e4a-4127-8c8c-3d57a981361f","2022-03-11 12:11:23.792"
"ABB","32.920","11","32.930","16","-364","32.93","9e9b66a3-87df-40bc-939a-f1991fb13a49","2022-03-11 12:11:23.792"
"ABB","32.920","11","32.930","16","-364","32.93","6bcd7a02-0c85-4cac-8d15-9694b468d45c","2022-03-11 12:11:23.792"
"ABB","32.920","11","32.930","16","-364","32.93","c6fc97eb-8a27-4356-8c2b-1e61fb98ffda","2022-03-11 12:11:23.792"
"ABB","32.920","11","32.930","16","-364","32.93","a65c732a-216e-4d8e-9b1c-a3c64260e819","2022-03-11 12:11:23.792"
"ABB","32.900","1","32.910","24","-364","32.91","40d0684f-8317-4d38-a34a-44bd3e39ec0d","2022-03-11 12:12:14.621"
"ABB","32.900","1","32.910","24","-364","32.91","bd7fcc28-d6e4-4513-8425-99b8554fb62e","2022-03-11 12:12:14.621"
"ABB","32.900","1","32.910","24","-364","32.91","6b76e293-377a-42a6-97ee-0c8126bbfe99","2022-03-11 12:12:14.621"
"ABB","32.900","1","32.910","24","-364","32.91","7398a292-e7c1-4042-93f5-3e1efdc9e4fd","2022-03-11 12:12:14.621"
"ABB","32.900","1","32.910","24","-364","32.91","af08b249-f4c0-4558-82ff-463dfcccb72d","2022-03-11 12:12:14.621"
"ABB","32.900","13","32.910","8","-364","32.91","f75da591-8494-42c3-b366-4eadacb9bc32","2022-03-11 12:12:21.185"
"ABB","32.900","13","32.910","8","-364","32.91","46573f01-7a56-49a4-8b03-892ff66cbad0","2022-03-11 12:12:21.185"
"ABB","32.900","13","32.910","8","-364","32.91","aff2c49c-282c-4182-ac18-7965598c7206","2022-03-11 12:12:21.185"
"ABB","32.900","13","32.910","8","-364","32.91","07032d9b-6462-4560-9e8f-03ba26f72d3f","2022-03-11 12:12:21.185"
"ABB","32.900","13","32.910","8","-364","32.91","ffab210e-fa1b-47bd-9c31-08d60017b4ba","2022-03-11 12:12:21.185"
"ABB","32.900","13","32.910","8","-364","32.91","122b8c68-1170-485f-be66-d424595e4a4a","2022-03-11 12:12:21.185"
"ABB","32.880","14","32.890","17","-364","32.89","ab38762d-b322-4760-aa03-04279d9054a3","2022-03-11 12:12:35.601"
"ABB","32.880","14","32.890","17","-364","32.89","645a8b4b-f455-494b-8774-d2bbd83ec0ee","2022-03-11 12:12:35.601"
"ABB","32.880","14","32.890","17","-364","32.89","9318ca49-7563-4274-bc97-3f2da6e23731","2022-03-11 12:12:35.601"
"ABB","32.890","18","32.900","15","-364","32.90","a4ffcd4a-94a4-4d8c-8f26-80f3d97bc862","2022-03-11 12:12:55.922"
"ABB","32.890","18","32.900","15","-364","32.90","9beb4b58-efce-47ea-8f22-c7b068a3b575","2022-03-11 12:12:55.922"
"ABB","32.890","18","32.900","15","-364","32.90","3e1014b6-2f40-4830-8cd8-35bddde89367","2022-03-11 12:12:55.922"
"ABB","32.820","27","32.830","7","365","32.83","0c43b19b-ef94-4f14-83d1-6706725e8077","2022-03-11 12:50:10.006"
"ABB","32.860","31","32.870","3","-365","32.87","4149e162-9893-489a-82eb-46fae89d87e5","2022-03-11 12:54:07.064"
"ABB","32.910","15","32.920","14","364","32.90","d89f081e-dac0-4304-9398-4893533a7949","2022-03-11 13:34:03.521"
"ABB","32.920","8","32.930","14","365","32.87","21a86828-fe06-47ad-b1fa-30daffd739f2","2022-03-11 13:37:03.167"
"ABB","32.920","8","32.930","14","365","32.87","4f5283b1-a8d7-47ed-a5ac-feb66d6483ad","2022-03-11 13:37:03.167"
"ABB","32.910","13","32.920","14","365","32.87","fd5602ff-3ac3-4157-87b7-4f620f61d0c4","2022-03-11 13:37:03.167"
"ABB","32.910","6","32.920","19","365","32.87","8a31c01d-97a4-4b0a-8754-bfb6ccac2849","2022-03-11 13:37:03.167"
"ABB","32.910","6","32.920","19","365","32.87","9fa01db3-52fe-4b92-a476-b19f4646786b","2022-03-11 13:37:03.167"
"ABB","32.910","14","32.920","10","365","32.87","69cbda3f-e7a7-4889-8064-f4d0c472b262","2022-03-11 13:37:03.167"
"ABB","32.900","19","32.910","8","365","32.87","4859704d-e973-4942-abb1-74d5d7e6cf29","2022-03-11 13:37:03.167"
"ABB","32.850","20","32.860","10","-365","32.86","8a04f9e5-19f4-446b-9b0a-f9cd8ee6afee","2022-03-11 13:40:30.224"
"ABB","32.850","20","32.860","10","-364","32.86","c8f21821-b038-49f6-9c84-a1582a9d74ff","2022-03-11 13:40:30.224"
"ABB","32.850","20","32.860","10","-365","32.86","01b5121a-1d97-4090-afd6-02a28f5d357a","2022-03-11 13:40:30.224"
"ABB","32.850","20","32.860","10","-365","32.86","89a07bee-fa14-4e9f-8325-ec1b0679bec0","2022-03-11 13:40:30.224"
"ABB","32.860","11","32.870","15","-365","32.87","e108a631-f23e-4068-9541-5d8e628853a8","2022-03-11 13:40:43.456"
"ABB","32.860","11","32.870","15","-365","32.87","1dbeb7f1-20eb-48be-9c43-82f3823ebb47","2022-03-11 13:40:43.456"
"ABB","32.850","15","32.860","16","-365","32.86","35e4b8bb-17d9-4c97-a5ea-ce2e5a248b8a","2022-03-11 13:41:24.467"
"ABB","32.850","15","32.860","16","-365","32.86","ce9c26d4-0f9f-4e6b-97db-167c1af6d436","2022-03-11 13:41:24.467"
"ABB","32.880","19","32.890","7","364","32.89","ffe5bbc1-3904-475e-9a6f-8f93fcd629ea","2022-03-11 13:46:10.006"
"ABB","32.850","26","32.860","8","-364","32.86","f4e9e523-ac61-42f3-ba73-877a3ff6fadc","2022-03-11 13:51:22.532"
"ABB","32.870","8","32.880","18","365","32.79","60352254-0b36-4a1f-b49e-a3f4bdebb143","2022-03-11 13:58:41.039"
"ABB","32.870","9","32.880","18","365","32.79","413bb70e-f93d-44ca-aa5f-af03705060fc","2022-03-11 13:58:41.039"
"ABB","32.870","8","32.880","18","365","32.79","12f0abb2-80fa-406a-9637-f8c43af955e9","2022-03-11 13:58:41.039"
"ABB","32.880","17","32.890","18","366","32.79","965f6674-ecbb-4ab2-9d30-8e38d01acbdc","2022-03-11 13:58:41.039"
"ABB","32.880","17","32.890","18","365","32.79","d15a8ff7-1667-4e10-89dd-8ada81787a21","2022-03-11 13:58:41.039"
"ABB","32.890","24","32.900","2","366","32.79","56d6c7d7-cb64-4340-b5c8-d690cfbf3e08","2022-03-11 13:58:41.039"
"ABB","32.900","23","32.910","20","366","32.79","d7295d75-be48-4d1b-9544-ab932b8f20dc","2022-03-11 13:58:41.039"
"ABB","32.890","17","32.900","14","366","32.79","b26fa9c4-38bf-4a05-9a3f-322a5177b3d6","2022-03-11 13:58:41.039"
"ABB","32.890","3","32.890","21","365","32.79","198bb765-267c-419a-9fdb-ca7ead9eaad3","2022-03-11 13:58:41.039"
"ABB","32.880","20","32.890","10","366","32.79","82d4b800-f76e-464b-8c7e-f208de2df912","2022-03-11 13:58:41.039"
"ABB","32.880","18","32.890","10","365","32.79","3bfadc22-c274-4f4d-ba4f-f7a598f65446","2022-03-11 13:58:41.039"
"ABB","32.770","20","32.780","20","-365","32.78","c6da3a82-1049-4673-a6c8-2eaffb3081e2","2022-03-11 14:00:29.831"
"ABB","32.770","20","32.780","20","-365","32.78","3af0dcce-4823-45af-8c66-1ec7e34af6fe","2022-03-11 14:00:29.831"
"ABB","32.770","20","32.780","20","-366","32.78","a96b1945-0405-487b-80e0-66433ae97192","2022-03-11 14:00:29.831"
"ABB","32.770","20","32.780","20","-365","32.78","549b23bb-7e53-476d-b066-3f4e88bb90bb","2022-03-11 14:00:29.831"
"ABB","32.770","22","32.780","12","-365","32.78","45bffcca-0048-4d76-aa99-150e5feef6bf","2022-03-11 14:00:29.831"
"ABB","32.770","22","32.780","12","-365","32.78","dca55d1a-e91d-473a-b403-ba5658b19728","2022-03-11 14:00:29.831"
"ABB","32.780","20","32.780","1","-365","32.78","6835672d-b207-4567-8fa8-d2a51159eea8","2022-03-11 14:00:30.006"
"ABB","32.780","27","32.790","16","-366","32.79","5538da5f-1958-4626-881c-36a69124aae1","2022-03-11 14:00:39.612"
"ABB","32.780","27","32.790","16","-366","32.79","9f553247-3133-4e01-ac10-a80c780ed429","2022-03-11 14:00:39.612"
"ABB","32.780","27","32.790","16","-366","32.79","d968bd68-8bad-4282-97f6-73158c452ab6","2022-03-11 14:00:39.612"
"ABB","32.780","34","32.790","2","-366","32.79","4fbad892-0fff-48c4-aa84-0742e8753f9f","2022-03-11 14:00:40.220"
"ABB","32.780","21","32.790","1","365","32.79","9e5ccf06-df6b-4d05-ad03-c8be1dddae83","2022-03-11 14:04:20.006"
"ABB","32.790","18","32.800","8","-365","32.80","7c684550-1626-4a3f-8c64-7a937b6c8d70","2022-03-11 14:07:51.500"
"ABB","32.800","4","32.810","23","366","32.78","7f53c553-9101-453e-9fdf-511faa8f2aa8","2022-03-11 14:19:42.595"
"ABB","32.760","17","32.770","24","-366","32.77","bee5c706-6953-407b-9f25-4d805188e755","2022-03-11 14:20:43.477"
"ABB","32.810","28","32.820","2","366","32.78","821218c8-3668-42a9-999a-3ca0806a8303","2022-03-11 14:35:06.834"
"ABB","32.810","19","32.820","31","366","32.78","0a2b8c8f-5335-4051-8a6c-de147f04a17c","2022-03-11 14:35:06.834"
"ABB","32.790","12","32.800","10","366","32.78","1833e4ee-3c32-4d6e-90b7-9b6fcd30f103","2022-03-11 14:35:06.834"
"ABB","32.790","12","32.800","10","366","32.78","c0341d6e-858c-45a3-afb5-7df9a4a0e8ff","2022-03-11 14:35:06.834"
"ABB","32.800","32","32.810","14","366","32.78","dc43d00c-801e-4b8c-a529-c0f1c143eefc","2022-03-11 14:35:06.834"
"ABB","32.800","32","32.810","14","366","32.78","a7ad68be-dd9a-4a8e-b588-a9fc6f4a646f","2022-03-11 14:35:06.834"
"ABB","32.790","15","32.800","18","366","32.78","c0c16b79-8013-46ff-901e-c598a8eb34c7","2022-03-11 14:35:06.834"
"ABB","32.820","1","32.820","15","366","32.77","e3af2139-b570-42a6-af83-199329862718","2022-03-11 14:35:13.569"
"ABB","32.820","26","32.830","9","366","32.77","68f71580-5408-44a6-9edb-cae7cb87373d","2022-03-11 14:35:13.569"
"ABB","32.820","15","32.830","12","366","32.77","a6584c2b-cfca-4bf5-b7dd-ec4cec0fece1","2022-03-11 14:35:13.569"
"ABB","32.820","4","32.830","20","366","32.77","b7b8279a-cd6e-410a-8943-a782afc94ec0","2022-03-11 14:35:13.569"
"ABB","32.820","10","32.830","13","366","32.77","969e261b-dfc2-49ba-a4c1-f44652261b73","2022-03-11 14:35:13.569"
"ABB","32.820","11","32.830","8","366","32.77","536cf90c-4824-4a0c-9607-693cb898a0ab","2022-03-11 14:35:13.569"
"ABB","32.820","2","32.830","29","366","32.77","9f5d348d-f412-4ef4-ae1e-598bbeeca651","2022-03-11 14:35:13.569"
"ABB","32.810","14","32.820","23","366","32.77","30aaeb7e-0828-4cec-9698-0cd8f06e17b1","2022-03-11 14:35:13.569"
"ABB","32.820","14","32.830","22","366","32.77","cc5a44c1-b698-4eaf-8092-bbb6d68c7976","2022-03-11 14:35:13.569"
"ABB","32.810","29","32.820","2","366","32.77","cf7a20e1-5ab2-4945-b903-ee74498c9a92","2022-03-11 14:35:13.569"
"ABB","32.810","28","32.820","2","366","32.77","986cc445-f8e8-4329-a68f-6a0e82394a9c","2022-03-11 14:35:13.569"
"ABB","32.810","28","32.820","2","366","32.77","96ebfd32-5f4f-4e1b-9863-ebc0b3a233a7","2022-03-11 14:35:13.569"
"ABB","32.820","13","32.830","24","366","32.77","0efa3c1a-dff0-40d2-8044-6dee329e09cd","2022-03-11 14:35:13.569"
"ABB","32.820","10","32.830","24","366","32.77","8916a795-42e5-486e-9302-387d8a28ae67","2022-03-11 14:35:13.569"
"ABB","32.820","22","32.830","5","366","32.77","63379a8f-217d-4051-900d-7e2dbf6182ae","2022-03-11 14:35:13.569"
"ABB","32.820","11","32.830","28","366","32.77","3c4eac65-c3e2-4f93-a0a7-f5b73946e69d","2022-03-11 14:35:13.569"
"ABB","32.820","28","32.830","2","366","32.77","81054aeb-64eb-4438-a2b0-2f03c49b6e93","2022-03-11 14:35:13.569"
"ABB","32.820","2","32.820","14","366","32.77","0ea61a91-50bf-4b62-ac4e-40cc4083e6cd","2022-03-11 14:35:13.569"
"ABB","32.780","25","32.790","5","-366","32.79","44968645-f4cc-4c44-8877-0ee93801e628","2022-03-11 14:35:33.383"
"ABB","32.780","25","32.790","5","-366","32.79","55230e07-2e21-44ce-b4be-068e9d98cc7f","2022-03-11 14:35:33.383"
"ABB","32.780","25","32.790","5","-366","32.79","d2a1509e-c96b-423f-9240-2302aa17cd7c","2022-03-11 14:35:33.383"
"ABB","32.780","25","32.790","5","-366","32.79","bc0d4fc6-d8fc-4e2b-8bc2-bff0fbc5a5c7","2022-03-11 14:35:33.383"
"ABB","32.780","25","32.790","5","-366","32.79","83bf5992-503f-41ad-a3ba-3613871ba984","2022-03-11 14:35:33.383"
"ABB","32.780","25","32.790","5","-366","32.79","1e639fae-0ddd-47ae-ba9a-87221c373927","2022-03-11 14:35:33.383"
"ABB","32.780","25","32.790","5","-366","32.79","66d535d8-9a7e-4ecc-8f0c-e8c4abdeea01","2022-03-11 14:35:33.383"
"ABB","32.780","25","32.790","5","-366","32.79","ee0a0848-58ee-4ec8-b2e1-dd5c110a7d2d","2022-03-11 14:35:33.383"
"ABB","32.780","25","32.790","5","-366","32.79","52a1b8ef-cdb7-42c8-b527-1026a0b49888","2022-03-11 14:35:33.383"
"ABB","32.780","25","32.790","5","-366","32.79","6fd140dc-f18e-47cd-a007-ede75be74288","2022-03-11 14:35:33.383"
"ABB","32.780","25","32.790","5","-366","32.79","73ffa1d0-27cd-4dca-98ab-f4f19a7dab09","2022-03-11 14:35:33.383"
"ABB","32.780","25","32.790","5","-366","32.79","5448c1f4-5a7a-4169-bbe8-b448b90fc7da","2022-03-11 14:35:33.383"
"ABB","32.780","25","32.790","5","-366","32.79","2456d866-8037-428f-bf07-65d76ca3db7b","2022-03-11 14:35:33.383"
"ABB","32.770","28","32.780","2","-366","32.79","77384592-a9ac-49be-9d33-e2465de55cda","2022-03-11 14:36:16.837"
"ABB","32.770","28","32.780","2","-366","32.79","706b5422-f3cd-4c91-956e-0a490390897f","2022-03-11 14:36:16.837"
"ABB","32.770","28","32.780","2","-366","32.79","daa14df9-87de-4247-9433-96cac23ffb83","2022-03-11 14:36:16.837"
"ABB","32.770","28","32.780","2","-366","32.79","1e6016ee-bec6-43e8-bfc3-aa0f57e3d307","2022-03-11 14:36:16.837"
"ABB","32.780","13","32.790","13","-366","32.79","c5df9aba-a3cb-4629-9fea-3c752c84c5d1","2022-03-11 14:36:36.769"
"ABB","32.780","13","32.790","13","-366","32.79","a9742c1a-985a-49a8-8c86-fb97615000ed","2022-03-11 14:36:36.769"
"ABB","32.780","13","32.790","13","-366","32.79","bf74afdb-cfb9-428a-9221-c01ed7443f8d","2022-03-11 14:36:36.769"
"ABB","32.790","10","32.800","16","-366","32.80","97bb9d7d-7194-4f63-9351-cacdc88b8463","2022-03-11 14:37:21.404"
"ABB","32.790","10","32.800","16","-366","32.80","7f8a2788-9517-4d2d-9610-28071c74533b","2022-03-11 14:37:21.404"
"ABB","32.800","15","32.810","20","-366","32.81","31b3b096-489f-4840-a839-cdcf0fa44baf","2022-03-11 14:37:35.861"
"ABB","32.800","15","32.810","20","-366","32.81","5f5795ed-3acf-4ac1-8bd0-ba1349d5e74e","2022-03-11 14:37:35.861"
"ABB","32.800","19","32.810","13","-366","32.81","8d6eb402-34e5-4706-8720-34f0322137fd","2022-03-11 14:37:42.094"
"ABB","32.780","26","32.790","6","366","32.77","9a178762-6db5-4f36-92d4-b85cacb9febf","2022-03-11 14:48:53.819"
"ABB","32.790","15","32.800","18","366","32.76","87ed9b52-0471-4cf5-895a-560f8bebac11","2022-03-11 14:50:20.872"
"ABB","32.810","16","32.820","18","366","32.76","a9a104e1-c30d-4312-ba57-e5b6896b11d2","2022-03-11 14:50:20.872"
"ABB","32.810","16","32.820","18","366","32.76","ea7cc81f-7180-49c1-aaca-0dba67d49ce3","2022-03-11 14:50:20.872"
"ABB","32.810","22","32.820","7","366","32.76","c8c5fc2b-f535-4c72-9994-c536e528301e","2022-03-11 14:50:20.872"
"ABB","32.810","22","32.820","7","366","32.76","675368f7-656f-40f7-8701-da86cea30e1a","2022-03-11 14:50:20.872"
"ABB","32.810","22","32.820","7","366","32.76","b4c40b88-e795-47ae-8b1c-2767226f4fd9","2022-03-11 14:50:20.872"
"ABB","32.800","21","32.810","25","366","32.76","eabff09c-8e7a-43dd-acbb-3fbd3e0234ef","2022-03-11 14:50:20.872"
"ABB","32.810","22","32.820","19","366","32.76","7948abf8-d800-44ec-b4db-c7cafd8c355f","2022-03-11 14:50:20.872"
"ABB","32.800","15","32.810","26","366","32.76","51a9c1bf-8756-42f9-9c1a-4c902688e6a4","2022-03-11 14:50:20.872"
"ABB","32.790","11","32.800","15","366","32.76","12e6bea7-e0b9-4915-9b0a-77868e19995b","2022-03-11 14:50:20.872"
"ABB","32.790","6","32.800","17","366","32.76","28d14d46-96dd-4dc2-9af7-66f10fdbb058","2022-03-11 14:50:20.872"
"ABB","32.790","28","32.800","5","366","32.75","dea26ffe-20ee-4eed-8eaa-dc4ab7abe12a","2022-03-11 14:50:20.875"
"ABB","32.790","14","32.800","11","366","32.75","b56aa45a-512a-46c3-97df-15e1159946c2","2022-03-11 14:50:20.875"
"ABB","32.800","8","32.810","27","366","32.75","5e6c9ae6-4753-4b85-985a-98e748a3eb68","2022-03-11 14:50:20.875"
"ABB","32.800","10","32.810","25","366","32.75","1681dddf-76c2-44d9-9a0d-875b524dc46e","2022-03-11 14:50:20.875"
"ABB","32.800","11","32.810","19","366","32.75","ad76f7ed-0245-458f-aba8-699faa2f4af6","2022-03-11 14:50:20.875"
"ABB","32.800","8","32.810","23","366","32.75","e31ed3bc-f98a-4362-8e37-64be0dc8f806","2022-03-11 14:50:20.875"
"ABB","32.800","12","32.810","33","366","32.75","0e3082a3-9456-498c-adc9-4b1ef498a3bb","2022-03-11 14:50:20.875"
"ABB","32.790","9","32.800","12","366","32.75","96653e21-96b4-4794-8248-8c6a2c65550f","2022-03-11 14:50:20.875"
"ABB","32.800","22","32.810","18","366","32.75","d2683f32-b4fb-4308-a851-dcf5fd1344d2","2022-03-11 14:50:20.875"
"ABB","32.800","24","32.810","6","366","32.75","044a8d7a-2702-42b7-aa32-390caa2f809a","2022-03-11 14:50:20.875"
"ABB","32.810","14","32.820","19","366","32.75","38d9a7c3-284d-4061-99b7-3eb12b8106ae","2022-03-11 14:50:20.875"
"ABB","32.810","14","32.820","19","366","32.75","b70e8287-0f0d-4259-a989-81082662e6e2","2022-03-11 14:50:20.875"
"ABB","32.800","14","32.810","23","366","32.75","4e6f2185-6a77-470f-906b-5b3398c3a981","2022-03-11 14:50:20.875"
"ABB","32.760","18","32.760","2","-366","32.76","b9fbd891-f652-46f4-84da-1134dbb8c627","2022-03-11 14:50:50.006"
"ABB","32.760","18","32.760","2","-366","32.76","59b6957c-af2e-490f-8c57-36bc6f904bd1","2022-03-11 14:50:50.006"
"ABB","32.760","18","32.760","2","-366","32.76","153cc0b3-ef2a-48de-9d0b-6f1ff0352e57","2022-03-11 14:50:50.006"
"ABB","32.760","18","32.760","2","-366","32.76","8b1bec82-65c3-4d56-8e5a-eea7a1921782","2022-03-11 14:50:50.006"
"ABB","32.760","18","32.760","2","-366","32.76","053c8bb2-768b-4949-ad1b-04f7c9557a93","2022-03-11 14:50:50.006"
"ABB","32.760","18","32.760","2","-366","32.76","ed364de3-9b2e-45e4-90a0-6fc586dd25b2","2022-03-11 14:50:50.006"
"ABB","32.760","18","32.760","2","-366","32.76","5b8c6a7f-2653-40a5-a429-56b9b180f999","2022-03-11 14:50:50.006"
"ABB","32.760","18","32.760","2","-366","32.76","8e5d67e7-2f1d-4504-bdb4-b9c800b2c2e1","2022-03-11 14:50:50.006"
"ABB","32.760","18","32.760","2","-366","32.76","7bbf6207-a5d7-4bd6-9bd2-56f5c552bfd3","2022-03-11 14:50:50.006"
"ABB","32.760","18","32.760","2","-366","32.76","9b986d5d-f822-4649-b63d-5a3cc76e9879","2022-03-11 14:50:50.006"
"ABB","32.760","18","32.760","2","-366","32.76","bd85fcc0-c476-4536-a02f-393bac7185c0","2022-03-11 14:50:50.006"
"ABB","32.760","18","32.760","2","-366","32.76","6d79791f-026f-4d03-9e78-af5301b40be4","2022-03-11 14:50:50.006"
"ABB","32.760","18","32.760","2","-366","32.76","31dbccf5-3e88-46a2-bb4d-057f1d720992","2022-03-11 14:50:50.006"
"ABB","32.750","10","32.760","21","-366","32.76","3e0239a2-8c42-4bda-ab06-4c8ca8668c13","2022-03-11 14:51:47.755"
"ABB","32.750","27","32.760","1","-366","32.76","0f078b73-ded8-403d-8d19-bdcb492cd453","2022-03-11 14:51:50.840"
"ABB","32.750","27","32.760","1","-366","32.76","d6c013c5-bdee-42a7-9707-128ec43e7116","2022-03-11 14:51:50.840"
"ABB","32.750","27","32.760","1","-366","32.76","6e178fed-e965-48b2-91de-119c042d999b","2022-03-11 14:51:50.840"
"ABB","32.750","27","32.760","1","-366","32.76","992cad5f-d249-42cf-b097-c6a1bd5e4ead","2022-03-11 14:51:50.840"
"ABB","32.750","27","32.760","1","-366","32.76","04465e97-629b-46ee-a51b-77392ea5042d","2022-03-11 14:51:50.840"
"ABB","32.750","27","32.760","1","-366","32.76","0677469d-69f1-4574-a50c-8b111b843e78","2022-03-11 14:51:50.840"
"ABB","32.750","26","32.760","1","-366","32.76","85bd218e-a772-4fbf-80f4-e23f55239acf","2022-03-11 14:52:01.776"
"ABB","32.750","26","32.760","1","-366","32.76","8db7d19f-3e9a-454d-aca2-c9f7ab998f4f","2022-03-11 14:52:01.776"
"ABB","32.750","26","32.760","1","-366","32.76","ef4b3c77-27a3-45e0-b021-6ee8d9e5cb32","2022-03-11 14:52:01.776"
"ABB","32.750","14","32.760","14","-366","32.76","8c1c0a80-124b-472f-8771-f55fee161102","2022-03-11 14:52:47.534"
"ABB","32.750","14","32.760","14","-366","32.76","545579c0-3eaa-4b46-ac2d-615c337ee873","2022-03-11 14:52:47.534"
"ABB","32.690","36","32.700","5","366","32.70","5857c30a-c760-450e-9c1b-d526993e9c32","2022-03-11 15:21:50.006"
"ABB","32.660","18","32.670","18","-366","32.67","aadf91a0-e00a-482c-ba65-137996f11590","2022-03-11 15:28:09.347"
"ALB","189.020","1","189.390","3","63","188.72","9356f128-d9d3-4b37-a473-1ec7866cd492","2022-03-11 10:44:25.134"
"ALB","189.020","1","189.390","3","63","188.72","a9fb469f-bd19-4a53-a82c-6ca9e3553dfe","2022-03-11 10:44:25.134"
"ALB","189.040","1","189.370","10","63","188.72","07084112-0631-49ce-bdf2-ceefba1aeb3c","2022-03-11 10:44:25.134"
"ALB","188.710","1","189.070","2","-63","189.07","7cb9f4dc-0bca-45e0-ac91-c239a2e87276","2022-03-11 10:46:03.244"
"ALB","188.710","1","189.080","3","-63","189.09","731d71e3-ab56-4e7d-a979-49c80ef825b7","2022-03-11 10:46:03.244"
"ALB","188.710","1","189.080","3","-63","189.09","8bd07923-d8a9-4b8c-8ee3-0ac1f896a3a8","2022-03-11 10:46:03.244"
"ALB","189.250","1","189.530","2","63","188.78","0abe1b29-59ab-4434-9fef-d9809543913e","2022-03-11 11:02:32.741"
"ALB","189.300","2","189.700","2","63","188.70","3e23df57-52e6-4590-8da1-555faf8ddc0c","2022-03-11 11:03:09.794"
"ALB","189.330","1","189.660","2","63","188.70","89fc2411-b386-4cb5-8c48-f4a0e7ad2de8","2022-03-11 11:03:09.794"
"ALB","189.270","1","189.550","1","63","188.70","ff8f0076-bb9a-4ea1-b0bc-27643fb1c201","2022-03-11 11:03:09.794"
"ALB","189.240","1","189.440","1","63","188.70","483cc511-73bd-44ba-bd0b-4118a3c34e8b","2022-03-11 11:03:09.794"
"ALB","189.110","2","189.390","1","63","188.70","e38da2d7-5f31-488f-9dea-e44f5d7bb78a","2022-03-11 11:03:09.794"
"ALB","189.110","2","189.390","1","63","188.70","968fab32-0b49-45bc-bc70-2f58b2a4ddec","2022-03-11 11:03:09.794"
"ALB","189.110","1","189.520","2","63","188.70","afe51074-5aba-4241-889a-a4303bc16ea2","2022-03-11 11:03:09.794"
"ALB","188.860","1","189.030","1","-63","189.03","a92f3936-61db-4b6e-9300-39482517a8ac","2022-03-11 11:03:32.206"
"ALB","188.860","1","189.030","1","-63","189.03","d76cb51a-3b46-4938-bcdc-02049e48be5a","2022-03-11 11:03:32.206"
"ALB","188.860","1","189.030","1","-63","189.03","f51d12b7-c9eb-4bf5-9a23-65fb5c6a933e","2022-03-11 11:03:32.206"
"ALB","188.860","1","189.030","1","-63","189.03","367dc500-f286-4032-915f-f4f2a87cb0dd","2022-03-11 11:03:32.206"
"ALB","188.900","2","189.110","1","-63","189.11","743621d7-b2df-4830-a54d-d82878e68159","2022-03-11 11:03:53.178"
"ALB","187.770","1","188.100","2","-63","188.10","816d8588-735b-4458-a789-1e7587ab8f71","2022-03-11 11:07:56.591"
"ALB","187.680","2","188.130","1","-63","188.17","722748c6-8640-4cbe-aee1-f46f1bd21608","2022-03-11 11:08:05.621"
"ALB","187.680","2","188.130","1","-63","188.17","854bea52-e83b-4a63-88d5-4bfaa0bae5c4","2022-03-11 11:08:05.621"
"ALB","187.510","2","188.430","3","64","187.32","db106662-2b15-4da5-8dad-395b0180a3c2","2022-03-11 11:12:35.339"
"ALB","187.540","2","188.410","2","64","187.32","e2c741cb-b80d-4f74-a815-2cb6b88ee018","2022-03-11 11:12:35.339"
"ALB","187.740","2","188.350","1","64","187.32","6d0f9c97-a5b2-4213-a580-9d7d7f05642e","2022-03-11 11:12:35.339"
"ALB","186.770","2","187.270","2","-64","187.29","c21836e0-1f3a-40f2-bee8-e9768e58d27c","2022-03-11 11:14:16.532"
"ALB","186.770","2","187.270","2","-64","187.29","e1dd75be-219d-4c32-b2cf-23d86a358cd4","2022-03-11 11:14:16.532"
"ALB","186.770","2","187.270","2","-64","187.29","e07f758e-1edc-4fc2-9374-e7e9fdfcf699","2022-03-11 11:14:16.532"
"ALB","187.170","1","187.620","2","63","187.62","9746be7a-028d-4f9b-918b-7825c0ac4b13","2022-03-11 11:18:30.006"
"ALB","187.230","2","187.610","2","-63","187.63","efc69c50-fcff-4987-84cc-309f5cdbd2df","2022-03-11 11:20:34.055"
"ALB","187.420","1","187.840","2","63","187.84","7767c01e-8267-4109-a44d-192ea58c4022","2022-03-11 11:21:00.006"
"ALB","187.100","1","187.420","2","-63","187.46","721f89db-c643-49d2-955a-429852eb1a67","2022-03-11 11:26:03.266"
"ALB","187.620","2","188.110","2","64","187.01","858633c4-7c96-4041-8798-8bbc94f7fcda","2022-03-11 11:42:09.758"
"ALB","187.560","1","187.820","2","64","187.01","2e35b425-1e78-4b21-b54c-923b50cbda71","2022-03-11 11:42:09.758"
"ALB","186.690","1","186.960","1","-64","186.96","7d1583d6-7e56-45df-94e1-98a0dbe6b47c","2022-03-11 11:42:37.197"
"ALB","186.740","1","187.000","1","-64","187.16","22ce452a-7863-4e26-a51c-6d2d8c8becda","2022-03-11 11:42:37.702"
"ALB","187.650","2","188.050","2","63","187.82","6eecf6af-0940-4728-9308-a06cbe4a3713","2022-03-11 12:06:15.255"
"ALB","187.750","2","188.440","3","63","187.73","91ff532c-cd26-451e-b521-78e098e00cd2","2022-03-11 12:06:57.987"
"ALB","187.470","1","187.660","1","-63","187.75","93929f7a-0241-4dc5-926f-7d63ec1a1f14","2022-03-11 12:08:21.817"
"ALB","187.280","2","187.570","1","-63","187.57","5ad8d9ea-a434-42f0-a130-54dcc95bd19b","2022-03-11 12:09:32.310"
"ALB","187.870","1","188.410","3","64","187.42","0d51ffa0-4158-46fd-add5-5968cbbb6558","2022-03-11 12:21:39.965"
"ALB","187.870","1","188.400","2","64","187.42","d2d5ec6e-0a85-4e25-b687-763e6de34a1f","2022-03-11 12:21:39.965"
"ALB","187.760","1","187.990","1","64","187.42","654b8fd6-12cc-4584-9eb3-d41d0d060847","2022-03-11 12:21:39.965"
"ALB","187.430","2","187.800","2","64","186.88","7b6b5a7b-4a19-4dfb-9194-56ea4c9a7cdc","2022-03-11 12:24:10.586"
"ALB","187.410","1","187.790","2","64","186.88","1618d6f5-df76-40e5-8a7d-f950412ba0e8","2022-03-11 12:24:10.586"
"ALB","187.410","1","187.790","2","64","186.88","dd33942c-f636-474c-895f-c7cd9106eb6c","2022-03-11 12:24:10.586"
"ALB","187.570","2","188.120","2","64","186.88","ab98e377-0633-4049-a0ce-dbf8c3712a17","2022-03-11 12:24:10.586"
"ALB","187.500","2","187.840","2","64","186.88","e0c84ff1-ac8e-412b-83c7-087b067f4d89","2022-03-11 12:24:10.586"
"ALB","187.580","2","187.910","1","64","186.60","3baf85f1-4167-4fa1-abd7-3bc006c74743","2022-03-11 12:24:10.591"
"ALB","187.590","2","188.070","2","64","186.60","59d20d06-6a7e-48b1-81cb-0332c0387b31","2022-03-11 12:24:10.591"
"ALB","187.640","2","187.980","2","64","186.58","6bd1bc76-38c1-4062-8821-753845f84771","2022-03-11 12:25:48.273"
"ALB","187.640","2","187.980","2","64","186.58","4ad37ac1-a1a4-423c-8b24-f7e3306a0f8d","2022-03-11 12:25:48.273"
"ALB","187.510","2","188.040","2","64","186.58","e816d11b-a218-46eb-bf43-4cf82ed21315","2022-03-11 12:25:48.273"
"ALB","187.520","1","187.800","2","64","186.58","e9b2fb5e-66ca-47fa-ad34-c4cffa4ae8be","2022-03-11 12:25:48.273"
"ALB","187.520","1","188.110","1","64","186.58","082f98a5-f522-43f4-9658-7c956da84655","2022-03-11 12:25:48.273"
"ALB","187.520","1","187.750","2","64","186.58","fa1f5ec7-088b-421c-957a-e8bdc4530ff9","2022-03-11 12:25:48.273"
"ALB","187.620","1","188.120","1","64","186.58","d2ec3e22-9697-4b13-98f7-5c7e50d668ac","2022-03-11 12:25:48.273"
"ALB","187.550","1","187.960","1","64","186.58","b1900043-73a3-45e0-b5a5-fdb0ab3edab1","2022-03-11 12:25:48.273"
"ALB","187.580","2","187.920","2","64","186.58","70fb0f23-aef9-440d-beac-05e6ff9376ac","2022-03-11 12:25:48.273"
"ALB","186.560","2","186.950","1","-64","186.95","481a0ad7-fe1d-4d0a-939e-054d2fb43cc9","2022-03-11 12:26:02.049"
"ALB","186.560","2","186.950","1","-64","186.95","cfb5e703-7c65-40f2-aa59-010bd3975d2b","2022-03-11 12:26:02.049"
"ALB","186.560","2","186.950","1","-64","186.95","adce4372-59fc-4d0b-a244-6563d65236c2","2022-03-11 12:26:02.049"
"ALB","186.560","2","186.950","1","-64","186.95","aa790862-1a6a-4819-91f9-db23e140cc2a","2022-03-11 12:26:02.049"
"ALB","186.560","2","186.950","1","-64","186.95","5c9f030f-f78c-4a69-ab36-2d5b112efe4e","2022-03-11 12:26:02.049"
"ALB","186.560","2","186.950","1","-64","186.95","baf2365a-635c-4534-9828-a3af5477c288","2022-03-11 12:26:02.049"
"ALB","186.560","2","186.950","1","-64","186.95","f8eeaa8b-19e5-4d20-90d7-d73a52abcbfe","2022-03-11 12:26:02.049"
"ALB","186.560","2","186.950","1","-64","186.95","bef4a34a-3539-4dcf-9ddd-09a7a8550142","2022-03-11 12:26:02.049"
"ALB","186.380","1","186.700","2","-64","186.70","a8681f86-6058-4d2c-af56-db88ef58ae0d","2022-03-11 12:27:56.917"
"ALB","186.380","1","186.700","2","-64","186.70","962f8b4a-fe2e-417a-b1bc-9c1eb5839437","2022-03-11 12:27:56.917"
"ALB","186.380","1","186.700","2","-64","186.70","f6a8b516-e2d3-44d6-b5f6-60bf87095452","2022-03-11 12:27:56.917"
"ALB","186.380","1","186.700","2","-64","186.70","b629d631-cd41-4295-a885-d1b72570ee15","2022-03-11 12:27:56.917"
"ALB","186.380","1","186.700","2","-64","186.70","2d148dca-40d1-4a2c-bf5a-604dbc7a8d8d","2022-03-11 12:27:56.917"
"ALB","187.710","2","188.130","2","64","186.31","602aa1b5-ed48-4bc4-b44b-e7a729e90c90","2022-03-11 12:30:04.145"
"ALB","186.250","1","186.530","1","-64","186.53","89b95e05-b923-4ce8-8716-4f7d600aa365","2022-03-11 12:30:24.856"
"ALB","186.250","1","186.530","1","-64","186.53","a38a195d-ffca-4e06-bfbe-4be4847ed132","2022-03-11 12:30:24.856"
"ALB","186.250","1","186.500","2","-64","186.52","8afc3acf-ed3b-4c03-a02e-d457cb5401fe","2022-03-11 12:32:52.076"
"ALB","186.250","1","186.500","2","-64","186.52","18a1e5bf-6006-43c5-b5b8-6498e55b49ae","2022-03-11 12:32:52.076"
"ALB","186.250","1","186.500","2","-64","186.52","1a0be022-c0e4-47d5-8235-97629ccd682a","2022-03-11 12:32:52.076"
"ALB","186.250","1","186.490","2","-64","186.52","e8a95147-789c-4d0b-8164-ed2be3141276","2022-03-11 12:32:52.076"
"ALB","186.250","1","186.520","1","-64","186.52","a46cf2c7-40b3-4c1c-b8ee-05307fddda69","2022-03-11 12:32:52.076"
"ALB","187.660","2","188.470","2","64","186.03","2ef93990-ed53-478e-b073-0c8e872b9242","2022-03-11 12:35:53.061"
"ALB","188.340","2","188.780","2","64","185.88","69e86719-5626-49f5-a3f8-c30b74ecec92","2022-03-11 12:36:07.795"
"ALB","188.340","1","188.670","1","64","185.88","7b1d5374-f976-4d93-8455-601a8a365fef","2022-03-11 12:36:07.795"
"ALB","188.200","1","188.560","1","64","185.88","e55dac39-dc64-4eb4-9039-cb35adb3967b","2022-03-11 12:36:07.795"
"ALB","188.190","1","188.650","3","64","185.88","a447bc6d-628d-45aa-bb3b-d71ec73bd4c8","2022-03-11 12:36:07.795"
"ALB","188.190","1","188.640","2","64","185.88","ce1f055d-8432-48a5-93d0-6825b8ed513a","2022-03-11 12:36:07.795"
"ALB","188.210","1","188.820","3","64","185.88","a08f3c22-e60a-4abd-97ee-58be8bf5a620","2022-03-11 12:36:07.795"
"ALB","188.220","1","188.800","2","64","185.88","b2500089-8b14-4fe7-af29-cadb1d085eeb","2022-03-11 12:36:07.795"
"ALB","185.720","2","185.910","1","-64","185.94","2475145c-1ca9-496b-96af-ef1e70872901","2022-03-11 12:38:53.749"
"ALB","185.720","2","185.910","1","-64","185.94","181480cd-6173-45ac-b541-64e26e64c558","2022-03-11 12:38:53.749"
"ALB","185.740","2","185.990","2","-64","185.99","03d0ed01-fdb1-46c1-9eff-1b811ba65096","2022-03-11 12:38:53.751"
"ALB","185.740","2","185.990","2","-64","185.99","c00d1584-2402-4265-b51e-c68d732d78f7","2022-03-11 12:38:53.751"
"ALB","185.740","2","185.990","2","-64","185.99","3af05ea7-99cb-46d7-b93b-a985763ad7b3","2022-03-11 12:38:53.751"
"ALB","185.830","2","186.050","2","-64","186.06","c4f4e8ee-1b2a-4156-8231-1c9672d9f585","2022-03-11 12:39:31.132"
"ALB","185.840","1","186.050","1","-64","186.06","27bb1d8e-cc06-4c66-8dc6-c503bdb89fa2","2022-03-11 12:39:31.132"
"ALB","186.160","1","186.340","1","-64","186.37","7f0c8b22-0a04-4d0c-ade4-34293e5a097e","2022-03-11 12:41:26.354"
"ALB","186.640","1","186.860","2","64","186.49","be2a0cef-9577-4956-91ca-f877866c62a8","2022-03-11 13:13:08.990"
"ALB","186.560","1","186.790","2","64","186.49","785684e4-7c73-452d-9c72-82b3479156d7","2022-03-11 13:13:08.990"
"ALB","186.500","2","186.730","1","64","186.35","fd3e840d-ba81-4db0-8969-cc847fe5f620","2022-03-11 13:13:55.563"
"ALB","186.500","2","186.730","1","64","186.35","ced9d112-35fd-4250-bbb2-2049574dfbd9","2022-03-11 13:13:55.563"
"ALB","186.550","2","186.770","1","64","186.35","1bc7f7b1-12f6-48fe-8d78-ecdabd068b37","2022-03-11 13:13:55.563"
"ALB","186.460","2","186.770","1","64","186.35","e0b90350-f0a5-4e26-ae81-480c0e737998","2022-03-11 13:13:55.563"
"ALB","186.460","2","186.770","1","64","186.35","6fa54f6d-0493-4968-8e0f-68e88d6536b9","2022-03-11 13:13:55.563"
"ALB","186.700","1","186.950","2","64","186.35","6adbe54e-7399-4ad8-ac7c-34a0e2a2a417","2022-03-11 13:13:55.563"
"ALB","186.380","1","186.650","1","64","186.29","bc6cd3e7-0dab-4a6f-9a87-79becb7d3857","2022-03-11 13:14:34.614"
"ALB","187.030","2","187.260","1","64","186.29","fdcfaa6e-9bb0-460f-8e4d-33a3af2df237","2022-03-11 13:14:34.614"
"ALB","187.030","2","187.260","1","64","186.29","c1abc336-8610-4e2f-99ce-35034d31385c","2022-03-11 13:14:34.614"
"ALB","186.420","2","186.640","2","-64","186.64","65b2f003-35b0-4b4a-b462-d21e33bd31ef","2022-03-11 13:17:07.368"
