"Symbol","Bid","Bid Sz","Ask","Ask Sz","Shares","Price","Order ID","Timestamp"
"AA","64.030","8","64.080","2","186","64.08","3095c9c8-1f2a-4105-a961-33ec60c748ae","2022-02-07 09:52:20.006"
"AA","64.160","3","64.190","2","-186","64.19","39056afb-6aff-463f-9fe2-2323b74deb73","2022-02-07 09:53:40.526"
"AA","64.030","3","64.070","2","187","63.96","b197af1b-1c28-4134-a7d4-8cfb36fc87ca","2022-02-07 10:13:30.447"
"AA","64.060","6","64.090","4","-187","64.09","1f115150-51e1-4372-9e11-1b42da272ca6","2022-02-07 10:13:58.222"
"AA","64.100","7","64.130","1","188","63.67","3d691e02-defd-4b69-b861-cff469a6f28e","2022-02-07 10:25:01.129"
"AA","64.160","2","64.200","1","188","63.67","7fe9d20d-4bf1-4bb0-8318-b99cb4400573","2022-02-07 10:25:01.129"
"AA","64.170","3","64.210","2","188","63.67","90da120e-23fa-4574-a4de-30e1d05d3f3b","2022-02-07 10:25:01.129"
"AA","64.190","4","64.220","1","188","63.67","062c33ea-8582-4774-9f0d-33190d6fc0c2","2022-02-07 10:25:01.129"
"AA","63.710","1","63.730","1","-188","63.73","0f05ba1d-6a19-4450-b299-7d3d8a37f490","2022-02-07 10:25:41.861"
"AA","63.710","1","63.730","1","-188","63.73","908ae437-d292-4d8a-a04c-8f5443412362","2022-02-07 10:25:41.861"
"AA","63.690","6","63.720","1","-188","63.72","01ec103d-2c3a-4693-bfc2-edacf8bcbebd","2022-02-07 10:25:52.206"
"AA","64.150","4","64.200","5","188","63.63","efcf0655-ec4c-4213-a120-8163a624a83a","2022-02-07 10:26:13.006"
"AA","64.190","6","64.230","2","188","63.63","dfd780f0-9965-42a7-845c-87782feda170","2022-02-07 10:26:13.006"
"AA","64.230","5","64.270","4","188","63.63","3e66a12e-f812-4766-9b25-e8ebc4d5930f","2022-02-07 10:26:13.006"
"AA","64.170","1","64.210","4","188","63.63","67dbe39c-2724-46a9-8896-e03ff9dd7268","2022-02-07 10:26:13.006"
"AA","64.140","4","64.180","3","188","63.63","5b2b185b-2b14-45f4-b326-b280d6fa1313","2022-02-07 10:26:13.006"
"AA","64.200","1","64.240","2","188","63.63","e377a09f-1d55-4f74-9df1-3910be6ebc1b","2022-02-07 10:26:13.006"
"AA","64.230","7","64.270","3","188","63.63","10e28e29-abcf-41b3-a3aa-4fe5bb9342c0","2022-02-07 10:26:13.006"
"AA","64.320","2","64.340","2","188","63.63","dc0bfb0f-cd42-4166-9d36-ead485f045f1","2022-02-07 10:26:13.006"
"AA","63.590","1","63.610","1","-188","63.61","dffebbdb-1df5-49ab-8723-0d015a559059","2022-02-07 10:27:42.236"
"AA","63.590","1","63.610","1","-188","63.61","c10d9fdd-3ec7-4da5-ae17-763977f751e2","2022-02-07 10:27:42.236"
"AA","63.590","1","63.610","1","-188","63.61","50e15cee-9da8-4c47-97ca-f2ab3ac11e4d","2022-02-07 10:27:42.236"
"AA","63.590","1","63.610","1","-188","63.61","6e13032b-d191-487b-8d21-5a79504ed2f5","2022-02-07 10:27:42.236"
"AA","63.590","1","63.610","1","-188","63.61","b7157e70-10f7-4b0c-841a-dc4c58d54c57","2022-02-07 10:27:42.236"
"AA","63.610","1","63.630","1","-188","63.63","9eebdc7b-c09b-47d3-95a1-574f2589bb8d","2022-02-07 10:27:50.922"
"AA","63.610","1","63.630","1","-188","63.63","42f25ecd-40e4-4923-9954-74449e5ac217","2022-02-07 10:27:50.922"
"AA","63.660","1","63.690","5","-188","63.69","a52572b0-cab9-4611-8caf-9f9ff3476d3e","2022-02-07 10:28:17.402"
"AA","63.670","3","63.700","1","-188","63.73","f41144ce-6bf6-4a33-923e-9a65990c31d4","2022-02-07 10:32:51.882"
"AA","64.120","4","64.160","4","187","63.88","6d006725-bb10-4cc3-911a-50d793eca4cc","2022-02-07 10:36:30.765"
"AA","64.100","1","64.130","2","187","63.88","12b559dd-63d1-4f75-8136-acd077588a3b","2022-02-07 10:36:30.765"
"AA","64.100","5","64.140","4","187","63.88","a4d3c35f-4051-48c1-80de-06a9ecc76288","2022-02-07 10:36:30.765"
"AA","64.100","5","64.130","2","187","63.88","a2afc4c5-348b-47be-bbff-8b0306082b69","2022-02-07 10:36:30.765"
"AA","63.580","3","63.620","7","-187","63.62","a3c84ceb-ec4b-4aa6-90eb-25f92d0f7dad","2022-02-07 10:38:10.884"
"AA","63.630","1","63.650","1","-187","63.65","81e6b47f-dd63-4e86-9cc6-e1c216686b08","2022-02-07 10:38:19.081"
"AA","63.630","1","63.650","1","-187","63.65","d43b63c6-bafe-4381-ad63-976e78ffc7e6","2022-02-07 10:38:19.081"
"AA","63.700","1","63.710","2","-187","63.71","7c9410ea-5dc7-4df0-8f70-ff330a969274","2022-02-07 10:38:26.754"
"AA","63.340","1","63.380","1","189","63.38","28c5ccc1-66e8-4530-8b57-42f24feb6d60","2022-02-07 10:50:00.006"
"AA","63.270","2","63.310","2","-189","63.31","477eeff5-1271-43a3-bc92-8ff649d134f7","2022-02-07 10:50:34.551"
"AA","63.320","3","63.340","1","189","63.34","ff45065e-07c8-4f34-bd45-024fb9488a8c","2022-02-07 10:50:40.006"
"AA","63.340","1","63.370","1","-189","63.37","f88dc0d4-8bff-4140-97c2-5a39ad83ca8b","2022-02-07 10:51:32.570"
"AA","63.400","2","63.440","1","188","63.44","dfab45ba-dbf8-4ada-9112-fb02cf259fb0","2022-02-07 10:53:00.006"
"AA","63.250","2","63.290","1","-188","63.29","3bfc073d-6fd0-474d-917c-afeebbd3b157","2022-02-07 10:55:40.305"
"AA","63.410","5","63.450","1","190","63.15","158c1088-347b-416a-8e6c-1fab6348507d","2022-02-07 11:04:32.500"
"AA","63.400","1","63.440","1","190","63.15","03015160-b183-4f01-bc41-e130a394d9ec","2022-02-07 11:04:32.500"
"AA","63.400","1","63.440","1","190","63.15","658058eb-3b8c-471a-a637-470500a34c0b","2022-02-07 11:04:32.500"
"AA","63.470","1","63.500","4","190","63.15","3d7d2dbf-1a4d-4c11-89a9-3dd715cd5c03","2022-02-07 11:04:32.500"
"AA","63.470","1","63.500","3","190","63.15","fbe30f84-d8e2-4ab7-bc88-62961913e37f","2022-02-07 11:04:32.500"
"AA","63.470","1","63.500","4","190","63.15","c211f103-d80a-4e41-b4f7-aa86dd761f81","2022-02-07 11:04:32.500"
"AA","63.470","1","63.500","5","190","63.15","681d2d87-2e2f-4c70-b947-f79d94249a08","2022-02-07 11:04:32.500"
"AA","63.520","6","63.560","2","190","63.15","4bb5d70f-cc2b-402b-86d1-bfb1c4e6418c","2022-02-07 11:04:32.500"
"AA","63.570","6","63.620","6","190","63.15","987ebeb5-60b4-4bfb-b55b-cc5d7e41c8d6","2022-02-07 11:04:32.500"
"AA","63.190","1","63.230","1","-190","63.23","55cd5e22-e025-4497-b331-d8c24c388258","2022-02-07 11:04:57.090"
"AA","63.190","1","63.230","1","-190","63.23","f5326c77-9778-4982-ab94-ada9e517dd0e","2022-02-07 11:04:57.090"
"AA","63.190","1","63.230","1","-190","63.23","38c95242-0547-4ab3-a405-ee00221bbf78","2022-02-07 11:04:57.090"
"AA","63.190","1","63.230","1","-190","63.23","b843608f-0e9c-4151-acb1-2946e38ab3c8","2022-02-07 11:04:57.090"
"AA","63.190","1","63.230","1","-190","63.23","cab877df-3943-4d18-b78a-dfde97a5471a","2022-02-07 11:04:57.090"
"AA","63.150","5","63.190","1","-190","63.19","7925adbc-bf83-486b-8b73-c1ebb4f2cf97","2022-02-07 11:05:13.271"
"AA","63.170","2","63.200","1","-190","63.20","771b0669-44d4-4ce6-97ec-550be30901b4","2022-02-07 11:05:23.406"
"AA","63.150","5","63.210","3","-190","63.21","756b4eb0-d5cd-4657-ba4e-658c3bd2b3b7","2022-02-07 11:05:40.101"
"AA","63.230","1","63.270","1","-190","63.27","c6ca21cc-c18d-4303-86da-92c070b19fc2","2022-02-07 11:05:50.203"
"AA","63.980","4","64.000","1","188","63.68","cfda7781-1512-4eaf-87b8-e4e1ac767588","2022-02-07 11:42:18.762"
"AA","63.970","6","64.000","2","188","63.68","a189d6ae-e100-4c30-b2ec-8008c48a8fc4","2022-02-07 11:42:18.762"
"AA","63.980","1","64.010","1","188","63.68","7ac759b2-0520-48cd-bf05-ab4f897269ee","2022-02-07 11:42:18.762"
"AA","63.980","1","64.010","5","188","63.68","43ef157d-67ae-406b-b2cc-0a28c28e4fbf","2022-02-07 11:42:18.762"
"AA","63.980","2","64.020","2","188","63.68","1752f7bf-a834-4e17-b202-f75ea1bebc75","2022-02-07 11:42:18.762"
"AA","63.930","5","63.960","1","188","63.68","ad2fb2be-a379-40e2-84bd-4906bf2428e2","2022-02-07 11:42:18.762"
"AA","63.880","2","63.900","1","188","63.68","793c5fd1-3e6e-443c-ba0b-bbc6b8289e46","2022-02-07 11:42:18.762"
"AA","63.830","1","63.860","1","188","63.68","f74a3c37-48c5-4790-8c96-251a77f5ca6b","2022-02-07 11:42:18.762"
"AA","63.820","2","63.850","1","188","63.68","31ef5424-5b32-4705-8169-5ed5ae74a9f3","2022-02-07 11:42:18.762"
"AA","63.960","1","64.000","1","188","63.65","806d670c-ec7f-4b24-8b82-ab59760ab7d7","2022-02-07 11:42:25.930"
"AA","63.890","5","63.940","1","188","63.65","ca45424f-f882-4a85-8e08-06cd7e4e12cf","2022-02-07 11:42:25.930"
"AA","63.890","1","63.920","1","188","63.65","01caee1c-6553-4636-961a-32488dd111b7","2022-02-07 11:42:25.930"
"AA","63.540","2","63.570","1","-188","63.58","10685e2b-d2c8-478b-909f-9bbe7d1a6dcc","2022-02-07 11:43:50.721"
"AA","63.560","4","63.600","1","-188","63.62","e1acd057-1199-42f6-9dc3-5bdb9789e7c8","2022-02-07 11:44:00.041"
"AA","63.560","4","63.600","1","-188","63.62","d5ba34b3-0628-4d24-9f34-c0146c3ff65c","2022-02-07 11:44:00.041"
"AA","63.560","4","63.600","1","-188","63.62","d12a866c-7c28-425f-afd9-a4a155e8b333","2022-02-07 11:44:00.041"
"AA","63.560","4","63.600","1","-188","63.62","bd1ab598-5a4f-4529-963d-c7e5a5481da4","2022-02-07 11:44:00.041"
"AA","63.560","4","63.600","1","-188","63.62","82ffb407-7373-41ea-8551-23a4a0215506","2022-02-07 11:44:00.041"
"AA","63.560","4","63.600","1","-188","63.62","fc1bd104-97ed-448b-901b-ed73fd5cca01","2022-02-07 11:44:00.041"
"AA","64.300","3","64.320","1","188","63.50","f64667bc-53c4-4b48-879e-f41b82d3a4be","2022-02-07 11:44:11.297"
"AA","63.500","5","63.540","1","-188","63.54","002f63ff-d912-4998-a640-a2838ce9719f","2022-02-07 11:44:15.997"
"AA","63.500","5","63.540","1","-188","63.54","d084d72e-fd4d-4228-9780-5c99c395fee4","2022-02-07 11:44:15.997"
"AA","63.500","5","63.540","1","-188","63.54","93c0225a-6b9a-4f4d-b179-90f76a35247e","2022-02-07 11:44:15.997"
"AA","63.460","1","63.480","1","-188","63.48","10c9437f-7963-44a8-a0b2-ab73067f0d36","2022-02-07 11:45:00.206"
"AA","63.500","6","63.530","2","-188","63.53","b9635fb5-47e2-40d4-9a23-7c82a7a98df9","2022-02-07 11:45:30.243"
"AA","63.500","6","63.540","2","-188","63.55","ac976586-f913-4e34-a626-feca80885728","2022-02-07 11:45:30.747"
"AA","63.620","1","63.650","150","187","63.65","4c956d28-b9d1-4434-afcc-d7bffef9040f","2022-02-07 11:49:30.006"
"AA","63.360","2","63.400","1","-187","63.41","a4deb274-723b-4ed1-ad76-fff1347c7a75","2022-02-07 11:53:50.438"
"AA","63.440","6","63.480","2","188","63.48","c3608755-5eb8-45bb-95b8-a5f6e1e04c52","2022-02-07 11:59:20.006"
"AA","63.460","1","63.500","1","189","63.29","f7823424-a7e8-42e6-931b-294c62cfe308","2022-02-07 12:01:38.894"
"AA","63.470","1","63.500","1","189","63.29","70996b45-a9b6-4928-b854-895ef62b4e9a","2022-02-07 12:01:38.894"
"AA","63.470","2","63.490","1","189","63.29","5a588248-6eae-42c0-9e6d-f163980ccaee","2022-02-07 12:01:38.894"
"AA","63.470","2","63.500","1","189","63.29","e05fe425-008f-4e5c-9405-be6a76f1729c","2022-02-07 12:01:38.894"
"AA","63.420","4","63.450","1","189","63.29","f2a12007-9c18-4212-b3d2-8e6545c9e5fb","2022-02-07 12:01:38.894"
"AA","63.470","1","63.500","5","189","63.29","960c4c26-8626-42ca-8b4c-d9473e93a610","2022-02-07 12:01:38.894"
"AA","63.450","1","63.500","1","189","63.29","add9a857-3c52-4998-a357-db464e74fdee","2022-02-07 12:01:38.894"
"AA","63.500","2","63.530","1","189","63.29","2308926e-5b2a-4b59-a5bd-ac423aef5faf","2022-02-07 12:01:38.894"
"AA","63.510","1","63.530","2","189","63.29","294d78f8-0ef6-4e20-ad4c-477dfacc32fe","2022-02-07 12:01:38.894"
"AA","63.500","2","63.550","4","189","63.29","c6466dc8-ed25-42fb-9aa1-900b23542986","2022-02-07 12:01:38.894"
"AA","63.310","1","63.330","1","-189","63.33","d0cecc0d-db98-4bbb-afff-d011fad3cb2e","2022-02-07 12:02:23.183"
"AA","63.310","1","63.330","1","-189","63.33","460bfd20-9cc5-43bf-85a7-519b8d07f948","2022-02-07 12:02:23.183"
"AA","63.310","1","63.330","1","-189","63.33","33ee1824-853e-47e9-86ec-f1d319e7a627","2022-02-07 12:02:23.183"
"AA","63.310","1","63.330","1","-189","63.33","7661d28c-98cf-41eb-8241-9d733415fd44","2022-02-07 12:02:23.183"
"AA","63.310","1","63.330","1","-189","63.33","0de46a39-6294-44b4-aff3-182729a9868b","2022-02-07 12:02:23.183"
"AA","63.310","1","63.330","1","-188","63.33","58ce1558-1b53-4074-a1ae-c403e84bd3c5","2022-02-07 12:02:23.183"
"AA","63.300","4","63.330","3","-189","63.33","2a3d681f-bcec-4d15-877c-6b316b2abbad","2022-02-07 12:03:04.998"
"AA","63.300","4","63.330","3","-189","63.33","65e81ea4-d6f6-4b31-882c-540386f38788","2022-02-07 12:03:04.998"
"AA","63.310","5","63.340","2","-189","63.34","63924b1c-8914-4456-9225-167c5ff2e200","2022-02-07 12:03:05.535"
"AA","63.310","5","63.340","2","-189","63.34","e8ddd37e-40e9-49e9-b823-90f17edead3f","2022-02-07 12:03:05.535"
"AA","63.320","2","63.350","1","-189","63.35","3b2a78c3-2077-4971-8d94-882ea1d369e1","2022-02-07 12:03:14.473"
"AA","63.390","2","63.420","1","189","63.25","c8eac465-9a93-4cc8-916a-61a19e683fcd","2022-02-07 12:09:46.925"
"AA","63.230","5","63.250","1","-189","63.25","41bb8c4a-aca8-4bb6-b36d-5d2b43ae51cd","2022-02-07 12:10:02.836"
"AA","63.230","1","63.260","1","189","63.26","1aa20444-f992-429b-85d0-c648d46b698c","2022-02-07 12:23:00.006"
"AA","63.110","6","63.140","1","-189","63.14","38dda15d-d8e2-4951-9303-fc2e463393f2","2022-02-07 12:28:55.394"
"AA","63.290","6","63.330","2","189","63.22","bb597102-aa63-4e3a-8950-d8b56acc4d5e","2022-02-07 12:38:55.716"
"AA","63.280","3","63.310","2","189","63.22","0789b516-1c44-4740-89c3-072ee9ab2bc7","2022-02-07 12:38:55.716"
"AA","63.280","1","63.310","6","189","63.22","c3150b71-f39b-4793-b0bc-889b5b46e2bc","2022-02-07 12:38:55.716"
"AA","63.320","4","63.360","4","189","63.21","49d70088-64b8-466d-b4ec-ca4f714d355e","2022-02-07 12:38:56.929"
"AA","63.360","5","63.390","1","189","63.21","484fc704-983a-4e2f-9130-751540c73d37","2022-02-07 12:38:56.929"
"AA","63.340","2","63.360","2","189","63.21","ddb02a26-eb06-4bab-8eec-eb7995b7747a","2022-02-07 12:38:56.929"
"AA","63.260","5","63.290","1","189","63.21","dc67c031-0758-4c57-9798-16f9e3b5eee7","2022-02-07 12:38:56.929"
"AA","63.270","4","63.300","1","189","63.21","9a287064-4815-4759-b9a9-658f73b1944d","2022-02-07 12:38:56.929"
"AA","63.250","4","63.270","1","189","63.16","09cf68fa-9b9d-4446-a099-91029b41acae","2022-02-07 12:39:08.266"
"AA","63.270","5","63.290","2","189","63.16","25afb668-3a04-4a11-b197-95abdb1c3b13","2022-02-07 12:39:08.266"
"AA","63.280","3","63.300","1","189","63.16","463bbec3-e33d-4bee-8fd5-ad7bcd20b50d","2022-02-07 12:39:08.266"
"AA","63.340","1","63.360","1","189","63.16","a9ec91ac-582c-4765-926b-45b57f8e60ee","2022-02-07 12:39:08.266"
"AA","63.320","1","63.350","2","189","63.16","670e1cbe-6cd5-464a-a083-73c2260af850","2022-02-07 12:39:08.266"
"AA","63.320","5","63.340","3","189","63.16","3a4790e3-4679-4756-a71d-9a986de8ced2","2022-02-07 12:39:08.266"
"AA","63.130","6","63.160","1","-189","63.16","e51eba09-8bcb-4f33-be09-f56dd41c1a64","2022-02-07 12:39:20.076"
"AA","63.130","6","63.160","1","-189","63.16","9035cb45-e8a1-486d-a2c7-7d5543594f1e","2022-02-07 12:39:20.076"
"AA","63.130","6","63.160","1","-189","63.16","9c4727bd-b015-45fd-94f0-4e0dc90524bf","2022-02-07 12:39:20.076"
"AA","63.130","6","63.160","1","-189","63.16","0ad2f2d7-2ec5-42d2-9be3-7a1325016f7d","2022-02-07 12:39:20.076"
"AA","63.130","6","63.160","1","-189","63.16","4601b21a-7597-4d23-9a86-3e85e14a6a2b","2022-02-07 12:39:20.076"
"AA","63.110","1","63.130","1","-189","63.13","8f0a0d2b-31ec-4b6c-97ae-d7add33b764a","2022-02-07 12:39:44.899"
"AA","63.120","1","63.130","1","-189","63.13","483c8441-1f66-4eae-8b16-8776c33c2b49","2022-02-07 12:39:50.272"
"AA","63.160","1","63.190","6","-189","63.19","97adb506-643a-4229-8876-606aed3f7c15","2022-02-07 12:40:10.443"
"AA","63.160","1","63.190","6","-189","63.19","28391437-9e7e-4e41-8d88-eea522408838","2022-02-07 12:40:10.443"
"AA","63.160","1","63.190","6","-189","63.19","d72468ef-36aa-45ff-a511-6b972594e3a4","2022-02-07 12:40:10.443"
"AA","63.160","1","63.190","6","-189","63.19","a6e4f330-7d1c-4025-84cf-6f427b3d4ed8","2022-02-07 12:40:10.443"
"AA","63.200","16","63.230","1","-189","63.23","14055bf1-7e42-476d-b4fd-600355688feb","2022-02-07 12:40:24.769"
"AA","63.200","16","63.230","1","-189","63.23","e74c4205-0658-423f-8f64-9e6ddedf0c65","2022-02-07 12:40:24.769"
"AA","63.200","1","63.230","5","-189","63.23","17501b4f-127a-443d-9436-0961cd2c733a","2022-02-07 12:40:57.089"
"AA","63.290","6","63.320","3","189","63.22","576251de-a14f-44a9-a59c-7c5e72398f9a","2022-02-07 12:45:11.772"
"AA","63.270","5","63.310","1","189","63.22","39d5c6a0-9271-40ee-944a-167378ba9a1f","2022-02-07 12:45:11.772"
"AA","63.280","5","63.310","1","189","63.22","1e5e507b-833f-4152-945c-86bf4e08894d","2022-02-07 12:45:11.772"
"AA","63.280","5","63.310","1","189","63.22","8d4612ff-467a-4c3e-ac24-0ddad53a9984","2022-02-07 12:45:11.772"
"AA","63.300","3","63.330","2","-189","63.33","7d4b3cac-e277-4c7d-ab4c-bc8ab2393458","2022-02-07 12:46:29.756"
"AA","63.300","3","63.330","2","-189","63.33","d57f76b5-3d16-4ef0-a67d-92169c89aaea","2022-02-07 12:46:29.756"
"AA","63.310","1","63.330","1","-189","63.33","98240cac-d60c-4e8c-96ed-48f667fe025c","2022-02-07 12:46:35.737"
"AA","63.360","9","63.380","3","-189","63.38","351cdae3-8765-40b9-8220-a97fb65c20d5","2022-02-07 12:46:40.667"
"AA","63.910","6","63.940","1","188","63.77","592f25c1-7dba-42ad-988e-e8d3c2a377a0","2022-02-07 13:34:23.710"
"AA","63.910","1","63.950","2","188","63.77","d79e1114-dc06-4604-943e-03d3e5f8a883","2022-02-07 13:34:23.710"
"AA","63.900","2","63.940","4","188","63.77","5f7cec4d-d7a6-4f06-9c0b-7c88f52fd100","2022-02-07 13:34:23.710"
"AA","63.890","5","63.920","1","188","63.77","60a0366b-6b94-4708-a239-9f0b3c22ae8b","2022-02-07 13:34:23.710"
"AA","63.840","2","63.870","2","188","63.77","9bdd2ea7-04c9-4f3b-96f2-ca1709c7e26f","2022-02-07 13:34:23.710"
"AA","63.850","6","63.890","3","188","63.77","c6908625-b74b-4d87-b86e-15c237090577","2022-02-07 13:34:23.710"
"AA","63.860","5","63.890","1","188","63.77","31e1bc9c-116e-4976-b7b7-e54ffd6c5bef","2022-02-07 13:34:23.710"
"AA","63.860","5","63.890","1","188","63.77","f5bccf0f-22a8-47b5-b3dc-eefa441554e2","2022-02-07 13:34:23.710"
"AA","63.740","3","63.780","1","-188","63.78","8bc534a2-eccb-4b6f-a87d-1475da48067b","2022-02-07 13:35:06.141"
"AA","63.740","3","63.780","1","-188","63.78","cb15af57-0024-43f4-9916-abfb650dc7ee","2022-02-07 13:35:06.141"
"AA","63.740","3","63.780","1","-188","63.78","71d5a950-991b-427e-82bf-a554dda47dd1","2022-02-07 13:35:06.141"
"AA","63.740","3","63.780","1","-188","63.78","b3ba4bdc-6463-4057-9e4c-5e5ed5569a17","2022-02-07 13:35:06.141"
"AA","63.750","1","63.780","1","-188","63.78","c60344a0-2581-48f7-997a-844bb37a8b48","2022-02-07 13:35:06.141"
"AA","63.750","1","63.780","1","-188","63.78","ca581040-69a2-4406-8947-743fff58ca9d","2022-02-07 13:35:06.141"
"AA","63.740","1","63.770","1","-188","63.78","715acef8-3a1a-4f5a-9aee-5fcc42cdca7e","2022-02-07 13:35:47.838"
"AA","63.740","1","63.770","1","-188","63.78","9d279c42-35a1-4788-948a-8ae75e41bb7b","2022-02-07 13:35:47.838"
"AA","63.820","6","63.850","1","188","63.76","17e0ee44-9a4b-4764-9780-7dee57a4a552","2022-02-07 13:48:08.119"
"AA","63.810","5","63.840","1","188","63.76","820158cc-f5f9-4eeb-b6bd-c7b0bfbb27b9","2022-02-07 13:48:08.119"
"AA","63.790","4","63.820","3","188","63.76","34215b93-ff68-4463-bbcb-e9d68a3c52bb","2022-02-07 13:48:08.119"
"AA","63.820","4","63.860","1","188","63.76","6256aae6-2de5-4a49-a606-828b3fe76779","2022-02-07 13:48:08.119"
"AA","63.750","3","63.790","1","-188","63.80","31fc8dfe-8f57-4e55-a7fb-08a960677fa9","2022-02-07 13:49:07.957"
"AA","63.750","1","63.780","2","-188","63.78","6b3cea0e-e261-4e07-a80b-b31c881ede2d","2022-02-07 13:49:28.047"
"AA","63.750","1","63.780","2","-188","63.78","0cb936ee-ba79-4ee0-85ee-26e61c7e763c","2022-02-07 13:49:28.047"
"AA","63.800","8","63.830","1","-188","63.83","467f16bb-1aac-41af-84b0-5ddd0caf8f43","2022-02-07 13:50:44.941"
"AA","64.720","10","64.750","4","185","64.58","d9126156-3147-4947-b793-34fa69056f29","2022-02-07 15:07:05.526"
"AA","64.720","1","64.730","1","185","64.58","739c10f1-3026-47bc-a5fe-0cedd5849bc9","2022-02-07 15:07:05.526"
"AA","64.640","5","64.660","2","185","64.58","338f7423-8fc6-401e-b41a-c561f689a20d","2022-02-07 15:07:05.526"
"AA","64.620","5","64.650","2","185","64.58","c8b8efc4-3cd8-48bd-8716-4f0a385d2b0e","2022-02-07 15:07:05.526"
"AA","64.620","3","64.650","6","185","64.58","3ab1f417-319d-47d2-b9b5-dc740f130e93","2022-02-07 15:07:05.526"
"AA","64.710","1","64.730","1","185","64.53","531c7533-e37b-4e2d-ba89-97b151b6de08","2022-02-07 15:07:08.964"
"AA","64.600","1","64.620","1","-185","64.62","b6ff9c0a-6206-4386-b688-a94ce56f5681","2022-02-07 15:08:03.623"
"AA","64.600","1","64.620","1","-185","64.62","3f44ea8e-2927-45ea-9554-dbf1f96b9d37","2022-02-07 15:08:03.623"
"AA","64.600","1","64.620","1","-185","64.62","c59ddd9c-7fb2-44f5-8946-4f4cee87295c","2022-02-07 15:08:03.623"
"AA","64.560","2","64.580","1","-185","64.60","86458ea5-77a6-42f4-abdc-84de062659c8","2022-02-07 15:08:20.986"
"AA","64.560","2","64.580","1","-185","64.60","359a6f74-2825-4ab9-9a77-a19ca9437091","2022-02-07 15:08:20.986"
"AA","64.560","1","64.570","1","-185","64.60","803159fd-624b-4123-8d2e-ef0b2a9bc500","2022-02-07 15:08:20.986"
"AA","64.630","6","64.650","1","185","64.60","b32bf69c-0803-436f-8091-ea5abca1fe9b","2022-02-07 15:18:01.138"
"AA","64.640","1","64.660","8","185","64.60","7b7e306e-9e78-45a0-8e28-ba438a812fd2","2022-02-07 15:18:01.138"
"AA","64.590","3","64.620","6","-185","64.62","324d5b18-6b09-47c6-9fe1-1036d00fb8c2","2022-02-07 15:19:18.821"
"AA","64.550","6","64.580","5","-185","64.59","181b6a3a-ab3f-4bbf-8f35-60651c886df0","2022-02-07 15:20:36.119"
"AA","64.580","2","64.620","5","186","64.49","f048f934-4947-4107-a45c-eed3e7923886","2022-02-07 15:26:45.895"
"AA","64.670","3","64.710","1","186","64.49","6effbe36-0800-4cc2-8ca4-fcb1d52db9d6","2022-02-07 15:26:45.895"
"AA","64.690","1","64.710","1","186","64.49","4c2464de-6ff3-4224-9368-5616e28571da","2022-02-07 15:26:45.895"
"AA","64.390","3","64.410","1","-186","64.41","d3ad2acd-8a1c-47bb-9e2b-62f70a043b2d","2022-02-07 15:28:13.515"
"AA","64.350","2","64.370","1","-186","64.37","b44757a0-951d-41ff-8010-664047523cae","2022-02-07 15:29:23.420"
"AA","64.350","2","64.370","1","-186","64.37","8bd11e5c-b1d1-4efd-b44b-1ed5bacecfef","2022-02-07 15:29:34.304"
"AG","10.220","58","10.230","11","1,171","10.23","0826dd2b-b81f-4813-8acb-6e215938c3fc","2022-02-07 10:21:10.006"
"AG","10.260","36","10.270","21","-1,171","10.27","1ed8cce6-659b-4b23-8c0f-e4f50d7c5750","2022-02-07 10:21:45.278"
"AG","10.370","42","10.380","30","1,158","10.36","1e2a723e-071c-4ab3-a87a-3d5d5d7db723","2022-02-07 11:16:43.757"
"AG","10.350","20","10.360","33","-1,158","10.36","9e88a280-1046-4892-b4a7-53a4c31b01f6","2022-02-07 11:18:45.344"
"AG","10.400","40","10.410","16","1,155","10.38","eeed7f7d-a649-44fb-a432-77142eb06b53","2022-02-07 11:43:11.986"
"AG","10.400","24","10.400","1","1,155","10.38","e14cf697-870a-469b-a553-1432b62e6936","2022-02-07 11:43:11.986"
"AG","10.400","60","10.410","14","1,155","10.38","300abbc7-6e4f-4e05-b2d0-3ea50b50eccb","2022-02-07 11:43:11.986"
"AG","10.400","36","10.410","33","1,155","10.38","35abd8bd-fc5b-4f68-8637-c2a0e1d1851e","2022-02-07 11:43:11.986"
"AG","10.410","177","10.420","23","1,157","10.37","3bcc6154-035d-433e-83bc-d88056ecd4e2","2022-02-07 11:43:36.970"
"AG","10.410","23","10.420","46","1,157","10.37","3846b602-9f31-4670-9a0a-bbe6cebd6ab7","2022-02-07 11:43:36.970"
"AG","10.410","13","10.420","42","1,157","10.37","72347e3d-851c-4c3c-a3b2-d79e8afd8e7c","2022-02-07 11:43:36.970"
"AG","10.400","20","10.410","41","1,157","10.37","2a09c869-aed9-40dd-baaa-f363d402d94d","2022-02-07 11:43:36.970"
"AG","10.400","27","10.410","36","1,157","10.37","5b45edd8-0cb6-4ea6-8f23-cac847896d36","2022-02-07 11:43:36.970"
"AG","10.400","35","10.410","27","1,158","10.36","5d0a38ce-1895-4c12-976d-a6be2d511bee","2022-02-07 11:43:36.972"
"AG","10.400","36","10.410","16","1,158","10.36","4c50a866-ab90-4802-865b-4f974900b888","2022-02-07 11:43:36.972"
"AG","10.410","30","10.420","25","1,158","10.36","5ba9615b-ef04-433d-a06b-cfdbcd310621","2022-02-07 11:43:36.972"
"AG","10.440","53","10.450","42","1,158","10.36","fd06f12e-73d7-410e-9159-c084ee8c0689","2022-02-07 11:43:36.972"
"AG","10.450","24","10.460","72","1,158","10.36","d2a5e434-546e-45e7-9df3-37f6b9bff2a8","2022-02-07 11:43:36.972"
"AG","10.360","49","10.370","19","-1,155","10.37","c71398e0-1538-4c1b-8740-f11e0123cf9f","2022-02-07 11:43:44.772"
"AG","10.360","24","10.370","32","-1,157","10.37","932c5d41-6906-439e-b348-13fe0132ca69","2022-02-07 11:44:03.447"
"AG","10.360","24","10.370","32","-1,157","10.37","46cb26d1-a4c1-4a6e-9bf8-dd85cd1a3b51","2022-02-07 11:44:03.447"
"AG","10.360","24","10.370","32","-1,157","10.37","e6c35280-4a3e-4726-ade2-18aa2d3e72d9","2022-02-07 11:44:03.447"
"AG","10.360","24","10.370","32","-1,155","10.37","18503cbc-b3ae-48ac-9f1d-5c1189ca518d","2022-02-07 11:44:03.447"
"AG","10.360","24","10.370","32","-1,158","10.37","2ef66af3-54fd-4b50-928c-eaf34e6f0ec3","2022-02-07 11:44:03.447"
"AG","10.360","24","10.370","32","-1,158","10.37","a79e9b30-a26a-4aba-9e05-5feb3ec9111f","2022-02-07 11:44:03.447"
"AG","10.360","27","10.370","46","-1,157","10.37","07a9c3c4-b031-41d7-9a51-d4b6a70bb18b","2022-02-07 11:44:11.302"
"AG","10.360","27","10.370","46","-1,155","10.37","ac72f360-b8ac-49bc-9d7b-838eb0b7805d","2022-02-07 11:44:11.302"
"AG","10.360","27","10.370","46","-1,158","10.37","cbd127ba-a8cc-4e90-b34a-f5b4abe38678","2022-02-07 11:44:11.302"
"AG","10.360","27","10.370","46","-1,157","10.37","b0c529cd-0d76-467f-8952-658c96df0f32","2022-02-07 11:44:11.302"
"AG","10.360","35","10.370","13","-1,158","10.37","35752ce8-60c5-46ed-a69e-83131d9f5913","2022-02-07 11:44:37.240"
"AG","10.360","30","10.370","13","-1,158","10.37","93c41682-9172-4db4-98af-e416762b170e","2022-02-07 11:44:46.087"
"AG","10.360","25","10.370","21","-1,155","10.37","3e4e4c42-694b-4578-a497-68704b2e8368","2022-02-07 11:45:15.861"
"AG","10.360","29","10.370","33","1,155","10.37","969c34f5-60e7-4eda-babd-1244a9d6f053","2022-02-07 11:52:30.006"
"AG","10.370","19","10.380","54","-1,155","10.38","eaa1d9f7-3836-4712-972c-735fac34c990","2022-02-07 11:53:54.151"
"AG","10.380","42","10.390","42","1,154","10.39","a0853b3a-d2ce-41b0-804d-d7db57b1615d","2022-02-07 11:57:40.006"
"AG","10.390","5","10.400","55","-1,154","10.40","992ea925-0e1f-4175-b207-b974ca7a9493","2022-02-07 12:02:07.136"
"AG","10.390","50","10.400","51","1,155","10.39","f9655670-0842-4699-ac2f-100b7c4c97f0","2022-02-07 12:24:12.793"
"AG","10.390","50","10.400","39","1,155","10.39","e742a02d-bb40-4cff-b5f8-4ee3122e4ad6","2022-02-07 12:24:12.793"
"AG","10.390","50","10.400","39","1,155","10.39","23020d78-d010-42fc-9ff8-f4bd328eff5c","2022-02-07 12:24:12.793"
"AG","10.400","35","10.410","39","-1,155","10.41","d915cc81-f2b7-4c9d-95b5-bec0fa8273c2","2022-02-07 12:25:57.169"
"AG","10.410","64","10.410","1","-1,155","10.41","738663ba-10cd-4575-84a4-1628a3b092ee","2022-02-07 12:26:00.006"
"AG","10.400","41","10.410","53","-1,155","10.41","3c72809c-8be5-4587-94e5-21eedca52e77","2022-02-07 12:27:32.956"
"AG","10.530","26","10.540","40","1,142","10.51","e87d6279-a581-4ae0-bdbb-c8fa246906bf","2022-02-07 13:34:37.175"
"AG","10.530","26","10.540","40","1,141","10.51","eed49203-efc2-4074-a698-4e029ac8dd9b","2022-02-07 13:34:37.175"
"AG","10.530","26","10.540","40","1,142","10.51","c39d9ed8-805e-4aa1-9dac-2eecd4b637eb","2022-02-07 13:34:37.175"
"AG","10.540","48","10.540","4","1,142","10.51","a8edb648-d13c-4735-9ab6-ea7ad72bfdfc","2022-02-07 13:34:37.175"
"AG","10.530","33","10.540","41","1,142","10.51","31b42440-879c-4665-8fc0-99ac3e649c9c","2022-02-07 13:34:37.175"
"AG","10.530","30","10.540","40","1,141","10.51","9db5aa32-8f41-4ac3-b6fc-e72f99257918","2022-02-07 13:34:37.175"
"AG","10.530","16","10.540","41","1,141","10.51","241bb20c-9b11-4eaa-b86e-7163ef926928","2022-02-07 13:34:37.175"
"AG","10.530","16","10.540","41","1,141","10.51","7333c25b-e268-427c-a1f8-b866f575f9cc","2022-02-07 13:34:37.175"
"AG","10.530","12","10.540","35","1,142","10.51","98998ffa-67ec-42b1-a53d-d0e8da9a6bb3","2022-02-07 13:34:37.175"
"AG","10.530","2","10.530","36","1,142","10.51","93b5338a-34da-4fa1-871e-b35eed87abf4","2022-02-07 13:34:37.175"
"AG","10.520","18","10.530","42","-1,141","10.53","1d8297bb-fa19-4504-bd6d-8806f1055d4a","2022-02-07 13:36:27.671"
"AG","10.520","18","10.530","42","-1,142","10.53","f7189cbf-e0a0-44aa-9c6c-a4b7626d960d","2022-02-07 13:36:27.671"
"AG","10.520","18","10.530","42","-1,141","10.53","51b18f07-a75e-420d-8f2c-3ffed6973d63","2022-02-07 13:36:27.671"
"AG","10.520","18","10.530","42","-1,141","10.53","a6503561-ebcf-42e0-b224-ede0f50afdd9","2022-02-07 13:36:27.671"
"AG","10.520","35","10.530","28","-1,141","10.53","4d1ba179-7cc6-4d1c-bf3b-75228352c92a","2022-02-07 13:36:35.784"
"AG","10.520","35","10.530","28","-1,142","10.53","9c8f8351-ca85-45f5-97ae-c8b4e83d6df1","2022-02-07 13:36:35.784"
"AG","10.520","35","10.530","28","-1,142","10.53","b57f584b-acf3-486c-b4cb-63693db3693c","2022-02-07 13:36:35.784"
"AG","10.520","75","10.530","3","-1,142","10.53","32e253b1-7d5b-4d43-8ec8-069e9dc814bf","2022-02-07 13:37:00.302"
"AG","10.520","75","10.530","2","-1,142","10.53","d0e07c95-7e51-4177-a2fb-9ab22c085e4c","2022-02-07 13:37:26.998"
"AG","10.530","1","10.530","39","-1,142","10.53","14894cc5-1b0b-4237-b30a-8f837d172040","2022-02-07 13:37:30.006"
"AG","10.550","30","10.560","51","1,141","10.51","20c2526e-db78-4eab-baea-b02238f2bf6d","2022-02-07 13:49:23.652"
"AG","10.550","30","10.560","51","1,141","10.51","fe28eb3e-93c5-4242-b6a8-30d3d0396e8e","2022-02-07 13:49:23.652"
"AG","10.550","15","10.560","53","1,141","10.51","467f7030-f8bd-458b-af4e-d20d67ae0907","2022-02-07 13:49:23.652"
"AG","10.550","34","10.560","51","1,141","10.51","ecb1bab6-bcc9-459a-90e4-a4c952ed4665","2022-02-07 13:49:23.652"
"AG","10.550","3","10.560","73","1,141","10.51","c810da75-292f-4ed4-86e6-c62b367f8f0a","2022-02-07 13:49:23.652"
"AG","10.530","35","10.540","51","1,141","10.51","87fe6e38-9be7-4243-becd-d27efaa91db9","2022-02-07 13:49:23.652"
"AG","10.530","23","10.540","41","1,141","10.51","8fca21b6-55ff-4c5b-b9d2-d6cf25682cd9","2022-02-07 13:49:23.652"
"AG","10.530","12","10.540","67","1,141","10.51","b2ef7aaa-735a-45cb-ba57-f7484abf7dbc","2022-02-07 13:49:23.652"
"AG","10.530","12","10.540","67","1,141","10.51","35d3b65a-5073-41be-a980-4587cdf0c97a","2022-02-07 13:49:23.652"
"AG","10.500","43","10.510","19","-1,141","10.51","7397afdb-91be-40b7-ac2d-81b2ccfb6100","2022-02-07 13:50:37.890"
"AG","10.500","43","10.510","19","-1,141","10.51","0fdf7eab-a3b6-4254-96f9-be90f5f91dff","2022-02-07 13:50:37.890"
"AG","10.500","43","10.510","19","-1,141","10.51","a6257728-8810-4a0e-8eb1-82729a2ff09d","2022-02-07 13:50:37.890"
"AG","10.510","16","10.520","35","-1,141","10.52","9ec00bc2-e28a-4aef-968e-1b103b45e20a","2022-02-07 13:52:06.045"
"AG","10.510","16","10.520","35","-1,141","10.52","717a0486-b1e4-4625-94d9-8357d53b2ab7","2022-02-07 13:52:06.045"
"AG","10.510","16","10.520","35","-1,141","10.52","daf7381b-ca80-47eb-9339-bda85b87e545","2022-02-07 13:52:06.045"
"AG","10.510","16","10.520","35","-1,141","10.52","c3909d4d-492a-43a9-821d-a5f571724068","2022-02-07 13:52:06.045"
"AG","10.510","16","10.520","35","-1,141","10.52","d3b1a3ef-7b8b-4828-8319-f25f2c48a394","2022-02-07 13:52:06.045"
"AG","10.510","16","10.520","35","-1,141","10.52","498ef3c6-001e-4a57-af55-993521a76401","2022-02-07 13:52:06.045"
"AG","10.530","41","10.540","22","1,140","10.53","0b525d99-a465-4260-8dcc-844327ef042d","2022-02-07 14:00:04.490"
"AG","10.520","18","10.530","41","-1,140","10.53","87758d08-9fbb-496b-9f06-0a781ea8376b","2022-02-07 14:10:04.864"
"AG","10.540","39","10.550","28","1,139","10.54","057c49a0-bb2b-4933-bf5c-7c3dd97e5cef","2022-02-07 14:22:14.972"
"AG","10.540","23","10.550","41","1,139","10.53","27099564-06f5-4fc1-a964-5d9ada60f39f","2022-02-07 14:23:05.264"
"AG","10.540","10","10.550","54","1,140","10.53","07af9c1d-e233-4feb-b953-c8f0595fa9a2","2022-02-07 14:23:05.264"
"AG","10.540","7","10.550","77","1,139","10.53","e1a57160-3fc7-4a0e-8472-f14c7df9e674","2022-02-07 14:23:05.264"
"AG","10.540","29","10.550","53","1,140","10.53","07e89ada-9f4a-42e0-a5e6-94612d681678","2022-02-07 14:23:05.264"
"AG","10.540","21","10.550","53","1,140","10.53","ad674447-6168-4a77-9709-f213e66c98f8","2022-02-07 14:23:05.264"
"AG","10.530","88","10.540","9","-1,140","10.55","8fff6905-9f0b-4d19-82d6-53f479aec3ff","2022-02-07 14:24:39.639"
"AG","10.530","88","10.540","9","-1,139","10.55","6ee081bf-0d29-4245-b1e5-802632df0969","2022-02-07 14:24:39.639"
"AG","10.530","88","10.540","9","-1,140","10.55","f106a395-814f-48d2-91c0-20e263c1a2e2","2022-02-07 14:24:39.639"
"AG","10.540","30","10.550","31","-1,139","10.55","666210e0-bc3d-4547-a6dc-6a6de94f1bcf","2022-02-07 14:24:46.965"
"AG","10.540","30","10.550","31","-1,139","10.55","7d18bb7e-eef2-4058-a36a-c7999802c09c","2022-02-07 14:24:46.965"
"AG","10.540","20","10.550","49","-1,140","10.55","de10b366-aecd-4800-9abc-e38ca9c5dd3d","2022-02-07 14:27:07.099"
"AG","10.570","20","10.580","34","1,136","10.56","92203a00-4d3e-4628-ad42-f26b4664fc98","2022-02-07 15:12:26.411"
"AG","10.600","41","10.610","48","1,137","10.55","059e8d7f-01d4-4d65-9264-0359333be0bd","2022-02-07 15:14:01.129"
"AG","10.600","30","10.610","47","1,137","10.55","06c7e296-4a57-421b-8be6-7ae3fbf44a26","2022-02-07 15:14:01.129"
"AG","10.600","22","10.610","45","1,137","10.55","148d4d80-eea0-4a5f-9ce9-d5888fa536cf","2022-02-07 15:14:01.129"
"AG","10.600","21","10.610","36","1,137","10.55","d0536c76-ce34-4b17-8036-48f6448d2a5e","2022-02-07 15:14:01.129"
"AG","10.600","30","10.610","43","1,137","10.55","8ec18ee9-b56c-45aa-a8d2-c1bb6c8bbdd4","2022-02-07 15:14:01.129"
"AG","10.590","48","10.600","53","1,137","10.55","1f548b57-b238-40bf-b589-16ec25cd7135","2022-02-07 15:14:01.129"
"AG","10.590","48","10.600","53","1,137","10.55","1e20c94e-99e7-48c0-90a1-0cea30427c31","2022-02-07 15:14:01.129"
"AG","10.560","27","10.570","30","-1,136","10.57","aafcd1fe-af73-4b12-bc4a-0ba9c3d18c59","2022-02-07 15:14:50.850"
"AG","10.560","27","10.570","30","-1,137","10.57","c0fcddc7-2ab6-4121-95e9-0ff1b246ab48","2022-02-07 15:14:50.850"
"AG","10.570","17","10.580","63","-1,137","10.58","c7c026b0-4cb5-435d-bb8a-b8b4213b1275","2022-02-07 15:15:19.584"
"AG","10.570","17","10.580","63","-1,137","10.58","122635ee-ba96-4e0e-9cee-6630ae097c6c","2022-02-07 15:15:19.584"
"AG","10.570","34","10.580","39","-1,137","10.58","faafc0b8-1a8e-40b8-9aff-5db7e6606c56","2022-02-07 15:15:42.887"
"AG","10.570","34","10.580","39","-1,137","10.58","5fd53dbe-eda1-46bf-b2de-7529d74c69cb","2022-02-07 15:15:42.887"
"AG","10.570","35","10.580","19","-1,137","10.58","45b8ec0f-8c6b-47b2-84cb-e0d49ed16e45","2022-02-07 15:15:51.784"
"AG","10.570","34","10.580","37","-1,137","10.58","b492aebc-53d6-4c9e-b362-caed876a334d","2022-02-07 15:18:42.145"
"AG","10.580","1","10.580","71","1,136","10.56","8355560b-0eab-45d6-9141-166c8f40da4a","2022-02-07 15:21:29.462"
"AG","10.560","4","10.560","46","-1,136","10.56","e748e22a-df2b-40e7-a762-1aa5b5bb03ef","2022-02-07 15:22:00.006"
"AG","10.570","34","10.580","43","1,138","10.54","a2f4f6c8-d734-4e30-ac13-3222f4e4e5e7","2022-02-07 15:24:33.913"
"AG","10.520","28","10.530","75","-1,138","10.53","39bc7065-cf69-46fc-9ece-ce81064aaa4b","2022-02-07 15:26:23.727"
"ABB","34.900","48","34.910","24","344","34.82","d2050f37-9f85-4f0f-8945-7b02ac644003","2022-02-07 11:04:33.555"
"ABB","34.880","52","34.890","3","344","34.82","23a12278-cfad-4b9b-9d7b-038d363d37dc","2022-02-07 11:04:33.555"
"ABB","34.890","17","34.900","38","344","34.82","c9b96df1-1fb3-4279-8ac5-488581a4b010","2022-02-07 11:04:33.555"
"ABB","34.890","17","34.900","38","344","34.82","d76511b5-147a-46b7-903a-a631f60c4ff1","2022-02-07 11:04:33.555"
"ABB","34.890","17","34.900","25","344","34.82","a6824c64-2ee3-454c-a9a2-3418197a6360","2022-02-07 11:04:33.555"
"ABB","34.880","19","34.890","18","344","34.82","71775619-f8f1-41e1-b2c4-35d0a4ed414b","2022-02-07 11:04:33.555"
"ABB","34.870","8","34.880","42","344","34.82","cf831e90-4248-474d-a96f-164147cb0de5","2022-02-07 11:04:33.555"
"ABB","34.860","23","34.870","8","344","34.82","9181e349-62b1-4c1e-a35c-7eb623c81f01","2022-02-07 11:04:33.555"
"ABB","34.820","23","34.830","11","-344","34.83","5710c008-07e8-4000-b3ab-0e0f3fe8882c","2022-02-07 11:05:19.548"
"ABB","34.820","23","34.830","11","-344","34.83","01070005-56ea-4aaa-ae75-0c8d467afaef","2022-02-07 11:05:19.548"
"ABB","34.820","23","34.830","11","-344","34.83","bd055b6b-1985-45aa-85c7-aab631e80832","2022-02-07 11:05:19.548"
"ABB","34.820","23","34.830","11","-344","34.83","60edcbff-d27b-44a5-af0a-538579837c86","2022-02-07 11:05:19.548"
"ABB","34.820","23","34.830","11","-344","34.83","a8131545-dbdd-4cc5-8ef2-beba2aa87a9b","2022-02-07 11:05:19.548"
"ABB","34.820","23","34.830","11","-344","34.83","f3dec9d9-6fbb-4143-908a-3d9387b278fa","2022-02-07 11:05:19.548"
"ABB","34.820","30","34.830","1","-344","34.83","d82ab6fa-2333-44f8-9791-0fed73ac2277","2022-02-07 11:05:20.384"
"ABB","34.820","12","34.830","25","-344","34.83","35565432-8d0c-48e8-ab6d-6b92d614152a","2022-02-07 11:07:46.208"
"ABB","34.820","49","34.830","21","344","34.81","82f7e475-857f-42ef-acbd-864082bb6bea","2022-02-07 11:24:04.388"
"ABB","34.810","13","34.820","16","-344","34.82","1f612cf6-3f77-4b1c-b8bc-b591e47526a1","2022-02-07 11:24:43.245"
"ABB","34.810","15","34.820","12","345","34.78","98ad9317-55aa-4e29-816c-650951b28213","2022-02-07 11:29:47.400"
"ABB","34.830","27","34.840","3","345","34.78","3f920f2b-afc4-406d-9ad2-d13956574c95","2022-02-07 11:29:47.400"
"ABB","34.830","27","34.840","3","345","34.78","211eeb07-1430-400f-8e09-a08ee6214583","2022-02-07 11:29:47.400"
"ABB","34.840","22","34.850","24","345","34.78","51a2e161-0feb-4a6e-80c6-b59b571867ba","2022-02-07 11:29:47.400"
"ABB","34.850","28","34.860","13","345","34.78","af5da2f9-944c-42dc-a2fd-0c179604cafa","2022-02-07 11:29:47.400"
"ABB","34.860","1","34.870","34","345","34.78","6924b159-15f2-4a06-a5cf-6a8704402c91","2022-02-07 11:29:47.400"
"ABB","34.850","27","34.860","18","345","34.78","75ecd13d-611f-42f0-a9de-75e07ab914c5","2022-02-07 11:29:47.400"
"ABB","34.840","15","34.850","44","345","34.77","33815613-5af0-4c87-9216-3865952ce34a","2022-02-07 11:29:52.503"
"ABB","34.820","20","34.830","31","345","34.77","af9c91dc-8ab4-46f8-a35a-27c447c06140","2022-02-07 11:29:52.503"
"ABB","34.740","19","34.750","14","-345","34.75","462735b8-289c-4c8f-8d11-a4c76841c081","2022-02-07 11:33:48.062"
"ABB","34.740","19","34.750","14","-345","34.75","528b002b-48fd-4e0e-90a8-bb5fa9c3f74b","2022-02-07 11:33:48.062"
"ABB","34.740","19","34.750","14","-345","34.75","6b62ca48-8027-4174-bc2b-efd306dc2ca3","2022-02-07 11:33:48.062"
"ABB","34.740","19","34.750","14","-345","34.75","c24bdb4e-dcb9-45b1-8159-538f0759d228","2022-02-07 11:33:48.062"
"ABB","34.740","13","34.750","15","-345","34.75","503c7c4c-1c78-4aca-96a8-965cdaa6fdd1","2022-02-07 11:33:48.062"
"ABB","34.740","13","34.750","15","-345","34.75","1511ae1d-47ba-4889-8c21-0e7b07699d56","2022-02-07 11:33:48.062"
"ABB","34.740","13","34.750","15","-345","34.75","02d73c43-4555-496f-b270-50285e15ad32","2022-02-07 11:33:48.062"
"ABB","34.740","8","34.750","14","-345","34.75","ab7b8456-d7d3-4a2e-87f4-94cf4c8af18e","2022-02-07 11:33:48.062"
"ABB","34.740","13","34.750","14","-345","34.75","7a7ea179-2705-48de-801e-ab09ec4238fd","2022-02-07 11:33:48.062"
"ABB","34.680","9","34.690","13","346","34.63","9109967d-4a4e-46cd-8b18-f52b43e662fa","2022-02-07 12:01:43.452"
"ABB","34.680","9","34.690","13","346","34.63","9e8b7546-62f8-4f70-9c78-95eb9ffcec87","2022-02-07 12:01:43.452"
"ABB","34.680","9","34.690","13","346","34.63","52bd0a4b-a8f9-4265-8dff-92c0067cc299","2022-02-07 12:01:43.452"
"ABB","34.670","26","34.680","8","346","34.63","c017f7ef-5a99-49bb-83b7-6e6e012aa692","2022-02-07 12:01:43.452"
"ABB","34.650","13","34.660","12","346","34.63","641a5ae0-4023-44e6-8eda-178144234d80","2022-02-07 12:01:43.452"
"ABB","34.630","3","34.640","29","-346","34.64","05e10ee9-0dee-4d0f-9af7-06cf34af74e8","2022-02-07 12:02:23.393"
"ABB","34.630","3","34.640","29","-346","34.64","b4beaeab-6c6e-442b-8136-4201c9b67240","2022-02-07 12:02:23.393"
"ABB","34.630","3","34.640","29","-346","34.64","cb4c274f-9662-42f1-b137-2b09dc16d20b","2022-02-07 12:02:23.393"
"ABB","34.630","28","34.640","7","-346","34.64","53a16e20-323c-430d-bacb-d14932e0a2cb","2022-02-07 12:02:46.392"
"ABB","34.630","28","34.640","7","-346","34.64","c66b2f9e-34f8-4eca-9a10-c0ef1f8b5815","2022-02-07 12:02:46.392"
"ABB","34.660","27","34.670","6","346","34.63","0a24df68-2db0-49c4-99e3-49c112f38b25","2022-02-07 12:09:55.085"
"ABB","34.660","27","34.670","6","346","34.63","952cd3a2-0cd8-4707-8179-f924744c766d","2022-02-07 12:09:55.085"
"ABB","34.660","9","34.670","16","346","34.63","832460ad-4f6f-4a00-9ae5-e85546614eec","2022-02-07 12:09:55.085"
"ABB","34.660","13","34.670","10","346","34.63","7af1c41e-c4ff-4171-bd9c-bf4d6a188f63","2022-02-07 12:09:55.085"
"ABB","34.660","10","34.670","10","346","34.63","197e5e2a-79fe-4181-90cb-2a76fead5bf6","2022-02-07 12:09:55.085"
"ABB","34.660","10","34.670","10","346","34.63","d475fbc0-323c-436b-8bce-dbe32ad9aaa1","2022-02-07 12:09:55.085"
"ABB","34.650","2","34.660","33","346","34.63","5cce0d8c-7ee5-4f24-80dd-031769855e83","2022-02-07 12:09:55.085"
"ABB","34.640","14","34.650","18","346","34.63","205f1043-c6e2-45f1-b10f-b9d18357a619","2022-02-07 12:09:55.085"
"ABB","34.640","26","34.650","1","346","34.63","878a939c-ea21-476d-9416-beb7e9e6ef00","2022-02-07 12:09:55.085"
"ABB","34.640","12","34.650","13","346","34.63","a646b017-ac77-4c1e-abc1-6ecd8ed72dc8","2022-02-07 12:09:55.085"
"ABB","34.620","17","34.630","14","-346","34.63","c254009e-b9b5-4717-bd45-6a33c37bd5c7","2022-02-07 12:11:00.728"
"ABB","34.620","17","34.630","14","-346","34.63","63134da8-f04b-4bf9-a049-acee7745234c","2022-02-07 12:11:00.728"
"ABB","34.620","17","34.630","14","-346","34.63","9e11ff1d-47a2-46f5-8a8c-d0523ccec825","2022-02-07 12:11:00.728"
"ABB","34.620","17","34.630","14","-346","34.63","32d156fd-ef19-4a14-b044-7f908afae502","2022-02-07 12:11:00.728"
"ABB","34.620","10","34.630","18","-346","34.63","c57412cd-5e8b-4dda-9054-1b400cd162bf","2022-02-07 12:11:00.728"
"ABB","34.620","10","34.630","18","-346","34.63","c757ca57-fe8d-4020-9ded-d6c599e49f72","2022-02-07 12:11:00.728"
"ABB","34.620","10","34.630","18","-346","34.63","15035187-963f-42ac-81b9-99d5ed5f7cce","2022-02-07 12:11:00.728"
"ABB","34.630","29","34.640","21","-346","34.64","3a9f6de8-9ebd-4ed9-9005-d141ac4fdc00","2022-02-07 12:11:24.306"
"ABB","34.630","29","34.640","21","-346","34.64","74afd6e5-f8b3-4243-8cd6-2e730e1ddc1b","2022-02-07 12:11:24.306"
"ABB","34.630","29","34.640","21","-346","34.64","542374f3-8eda-4556-9fb4-27169f0d6a17","2022-02-07 12:11:24.306"
"ABB","34.640","16","34.650","8","346","34.63","04f71ab6-d485-4a2a-95db-0714a5c96f55","2022-02-07 12:26:42.678"
"ABB","34.690","19","34.700","15","346","34.60","dc64e6b1-11e7-46ca-9db7-4a258fdc4b39","2022-02-07 12:27:29.006"
"ABB","34.670","48","34.680","16","346","34.60","30380ed5-0844-4c42-b5e2-3e9268f27133","2022-02-07 12:27:29.006"
"ABB","34.690","4","34.700","16","346","34.60","4d566388-033b-415c-82cc-f8cfb5b19bdd","2022-02-07 12:27:29.006"
"ABB","34.680","73","34.690","8","346","34.60","be0a08a3-a046-4a23-9f18-68bb1da6dda1","2022-02-07 12:27:29.006"
"ABB","34.690","30","34.700","17","346","34.60","dbddf4fb-bba4-46c2-ab0e-13b9eaada798","2022-02-07 12:27:29.006"
"ABB","34.680","49","34.690","3","346","34.59","5bba01ae-b9c1-4c68-a88a-c8389cf6e6a9","2022-02-07 12:28:36.709"
"ABB","34.680","22","34.690","8","346","34.59","e2012aec-21dc-4cc6-92dc-174410fa8206","2022-02-07 12:28:36.709"
"ABB","34.580","18","34.590","13","-346","34.59","aa9bc940-9a42-4f2e-a394-c03983a499c0","2022-02-07 12:28:59.716"
"ABB","34.580","18","34.590","13","-346","34.59","b18a69d5-1924-48eb-859f-dda504b7852b","2022-02-07 12:28:59.716"
"ABB","34.580","18","34.590","13","-346","34.59","ccac9a83-ecc4-4329-b9ba-f4637b32a1de","2022-02-07 12:28:59.716"
"ABB","34.580","18","34.590","13","-346","34.59","f477dddb-2e57-41da-8bf8-7b45a999ef78","2022-02-07 12:28:59.716"
"ABB","34.680","1","34.690","15","347","34.58","f22de0b4-c216-4491-a312-f8bef6b788fe","2022-02-07 12:28:59.771"
"ABB","34.680","20","34.690","20","347","34.58","7052969f-f1d3-4d12-a39b-cdd0ac2d1e1d","2022-02-07 12:28:59.771"
"ABB","34.690","1","34.700","19","347","34.58","838131f3-aa77-46b1-b2c8-87eda6fc25c8","2022-02-07 12:28:59.771"
"ABB","34.660","46","34.670","19","346","34.58","f2c2e41d-6ac2-43fa-9b9e-0466e0deeff6","2022-02-07 12:28:59.771"
"ABB","34.560","14","34.570","8","-347","34.57","b2aaa81e-a8a1-4e76-ae4c-350905c0c2fa","2022-02-07 12:30:35.009"
"ABB","34.560","14","34.570","8","-346","34.57","8777537e-b420-4953-b8bb-03e74b97d343","2022-02-07 12:30:35.009"
"ABB","34.560","14","34.570","8","-347","34.57","4ffb2db4-9d87-4dd1-95b7-9902258d0758","2022-02-07 12:30:35.009"
"ABB","34.560","14","34.570","8","-346","34.57","6e57e66b-5081-41b6-b42e-1ca15b09ea83","2022-02-07 12:30:35.009"
"ABB","34.570","32","34.580","9","-346","34.58","ddb81100-24df-4d67-9be8-0c90f6c1018c","2022-02-07 12:30:42.425"
"ABB","34.570","32","34.580","9","-346","34.58","465ded1b-8457-46b3-8be8-e6a2f63cc431","2022-02-07 12:30:42.425"
"ABB","34.580","24","34.590","18","-346","34.59","ec188cef-8aca-4333-89ce-8ac105305948","2022-02-07 12:31:03.435"
"ABB","34.590","32","34.600","1","-347","34.60","247f3452-f641-4364-ac0f-5f5f5a8791db","2022-02-07 12:31:14.031"
"ABB","34.600","33","34.610","1","346","34.61","5e315d2a-c22e-4454-a976-bd12b6770991","2022-02-07 12:42:00.006"
"ABB","34.590","13","34.600","17","-346","34.60","c324ea36-701f-48fd-8025-b5e8145dda84","2022-02-07 12:43:24.766"
"ABB","34.840","16","34.850","19","344","34.82","0f3366a6-7dff-403c-a2f9-9ba1dc1ec36c","2022-02-07 14:13:44.935"
"ABB","34.840","10","34.850","25","344","34.82","ce8d002a-215a-491e-bb97-3774fa4f7443","2022-02-07 14:13:44.935"
"ABB","34.840","11","34.850","12","344","34.82","550c7d81-ad25-4571-ba4c-224f23ced95c","2022-02-07 14:13:44.935"
"ABB","34.840","10","34.850","13","-344","34.85","be9a5179-dad3-44bf-bfb0-924c30b989e5","2022-02-07 14:17:04.780"
"ABB","34.840","5","34.850","23","-344","34.85","19bc2995-0724-43f6-9943-400c6a8df350","2022-02-07 14:19:50.242"
"ABB","34.840","11","34.850","21","-344","34.85","9c66f5d6-eb98-43a4-a92d-63910adbe7c1","2022-02-07 14:20:20.577"
"ABB","34.910","9","34.920","9","344","34.88","30bd16cd-b007-48ef-97a0-b4d3040d2bd5","2022-02-07 15:00:42.516"
"ABB","34.880","2","34.890","19","-344","34.89","6695ab79-9abd-473c-94e8-595e6b4a3008","2022-02-07 15:01:14.806"
"ABB","34.930","13","34.940","17","343","34.89","8d4151b6-447a-4b58-9d3a-2122bb0e34ba","2022-02-07 15:08:14.334"
"ABB","34.900","44","34.910","4","-343","34.91","ee7f430d-b66c-486c-b5d6-19370931d0c9","2022-02-07 15:09:35.076"
"ABB","34.930","16","34.940","16","343","34.90","3dd4d2a6-b088-48f6-a790-991e9a1eeab9","2022-02-07 15:20:27.698"
"ABB","34.930","9","34.940","26","343","34.90","17116711-ce60-40f6-98b3-634fada955d5","2022-02-07 15:20:27.698"
"ABB","34.940","19","34.950","25","343","34.90","e77f57c1-d29e-45b0-a81a-f46a81c5d236","2022-02-07 15:20:27.698"
"ABB","34.940","14","34.950","16","343","34.90","53fc552f-d6cc-4e47-b4f0-17a2ada81df9","2022-02-07 15:20:27.698"
"ABB","34.940","5","34.950","28","343","34.90","fe50921d-4f5c-442b-ac4c-382b76677f74","2022-02-07 15:20:27.698"
"ABB","34.930","25","34.940","11","343","34.90","46790ed8-ca2a-40b7-835c-3690dcab0c91","2022-02-07 15:20:27.698"
"ABB","34.930","20","34.940","15","343","34.90","50c3f2fe-8933-483f-aec5-841b9b98479c","2022-02-07 15:20:27.698"
"ABB","34.900","23","34.910","25","-343","34.91","b3e4b86d-c077-45ea-b032-a770caa853e4","2022-02-07 15:21:06.101"
"ABB","34.900","23","34.910","25","-343","34.91","70865f8d-7a65-49eb-b9f3-cda6964560e9","2022-02-07 15:21:06.101"
"ABB","34.930","12","34.940","9","343","34.89","dc4c776f-aa8c-484f-bfbf-0fb04a1c6f48","2022-02-07 15:21:53.648"
"ABB","34.930","21","34.940","7","343","34.89","3eb5b54a-79c1-457e-a3ed-511e3cd69021","2022-02-07 15:21:53.648"
"ABB","34.940","13","34.950","25","343","34.89","e5de214e-c635-4a27-8b1a-d80b8c14edb4","2022-02-07 15:21:53.648"
"ABB","34.930","20","34.940","15","344","34.88","6bee9c56-65f3-4f06-bb7c-eaf38ba89520","2022-02-07 15:22:05.901"
"ABB","34.930","30","34.940","12","344","34.88","074e7db7-ff57-4cd1-a250-899c208ca54c","2022-02-07 15:22:05.901"
"ABB","34.930","30","34.940","10","344","34.88","409d9505-96a0-4019-9ea4-85a3fa16016d","2022-02-07 15:22:05.901"
"ABB","34.930","18","34.940","13","344","34.88","b5bff96f-3e7b-4742-a331-345cf56a6a79","2022-02-07 15:22:05.901"
"ABB","34.930","18","34.940","15","344","34.88","e9dbd870-2ac2-4746-96e0-117adce0b69c","2022-02-07 15:22:05.901"
"ABB","34.930","25","34.940","18","344","34.88","08ae896b-8d9b-427f-aa22-8fded5aea239","2022-02-07 15:22:05.901"
"ABB","34.930","25","34.940","18","344","34.88","8fcb3e50-f2ee-448a-be1c-3ca67c9064e7","2022-02-07 15:22:05.901"
"ABB","34.910","14","34.920","7","344","34.87","44d6fa2a-5727-4839-ba73-3f614b104a8e","2022-02-07 15:22:09.638"
"ABB","34.870","51","34.870","1","-343","34.87","d2cb400d-8c72-4264-b311-0585c5c889fc","2022-02-07 15:22:10.006"
"ABB","34.870","51","34.870","1","-343","34.87","5af62e5c-99d0-4f1a-be75-8e4571e16436","2022-02-07 15:22:10.006"
"ABB","34.870","51","34.870","1","-343","34.87","a34d0b14-1c7e-41c3-b5b3-d0acf9983798","2022-02-07 15:22:10.006"
"ABB","34.870","42","34.880","2","-343","34.89","260a81b8-fdaa-46b1-ab7e-37ef58631750","2022-02-07 15:22:28.774"
"ABB","34.880","12","34.890","20","-344","34.89","7e07a0a4-5253-4f44-9784-64be0f9c0f26","2022-02-07 15:22:40.564"
"ABB","34.880","12","34.890","20","-344","34.89","4a6c00f6-d4b7-4e58-8c67-a049e4b15d8d","2022-02-07 15:22:40.564"
"ABB","34.880","12","34.890","20","-343","34.89","c1c92a41-9328-4ec6-928f-9f5b9f8848f2","2022-02-07 15:22:40.564"
"ABB","34.880","35","34.890","8","-343","34.89","3c9be76e-33bb-4695-a273-87aa03d76c9d","2022-02-07 15:23:01.218"
"ABB","34.880","35","34.890","8","-344","34.89","cb3b3146-ad11-432a-8494-b6e9c9653392","2022-02-07 15:23:01.218"
"ABB","34.880","35","34.890","8","-343","34.89","2226f5ca-c190-46f3-8752-7d6fb2557511","2022-02-07 15:23:01.218"
"ABB","34.880","35","34.890","8","-344","34.89","646adbd1-b480-4dba-8a92-9506ed225e5a","2022-02-07 15:23:01.218"
"ABB","34.880","35","34.890","8","-344","34.89","a2b2595c-214a-424a-81d0-b9b406cf6750","2022-02-07 15:23:01.218"
"ABB","34.880","20","34.890","14","-344","34.89","da06f03e-3d49-4615-9d3d-7fc73dea4cae","2022-02-07 15:23:01.218"
"ABB","34.880","20","34.890","14","-343","34.89","4ea6f5b7-0402-4235-81f6-81e6098db2e1","2022-02-07 15:23:01.218"
"ABB","34.880","32","34.890","9","-344","34.89","c3706f22-6bec-4ae9-8aee-d13525670190","2022-02-07 15:23:31.170"
"ABB","34.880","16","34.890","14","-344","34.89","d7cb9b00-b9b1-4151-a583-72485d4fc1ea","2022-02-07 15:23:31.170"
"ALB","222.850","1","223.120","2","53","222.49","e4187b3a-3112-4b32-8850-37a6e74004a4","2022-02-07 11:17:58.915"
"ALB","223.060","1","223.270","1","53","222.49","b04c1827-42bb-4f0b-93e9-500d89c4aa1e","2022-02-07 11:17:58.915"
"ALB","222.260","1","222.690","9","-53","222.69","49ff5b5d-1298-4be9-b368-ba11525d9cc4","2022-02-07 11:20:09.940"
"ALB","222.350","1","222.690","10","-53","222.69","c4a84e18-19be-4115-b66f-986d88cefb05","2022-02-07 11:20:09.940"
"ALB","222.780","1","223.110","5","53","222.40","d67bd3cf-6def-4d95-a4c7-7a37c8c46c51","2022-02-07 11:32:42.476"
"ALB","222.830","1","223.110","6","53","222.40","4c51cac4-9ddf-4aea-a2e7-52afd158fe27","2022-02-07 11:32:42.476"
"ALB","223.040","1","223.360","1","53","222.40","924cdbcb-33bd-4456-83fa-0946844b0b8c","2022-02-07 11:32:42.476"
"ALB","223.390","1","223.810","2","53","222.40","cee26489-0fb4-42ac-866c-d68347f5250d","2022-02-07 11:32:42.476"
"ALB","223.560","1","223.920","2","53","222.40","1837acda-9d79-4fe8-9c1e-8171fe50e700","2022-02-07 11:32:42.476"
"ALB","223.490","1","223.750","2","53","222.40","12bed6ed-d5cd-4d98-bf6e-aea5fbf838e5","2022-02-07 11:32:42.476"
"ALB","223.050","1","223.410","1","53","222.40","7e3413e3-1bb5-44d4-a4b7-90cde92ebb84","2022-02-07 11:32:42.476"
"ALB","223.050","1","223.400","2","53","222.40","ccf97454-f894-4339-9b50-fbdd9d8bed98","2022-02-07 11:32:42.476"
"ALB","222.990","1","223.190","1","53","222.40","068e9491-7a38-44eb-9eeb-ca4aeebb3d08","2022-02-07 11:32:42.476"
"ALB","222.990","1","223.190","10","53","222.40","256fa949-2b1d-46ce-94bb-f9f7aa74b704","2022-02-07 11:32:42.476"
"ALB","222.000","1","222.290","1","-53","222.29","caf42c05-f6b0-4138-9ed6-a7bedbd917b7","2022-02-07 11:34:33.524"
"ALB","222.000","1","222.290","1","-53","222.29","12286eda-3ea1-41e5-8966-b0dfcc72ee9d","2022-02-07 11:34:33.524"
"ALB","222.000","1","222.290","1","-53","222.29","6bdfe484-3d45-46c0-818a-6f78d46e6d58","2022-02-07 11:34:33.524"
"ALB","222.000","1","222.290","1","-53","222.29","e6e88270-f58f-46b0-beb7-c376b64c7198","2022-02-07 11:34:33.524"
"ALB","222.000","1","222.290","1","-53","222.29","607b1a8b-efaa-4bf2-9e17-7ea47370ba3d","2022-02-07 11:34:33.524"
"ALB","222.020","1","222.290","2","-53","222.29","8838711a-9069-4e29-994a-117b67eb76e5","2022-02-07 11:34:33.524"
"ALB","222.020","1","222.290","2","-53","222.29","21aa3907-86d9-40c8-910f-4543630abdd5","2022-02-07 11:34:33.524"
"ALB","222.020","1","222.290","2","-53","222.29","27bfd04d-ee8c-4f39-a39e-8f789ddfcea9","2022-02-07 11:34:33.524"
"ALB","222.020","1","222.290","3","-53","222.29","3fe1d9eb-a852-4730-90cd-243ea929c0a4","2022-02-07 11:34:33.524"
"ALB","222.050","1","222.290","2","-53","222.29","c3e4ce1d-3686-4d55-a3b6-268710ac61ba","2022-02-07 11:34:33.524"
"ALB","221.000","10","221.550","1","54","219.50","f0e06c68-bd8d-494d-b5ca-882b9173ae05","2022-02-07 11:43:47.005"
"ALB","221.040","1","221.680","2","54","219.50","835f39fc-a8b5-4d76-93c3-dc52a2da5929","2022-02-07 11:43:47.005"
"ALB","221.780","1","222.610","1","54","219.50","903f5e91-051a-4112-98f6-75589048c00f","2022-02-07 11:43:47.005"
"ALB","222.050","1","223.000","3","54","219.50","26f2c7ff-6943-4de2-96ef-27f52b14d92b","2022-02-07 11:43:47.005"
"ALB","220.120","1","220.800","1","54","219.10","d93698e7-4e33-44a2-94fc-eda26145d99c","2022-02-07 11:44:45.980"
"ALB","219.100","1","219.310","1","-54","219.31","4a6aa5ba-3677-47b2-b08a-f804c01cacac","2022-02-07 11:44:53.167"
"ALB","219.100","1","219.310","1","-54","219.31","2d75fcdc-a464-4df7-865f-a957fcfa4948","2022-02-07 11:44:53.167"
"ALB","219.120","1","219.570","1","-54","219.57","172931df-e7bc-4416-ac47-9ffd7e3dc939","2022-02-07 11:45:37.344"
"ALB","219.120","1","219.570","1","-54","219.57","29b7fe2d-01d2-44b1-a45b-47ee509a621d","2022-02-07 11:45:37.344"
"ALB","219.120","2","219.570","1","-54","219.57","aed3fb60-db2b-4ed8-b493-166e1bd2c763","2022-02-07 11:45:37.344"
"ALB","220.220","1","220.590","11","54","220.59","6a02f955-5d18-464c-83d6-4bcedb5413e3","2022-02-07 11:56:20.006"
"ALB","219.830","2","220.400","1","-54","220.41","749ac18a-3998-45e7-ba48-7b022d15d59f","2022-02-07 12:02:23.279"
"ALB","220.790","1","221.140","1","54","220.01","f58eb822-b994-47c5-8b48-d03c5d3d603d","2022-02-07 12:28:56.302"
"ALB","220.640","4","221.080","1","54","220.01","d0d42d2e-57e4-4abe-bf16-1f4970eb93d8","2022-02-07 12:28:56.302"
"ALB","220.780","1","221.080","1","54","220.01","fdef2cf5-da0a-42f1-83e7-54a1fbeae76e","2022-02-07 12:28:56.302"
"ALB","220.790","1","221.120","1","54","220.01","69440584-f659-47a6-842b-4224ee6b0ab6","2022-02-07 12:28:56.302"
"ALB","220.790","1","221.110","1","54","220.01","2eb5ba4a-71f1-49e8-83d8-1a0e91dd2cc4","2022-02-07 12:28:56.302"
"ALB","220.800","1","221.060","1","54","220.01","1ba4ab47-bb59-4c90-b125-7964d12363aa","2022-02-07 12:28:56.302"
"ALB","220.810","1","221.060","1","54","220.01","1c1d59d2-c17d-4325-afe8-041ef54db784","2022-02-07 12:28:56.302"
"ALB","220.800","1","221.040","1","54","220.01","d45a6877-4891-4f19-af6b-17d7b969496f","2022-02-07 12:28:56.302"
"ALB","220.810","1","221.040","2","54","220.01","8efa1c30-d1e7-44fc-b7a6-ecd79f9ce68d","2022-02-07 12:28:56.302"
"ALB","220.810","1","221.040","1","54","220.01","ceb5c2d1-e160-469d-991a-bd4a0d6c8a89","2022-02-07 12:28:56.302"
"ALB","220.810","1","221.040","1","54","220.01","a93e2366-95c0-4939-8468-5ad2ece6c3eb","2022-02-07 12:28:56.302"
"ALB","220.650","1","221.030","4","54","220.01","f8d4eb7a-409d-4440-9666-96dd17afaa23","2022-02-07 12:28:56.302"
"ALB","220.000","1","220.340","1","-54","220.34","70cc962b-cc21-46be-a056-b55a7f77067e","2022-02-07 12:29:40.758"
"ALB","220.000","1","220.340","1","-54","220.34","ced1ff00-3366-41fc-8614-615e0768c60b","2022-02-07 12:29:40.758"
"ALB","220.000","1","220.340","1","-54","220.34","2582241b-67e7-424d-a22d-b07186ba17e2","2022-02-07 12:29:40.758"
"ALB","220.000","1","220.340","1","-54","220.34","37708031-9519-4a73-b902-2bcd4ebe3529","2022-02-07 12:29:40.758"
"ALB","220.140","2","220.760","1","54","219.26","31484ddb-de3d-4ed8-b6fd-a275258331f1","2022-02-07 12:30:17.444"
"ALB","220.140","2","220.760","1","54","219.26","8ba7cea2-27e7-4f3f-ade7-799b902b4473","2022-02-07 12:30:17.444"
"ALB","220.140","2","220.750","1","54","219.26","e9055677-aa05-49e6-95e9-b992f22875dc","2022-02-07 12:30:17.444"
"ALB","220.140","2","220.750","1","54","219.26","c2810093-517d-4d63-a046-c521697a89d1","2022-02-07 12:30:17.444"
"ALB","220.140","2","220.750","1","54","219.26","37e2c706-8e39-4b58-b152-a308bcb6f8e5","2022-02-07 12:30:17.444"
"ALB","219.380","1","219.740","1","-54","219.74","d0f1bf17-5ebb-4368-97af-23cb0046e7a6","2022-02-07 12:30:44.639"
"ALB","219.380","1","219.740","1","-54","219.74","212c9049-3e3e-4e84-ac49-d0ba170496d3","2022-02-07 12:30:44.639"
"ALB","219.380","1","219.740","1","-54","219.74","646c5005-d221-4399-a7c9-308210c061e9","2022-02-07 12:30:44.639"
"ALB","219.380","1","219.740","1","-54","219.74","371de7ba-345d-45f6-a5c8-e266e4fca084","2022-02-07 12:30:44.639"
"ALB","219.380","1","219.740","1","-54","219.74","dd3eb2f6-c0f1-4a49-9af2-23e670a825da","2022-02-07 12:30:44.639"
"ALB","219.380","1","219.740","1","-54","219.74","041b7454-f2ac-4ca2-a32a-439071f54b60","2022-02-07 12:30:44.639"
"ALB","219.300","2","219.890","1","-54","219.91","4054c3b9-edc3-4f40-b7ad-307d81a512cf","2022-02-07 12:30:51.949"
"ALB","219.300","2","219.890","1","-54","219.91","f5a8b76a-c93f-44cd-a6cd-e43477403840","2022-02-07 12:30:51.949"
"ALB","219.300","2","219.890","1","-54","219.91","de46ff47-b243-4ba6-a95f-f47b48ad6a87","2022-02-07 12:30:51.949"
"ALB","219.300","2","219.890","1","-54","219.91","f74c1fb8-cdde-4065-a03a-0212dfbadb51","2022-02-07 12:30:51.949"
"ALB","219.660","2","220.510","1","-54","220.51","201ab459-0172-440d-89ed-a1ce626a5baa","2022-02-07 12:32:01.598"
"ALB","220.430","2","220.840","1","-54","220.84","3ffd9d01-33f8-4351-9f14-7c81e84568ad","2022-02-07 12:37:23.562"
"ALB","220.320","1","220.840","1","-54","220.84","f88b71cc-a182-4e81-a54c-8a33ddbb33a1","2022-02-07 12:40:34.758"
"ALB","220.900","2","221.440","2","54","220.90","9e4e8576-41cb-4fcb-a165-34fd67f7fa10","2022-02-07 13:10:32.459"
"ALB","221.310","1","221.440","2","54","220.90","4a48546b-53b1-4f63-81c7-a691c444eb79","2022-02-07 13:10:32.459"
"ALB","221.190","1","221.440","2","54","220.90","71506b91-9b31-4d92-94be-6ac3d79d9ffd","2022-02-07 13:10:32.459"
"ALB","221.330","3","221.660","1","54","220.90","94c406cf-5846-485f-8f04-f9d2d8609e6d","2022-02-07 13:10:32.459"
"ALB","220.930","1","221.280","1","54","220.90","56387e5c-cd92-4a2a-bce7-70bdea9c2992","2022-02-07 13:10:32.459"
"ALB","220.930","1","221.280","1","54","220.90","c6396f1e-b44c-412d-a2f5-763b5be46096","2022-02-07 13:10:32.459"
"ALB","221.210","1","221.510","1","-54","221.51","49cd8b50-5df7-4a0c-9516-8819515e1e01","2022-02-07 13:11:14.293"
"ALB","221.210","1","221.510","1","-54","221.51","bb4e85a4-63cd-4360-bf1b-f6323b753c84","2022-02-07 13:11:14.293"
"ALB","221.210","1","221.510","1","-54","221.51","5bad92a6-1e41-4cd6-b37e-4643487c475e","2022-02-07 13:11:14.293"
"ALB","221.260","1","221.650","1","-54","221.66","4559b954-eae8-4b07-bc32-4e3bdefe067b","2022-02-07 13:12:04.224"
"ALB","221.410","1","221.660","2","-54","221.66","0a2480a7-1da9-47ef-b8bb-297c6eaa4292","2022-02-07 13:13:06.401"
"ALB","221.620","1","221.870","1","-54","221.99","2e78e55c-351f-49ea-97ce-35bce694daa9","2022-02-07 13:14:18.068"
"ALB","221.270","1","221.560","1","54","221.13","6a945943-2ab8-48fb-adc5-dbf090a5d336","2022-02-07 13:22:38.123"
"ALB","221.270","2","221.580","2","54","221.02","4401e3b3-8e34-48b3-aaa9-8d8378aa64f8","2022-02-07 13:24:45.171"
"ALB","221.270","2","221.580","2","54","221.02","76cd26a6-5009-4036-a72a-da300f1cfd3a","2022-02-07 13:24:45.171"
"ALB","220.850","1","221.140","1","-54","221.14","494f1eab-cf0f-4e58-aad3-3c617f328afa","2022-02-07 13:28:08.624"
"ALB","220.850","1","221.140","1","-54","221.14","33fa0c6a-0f59-4c99-957d-591d37c3ff98","2022-02-07 13:28:08.624"
"ALB","220.850","1","221.140","1","-54","221.14","8389bb21-0bd8-4672-8efb-0c23ac76a7e0","2022-02-07 13:28:08.624"
"ALB","221.300","1","221.600","1","54","221.30","4b45eeb8-3c75-442b-98ab-cfac74549294","2022-02-07 13:31:51.398"
"ALB","221.070","2","221.530","2","-54","221.53","ce2131f7-955c-4bdc-a92a-2cb6ad270282","2022-02-07 13:36:01.942"
"ALB","221.620","2","221.950","1","54","220.97","3e47e64d-3323-4a29-9432-78554c2f5976","2022-02-07 13:50:59.110"
"ALB","221.630","2","221.950","1","54","220.97","76e2b923-5a71-4cc0-9356-55f79e274b9b","2022-02-07 13:50:59.110"
"ALB","221.630","2","222.170","2","54","220.97","e92549a1-4a7b-4fa2-a1ed-f3d04ef8338f","2022-02-07 13:50:59.110"
"ALB","221.630","1","221.930","1","54","220.97","d3ba8f77-0446-48eb-a30a-40de6fabbe71","2022-02-07 13:50:59.110"
"ALB","221.100","2","221.530","1","-54","221.53","680178de-f41e-4e2c-a3b6-94a08c33c443","2022-02-07 13:52:08.930"
"ALB","221.100","2","221.530","1","-54","221.53","d7f96fa6-dc94-41b3-a3f3-620bb025efe7","2022-02-07 13:52:08.930"
"ALB","221.350","1","221.590","1","-54","221.59","5f429ad8-76e4-4f69-ab94-13334595630b","2022-02-07 13:54:15.275"
"ALB","221.410","1","221.710","10","-54","221.71","7341a3eb-c9e8-40da-a1c7-86e0b9ab932b","2022-02-07 13:55:48.051"
"ALB","221.710","4","222.060","2","54","221.52","1e780a15-4bb0-4f7b-844a-3d628870ecf4","2022-02-07 14:06:18.479"
"ALB","221.710","2","222.050","1","54","221.52","81f7e8d9-aefa-4bcc-a001-3bef8bc13553","2022-02-07 14:06:18.479"
"ALB","221.710","1","222.050","2","54","221.52","9c79042b-3f98-4ed2-b719-20a86f526317","2022-02-07 14:06:18.479"
"ALB","221.700","4","222.100","1","54","221.52","52ad33b3-af0a-446d-9543-664d1a2257d8","2022-02-07 14:06:18.479"
"ALB","221.510","1","221.760","1","-54","221.76","705c9b84-c82a-4cfd-b996-8a2cb0a06431","2022-02-07 14:07:16.038"
"ALB","221.510","1","221.760","1","-54","221.76","0f83d2bb-e9a5-45da-8048-72603a4b77c0","2022-02-07 14:07:16.038"
"ALB","221.510","1","221.760","1","-54","221.76","0446724e-4412-4e5b-9dec-4f44f4b34c57","2022-02-07 14:07:16.038"
"ALB","221.510","1","221.780","1","-54","221.78","bb55c966-013f-4712-9ae8-d4037de37f48","2022-02-07 14:07:16.042"
"ALB","221.780","1","222.100","2","54","221.02","eded7858-3d16-4fe1-9d21-4093c584a875","2022-02-07 14:10:44.930"
"ALB","221.200","2","221.520","1","-54","221.54","c5ede385-c6ca-481e-be39-6ace2902fd8f","2022-02-07 14:16:32.213"
"ALB","221.320","2","221.730","2","54","221.73","9da8a85b-430b-47e4-bc35-75b06f40c2fb","2022-02-07 14:17:40.006"
"ALB","221.190","4","221.560","1","-54","221.56","8c616012-fa72-4770-a310-6fe8138c7735","2022-02-07 14:27:22.987"
"ALB","222.040","1","222.410","2","54","221.95","b5d1c572-749f-4e94-a1a8-d89973eaa0db","2022-02-07 15:00:40.651"
"ALB","222.040","1","222.400","2","54","221.95","881838ee-c425-463e-b246-bba5bcdce277","2022-02-07 15:00:40.651"
"ALB","222.080","1","222.400","2","54","221.95","e072dbef-a3a7-4f7a-945a-628ef71e2db9","2022-02-07 15:00:40.651"
"ALB","221.800","1","222.050","1","-54","222.05","c88128c5-d032-49d8-bcc9-56c5d26c090d","2022-02-07 15:01:14.876"
"ALB","221.800","1","222.050","1","-54","222.05","67d8bbc8-f519-4c24-9e14-877b74788e5a","2022-02-07 15:01:14.876"
"ALB","222.020","2","222.500","2","-54","222.51","8aefe06a-e570-4af7-bf56-d8f5d2c6d76a","2022-02-07 15:02:22.774"
"ALB","222.280","1","222.640","1","53","222.36","fd971984-529b-4cd3-9edd-ba4f622ce381","2022-02-07 15:08:09.082"
"ALB","222.280","1","222.700","1","53","222.36","d9065a00-d359-425c-988c-cc9735de0aa8","2022-02-07 15:08:09.082"
"ALB","222.510","3","222.750","1","53","222.14","48ce0b92-0693-4e8c-9b1a-faf33b259be9","2022-02-07 15:08:09.993"
"ALB","222.510","2","222.740","1","53","222.14","8ae46d80-d52b-4063-b4ea-3de2da5bc3f2","2022-02-07 15:08:09.993"
"ALB","222.260","1","222.550","1","-53","222.55","b752afa4-40f3-4f51-8892-dfa5cd6221a2","2022-02-07 15:08:46.771"
"ALB","222.260","1","222.550","1","-53","222.55","67f35adf-d14b-40e5-9bdc-64772b7e6991","2022-02-07 15:08:46.771"
"ALB","222.190","1","222.460","1","-53","222.48","00ad5d23-ce6c-44af-bbe4-e52f90b538d0","2022-02-07 15:10:38.047"
"ALB","222.280","1","222.620","2","-53","222.62","85a5d280-aa69-4aca-9da3-fa5017888bb3","2022-02-07 15:11:16.091"
"ALB","222.460","2","222.740","1","53","222.20","749dfcdc-2337-470c-8a19-6adc694f7784","2022-02-07 15:24:35.231"
"ALB","222.810","2","223.000","1","54","222.03","143c9571-14cc-490a-9372-46e07445693c","2022-02-07 15:24:50.703"
"ALB","222.310","1","222.550","1","54","222.03","d05ef807-654b-41e4-849c-4720135233a1","2022-02-07 15:24:50.703"
"ALB","222.220","1","222.490","1","-53","222.49","4446f564-d461-435f-bac5-fbd07b49b0a4","2022-02-07 15:25:13.465"
"ALB","222.220","1","222.490","1","-54","222.49","fbb47981-24cd-49ca-baa0-e324602736af","2022-02-07 15:25:13.465"
"ALB","222.620","1","222.930","1","54","222.00","d21b5da2-4b5b-49be-8b15-0329846d2d47","2022-02-07 15:26:26.498"
"ALB","222.730","2","222.930","1","54","222.00","f474fbe3-7a88-49d4-8fa3-8c003a27cd13","2022-02-07 15:26:26.498"
"ALB","222.640","1","222.930","2","54","222.00","cd06dd43-d8b8-4027-b16d-d57e3e753bb4","2022-02-07 15:26:26.498"
"ALB","222.530","2","222.710","1","54","222.00","cb906bd0-b782-4d29-aa76-38b833506b17","2022-02-07 15:26:26.498"
"ALB","221.770","2","222.120","2","-54","222.12","946778ed-52cd-4201-959f-fa073c07640e","2022-02-07 15:26:47.328"
"ALB","221.770","2","222.120","2","-54","222.12","92c0c856-24cb-459e-b0d6-be711fd71abc","2022-02-07 15:26:47.328"
"ALB","221.770","2","222.120","2","-54","222.12","0cd834f6-89b6-4645-86ff-e21ff0a10335","2022-02-07 15:26:47.328"
"ALB","222.700","2","223.110","2","54","221.83","a9aeeaf9-3220-48fa-b09d-c3236fc79c86","2022-02-07 15:27:07.067"
"ALB","222.710","1","223.010","3","54","221.83","84bb3e10-3139-4807-9517-439dec3a39d9","2022-02-07 15:27:07.067"
"ALB","222.740","1","222.990","1","54","221.83","0978d977-3e40-425b-b528-99346815a5e3","2022-02-07 15:27:07.067"
"ALB","222.730","1","223.070","2","54","221.83","c31ae6f9-48f0-48ce-b040-7550dcbc60d8","2022-02-07 15:27:07.067"
"ALB","222.790","1","223.070","2","54","221.83","5c96214c-0a21-4614-9b2c-8518475d493b","2022-02-07 15:27:07.067"
"ALB","222.770","1","222.980","2","54","221.83","71e21b09-6592-48aa-ae9e-c84068c9e28d","2022-02-07 15:27:07.067"
"ALB","222.700","1","223.000","1","54","221.83","26b444c1-703a-4c05-b973-4a1a7b63f636","2022-02-07 15:27:07.067"
"ALB","222.700","1","222.960","1","54","221.83","dfa8b322-2326-4c6b-b7f3-c04af94da4f3","2022-02-07 15:27:07.067"
"ALB","222.620","2","222.920","1","54","221.83","fb57eea2-a14d-4e58-8d59-54f9e0c4cb9b","2022-02-07 15:27:07.067"
"ALB","221.200","1","221.510","2","-54","221.51","1661c532-86a3-486c-8da9-cc7024e07035","2022-02-07 15:29:20.033"
"ALB","221.200","1","221.510","2","-54","221.51","123c11d8-5230-4fe2-87cc-b4865fcaa624","2022-02-07 15:29:20.033"
"ALB","221.200","1","221.510","2","-54","221.51","ccd13086-685d-47a1-9995-7f00428c5db2","2022-02-07 15:29:20.033"
"ALB","221.200","1","221.510","2","-54","221.51","0d930e73-5e94-4261-bc07-3dec1fdf033e","2022-02-07 15:29:20.033"
"ALB","221.200","1","221.510","2","-54","221.51","6658c3a1-2663-48d7-addc-373dd6d53577","2022-02-07 15:29:20.033"
"ALB","221.200","1","221.510","2","-54","221.51","d649e392-d22c-4a6d-a06a-0af104e807de","2022-02-07 15:29:35.229"
"ALB","221.200","1","221.510","2","-54","221.51","4a8aebf2-3334-4d9b-a4bf-6551e7ccce28","2022-02-07 15:29:35.229"
"ALB","221.200","1","221.510","2","-54","221.51","d77ebc68-1ccc-4410-9bd7-c071b7671112","2022-02-07 15:29:35.229"
"ALB","221.360","1","221.610","1","-54","221.61","2c63e5a2-dcc5-4cb3-88a3-4cc2d0d24f98","2022-02-07 15:30:08.425"
"ALB","220.180","1","220.460","1","-108","220.18","73460271-9c3b-4a76-bc54-82f3a08ad610","2022-02-07 15:48:00.006"
"ALC","76.930","1","77.000","7","156","76.90","6f76d996-da77-4fae-aea1-771900c584c9","2022-02-07 10:13:31.089"
"ALC","76.930","1","77.000","7","156","76.90","8bd2fb54-af7e-4b0a-a6f6-6eaf81908816","2022-02-07 10:13:31.089"
"ALC","76.880","8","76.960","7","-156","76.96","07b66024-6d88-4a1f-8900-114c97f096e4","2022-02-07 10:14:52.969"
"ALC","76.880","8","76.960","7","-156","76.96","d702dfa6-d382-4bfc-8e44-0b6cc08d4b78","2022-02-07 10:14:52.969"
"ALC","76.940","1","76.980","7","155","76.92","25caeccc-7f1e-4159-8f1a-a5cea00b17f7","2022-02-07 10:25:23.745"
"ALC","76.960","3","77.020","8","-155","77.02","2edf2adc-f250-4d31-97b7-55ae407c5305","2022-02-07 10:27:33.102"
"ALC","76.970","2","77.000","7","155","76.93","4a410496-a2d0-4648-b93e-a116f26b6b5c","2022-02-07 10:30:38.792"
"ALC","76.980","1","77.020","7","155","76.93","9b043b04-27f0-4ca4-902b-623228f57edc","2022-02-07 10:30:38.792"
"ALC","76.800","2","76.850","3","-155","76.85","c7823c37-8d95-4d0e-b6eb-b535844820de","2022-02-07 10:42:10.314"
"ALC","76.800","2","76.850","3","-155","76.85","d7bc9be4-9c2a-47e8-8c4b-460a96abca5f","2022-02-07 10:42:10.314"
"ALC","77.000","7","77.060","7","156","76.82","203f2c81-63cc-49af-a17c-49903865ef32","2022-02-07 10:44:25.777"
"ALC","77.000","7","77.060","7","156","76.82","7c9689e2-262d-46e9-8ff6-8874c0e641d7","2022-02-07 10:44:25.777"
"ALC","76.960","1","77.020","9","156","76.82","c89b7727-f840-40cc-9b8c-569aa347fc94","2022-02-07 10:44:25.777"
"ALC","76.920","9","76.980","7","156","76.82","b0f768dc-1264-4785-933d-df9a795241ab","2022-02-07 10:44:25.777"
"ALC","76.800","9","76.890","3","-156","76.90","45fab088-a900-45b7-aefe-4fd47ea2b368","2022-02-07 10:45:06.374"
"ALC","76.800","9","76.890","3","-156","76.90","bc777839-596f-410a-9321-eae0081789b4","2022-02-07 10:45:06.374"
"ALC","76.840","9","76.910","2","-156","76.91","c9aed919-a8c3-4528-af9c-048ec1ff94ac","2022-02-07 10:45:26.990"
"ALC","76.830","3","76.900","7","-156","76.90","d05d9b96-e08a-47c1-9a43-db29ecf2a7c6","2022-02-07 10:46:57.397"
"ALC","76.990","2","77.040","7","156","76.77","f9be09e4-74a1-4256-ac52-e58d658b3b4c","2022-02-07 10:49:15.197"
"ALC","76.990","2","77.040","7","156","76.77","318a32e4-573d-432d-9419-ca79e018f840","2022-02-07 10:49:15.197"
"ALC","77.000","7","77.060","7","156","76.77","c336ebf8-2e19-46f1-baa7-8c9dbbc1fde1","2022-02-07 10:49:15.197"
"ALC","77.000","7","77.060","7","156","76.77","46c7a3a4-89cf-468c-8754-403ac3e78a5b","2022-02-07 10:49:15.197"
"ALC","76.740","10","76.830","1","-156","76.85","6ea44508-6590-48b2-89d9-2b1e466a7b6e","2022-02-07 10:51:52.587"
"ALC","76.740","10","76.830","1","-156","76.85","e1207158-6dc5-4911-8078-b9ac3401e979","2022-02-07 10:51:52.587"
"ALC","76.740","10","76.830","1","-156","76.85","b4c6916a-7b63-4fe3-b75f-f5bdd8154d4e","2022-02-07 10:51:52.587"
"ALC","76.740","10","76.830","1","-156","76.85","ed97d623-4762-4459-af0b-05a88322362e","2022-02-07 10:51:52.587"
"ALC","76.820","9","76.900","7","156","76.86","eb854f6b-16dd-4e82-b035-0fca36363436","2022-02-07 10:54:12.550"
"ALC","76.820","9","76.900","7","-156","76.90","55022f06-cbd9-49aa-9a5d-7c7851d406ef","2022-02-07 10:55:33.748"
"ALC","76.980","1","77.050","7","156","76.89","76990ced-4360-4e54-a781-d7bf0fe63b67","2022-02-07 11:24:59.162"
"ALC","76.980","1","77.050","7","156","76.89","d1ed1b30-7681-4776-9766-ec589f242cf7","2022-02-07 11:24:59.162"
"ALC","76.970","2","77.050","1","156","76.89","ae912104-6673-49ad-9012-0da3c43f6a95","2022-02-07 11:24:59.162"
"ALC","76.970","5","77.030","2","-156","77.03","de596310-3ff5-40c4-a842-7fa6d0fc641a","2022-02-07 11:27:49.981"
"ALC","76.980","6","77.050","1","-156","77.05","f34b1525-3ec7-4bf7-a2f8-c64cab711793","2022-02-07 11:27:59.166"
"ALC","76.930","1","76.960","1","-156","76.96","e22698fe-a241-42a4-ba0f-928ad4ad17dc","2022-02-07 11:33:46.462"
"ALC","76.960","1","77.000","8","156","76.81","387d697f-b4df-4947-86a8-ec90adffa3e9","2022-02-07 11:40:40.960"
"ALC","76.980","2","77.030","1","156","76.81","10203b9e-aa89-4927-a8e8-8775ade447c1","2022-02-07 11:40:40.960"
"ALC","76.980","7","77.060","7","156","76.81","3fb69aa6-8269-4717-991f-a043484c0515","2022-02-07 11:40:40.960"
"ALC","76.980","7","77.060","7","156","76.81","3832dad1-91d6-4f05-8674-381264fb6f5c","2022-02-07 11:40:40.960"
"ALC","76.980","7","77.060","7","156","76.81","dcb3a131-b34f-4f64-bca8-70bd4f8d7eed","2022-02-07 11:40:40.960"
"ALC","76.980","7","77.060","7","156","76.81","7f7ad426-ee8a-4c63-8186-4c2f20c585ad","2022-02-07 11:40:40.960"
"ALC","76.510","2","76.670","1","-156","76.67","4f1c234a-8cbe-4579-9843-f52118de1fbe","2022-02-07 11:47:00.043"
"ALC","76.510","2","76.670","1","-156","76.67","f40ad4ea-d432-41d0-a067-3542b09bd5d9","2022-02-07 11:47:00.043"
"ALC","76.510","2","76.670","1","-156","76.67","2c2e4620-4559-4c69-b1bd-00cf0f325d2b","2022-02-07 11:47:00.043"
"ALC","76.510","2","76.670","1","-156","76.67","2ba5ec7b-e8ee-4e64-8cf3-8f839995ad8c","2022-02-07 11:47:00.043"
"ALC","76.510","2","76.670","1","-156","76.67","211f8d60-06f7-416d-8367-bb7f0ff78af0","2022-02-07 11:47:00.043"
"ALC","76.590","2","76.670","1","-156","76.67","1ea94579-af9f-4d12-9cfc-bed63e39ba16","2022-02-07 11:47:45.294"
"ALC","76.630","3","76.730","1","155","76.73","e8fff6f8-02c0-49f7-8310-442e00f32651","2022-02-07 11:51:10.006"
"ALC","76.700","1","76.810","1","-155","76.81","c687c06b-fef5-4c3e-8da0-680ffa70b4bd","2022-02-07 11:54:41.846"
"ALC","76.730","3","76.810","1","155","76.81","daeb54b1-debc-402b-aa30-bbcbda707c89","2022-02-07 11:54:50.006"
"ALC","76.640","2","76.800","3","-155","76.80","76cb6adb-23e3-43f0-a2fd-de7cc9f9680e","2022-02-07 12:04:12.548"
"ALC","76.660","3","76.800","1","156","76.59","3f6053ef-82d8-4a01-8f13-198a65ea92ba","2022-02-07 12:09:46.796"
"ALC","76.660","3","76.800","1","156","76.59","76ee54d9-5212-427a-b3ab-a2ffbbc126dc","2022-02-07 12:09:46.796"
"ALC","76.670","2","76.790","1","156","76.59","7f47bdca-0449-442c-934a-c913b624757c","2022-02-07 12:09:46.796"
"ALC","76.670","2","76.790","1","156","76.59","e44875ea-9916-4ed5-a87e-9d17a010888f","2022-02-07 12:09:46.796"
"ALC","76.800","2","76.860","7","156","76.54","209b3e2f-1611-499f-91b5-9067b54df6e9","2022-02-07 12:16:12.429"
"ALC","76.860","1","76.880","1","156","76.54","dc55325c-750c-4cc7-8239-dd2b58ee0bce","2022-02-07 12:16:12.429"
"ALC","76.860","1","76.880","1","156","76.54","1c002a3f-f1a3-4c88-be5c-1015af4e077e","2022-02-07 12:16:12.429"
"ALC","76.870","1","76.900","7","156","76.54","72c23244-d543-4cbf-8086-94a6ffa36920","2022-02-07 12:16:12.429"
"ALC","76.870","2","76.900","7","156","76.54","51d4bbbd-b274-47f0-9958-c9382cf5a6eb","2022-02-07 12:16:12.429"
"ALC","76.890","2","76.920","7","156","76.54","c4dfe286-3de1-4809-b582-81b644c94329","2022-02-07 12:16:12.429"
"ALC","76.890","3","76.920","7","156","76.54","fcdf5fba-bfa5-4fe6-bd4b-fbbf2daabd10","2022-02-07 12:16:12.429"
"ALC","76.890","3","76.920","7","156","76.54","b74ad63d-ac8d-4fed-bd43-c0ab3d7c0f8d","2022-02-07 12:16:12.429"
"ALC","76.890","3","76.900","5","156","76.54","c0e0384d-67a8-41ca-8a51-c43e5fa12ef4","2022-02-07 12:16:12.429"
"ALC","76.890","3","76.900","5","156","76.54","79bbd099-d3ae-45fe-9bef-24b343a5f1fd","2022-02-07 12:16:12.429"
"ALC","76.930","4","77.000","3","156","76.54","14a2feae-292e-49fa-b17a-5c4f5b6f06a9","2022-02-07 12:16:12.429"
"ALC","76.560","1","76.600","1","-156","76.60","4b67a283-f6ed-4f05-b97b-fabbbbc96779","2022-02-07 12:20:00.189"
"ALC","76.560","1","76.600","1","-156","76.60","cb6df002-a30d-4397-a5a5-f1393d2edd07","2022-02-07 12:20:00.189"
"ALC","76.560","1","76.600","1","-156","76.60","1dd5f480-9c2e-4270-8208-f33bd632342b","2022-02-07 12:20:00.189"
"ALC","76.560","1","76.600","1","-156","76.60","9c31eaf1-32bb-429c-a6b3-aebefa160672","2022-02-07 12:20:00.189"
"ALC","76.560","1","76.600","1","-156","76.60","5e64b9e7-3312-407d-8457-6d8329316950","2022-02-07 12:20:00.189"
"ALC","76.560","1","76.600","1","-156","76.60","fd84d0f1-8b25-4b83-be30-9f0037269db1","2022-02-07 12:20:00.189"
"ALC","76.560","1","76.600","1","-156","76.60","e30b5b61-cd0d-47cf-b0b5-e11cb9577284","2022-02-07 12:20:00.189"
"ALC","76.560","1","76.600","1","-156","76.60","2aa139e6-4bc0-444c-8f92-3277ca4a41a7","2022-02-07 12:20:00.189"
"ALC","76.560","1","76.600","1","-156","76.60","34c49b39-3f85-4896-a46c-9a2551271fb4","2022-02-07 12:20:00.189"
"ALC","76.560","1","76.600","1","-156","76.60","6baa4e71-fd86-4abe-93fe-d9976cfa9cc4","2022-02-07 12:20:00.189"
"ALC","76.560","1","76.600","1","-156","76.60","c332a506-c41f-4cc7-91bb-3827167f6aef","2022-02-07 12:20:00.189"
"ALC","76.560","1","76.600","1","-156","76.60","23ae91ab-44c0-4a31-a9e4-fed29015e6e6","2022-02-07 12:20:00.189"
"ALC","76.560","1","76.600","1","-156","76.65","b640b01e-99ed-4009-b906-374a1c248368","2022-02-07 12:20:36.422"
"ALC","76.560","1","76.600","1","-156","76.65","21e0956c-8ea6-455e-b25d-e08f3897ecae","2022-02-07 12:20:36.422"
"ALC","76.650","2","76.690","1","-156","76.69","b919260d-f12a-4d7a-9a35-e90afc42e278","2022-02-07 12:21:31.318"
"ALC","76.670","2","76.710","1","156","76.66","6209b21a-3e1a-40e3-bd86-756f84865b00","2022-02-07 12:25:08.931"
"ALC","76.660","2","76.730","1","156","76.66","0e3d1980-9cd2-458c-b25e-825da67b98ba","2022-02-07 12:25:08.931"
"ALC","76.530","3","76.580","2","-156","76.58","54b54bbb-f102-477d-a72d-d0c1fb324cc2","2022-02-07 12:32:01.962"
"ALC","76.580","1","76.610","2","-156","76.61","f63fe5e9-6fa3-44a0-9f98-08bdbc55fa20","2022-02-07 12:32:13.013"
"ALC","76.590","1","76.670","1","156","76.58","6e2f1ff4-bbc8-47a3-bfd3-699b45fe63bf","2022-02-07 12:38:20.365"
"ALC","76.590","1","76.670","1","156","76.58","5e4368b6-0e70-4bf6-a414-0651445f0452","2022-02-07 12:38:20.365"
"ALC","76.590","2","76.680","2","156","76.56","3330b43f-de0d-454a-84a9-ac2f259807a1","2022-02-07 12:38:32.002"
"ALC","76.590","2","76.680","2","156","76.56","af6da6b9-6941-49df-bc38-bc90dd5331b2","2022-02-07 12:38:32.002"
"ALC","76.590","2","76.680","2","156","76.56","be880646-df08-4a04-9ac7-2d341b3e763b","2022-02-07 12:38:32.002"
"ALC","76.590","2","76.680","2","156","76.56","c81d8b8d-daca-42f0-a7ab-7eec7a2b7289","2022-02-07 12:38:32.002"
"ALC","76.590","1","76.680","2","156","76.56","233867be-ea5b-4f8b-8b19-021cf7696bee","2022-02-07 12:38:32.002"
"ALC","76.590","1","76.680","2","156","76.56","fdf1a0c6-5fd9-4c03-8eff-7401b4b108eb","2022-02-07 12:38:32.002"
"ALC","76.590","1","76.680","2","156","76.56","9f2ef75d-31c6-4b86-8539-a6a1cc0b1c3a","2022-02-07 12:38:32.002"
"ALC","76.590","1","76.680","2","156","76.56","4e11246d-eeb3-4cb4-a89f-b5bb465d5cbf","2022-02-07 12:38:32.002"
"ALC","76.590","1","76.670","1","156","76.56","7483e100-706c-4b54-beb0-57109eed2330","2022-02-07 12:38:32.002"
"ALC","76.590","1","76.670","1","156","76.56","041b325c-d3b5-418f-adfe-55ea4678106f","2022-02-07 12:38:32.002"
"ALC","76.530","1","76.630","2","-156","76.63","7abae2c3-82e0-4e27-97f2-9a5ad38a201f","2022-02-07 12:44:40.170"
"ALC","76.530","1","76.630","2","-156","76.63","11cea840-0b85-4120-87e0-200fda54dcd8","2022-02-07 12:44:40.170"
"ALC","76.530","1","76.630","2","-156","76.63","2956a176-12d4-4f29-a97f-222a76af3e32","2022-02-07 12:44:40.170"
"ALC","76.530","2","76.620","1","-156","76.62","614eff88-52d8-4953-8c97-6bd6f23a18d6","2022-02-07 12:45:48.291"
"ALC","76.530","2","76.620","1","-156","76.62","fd82b385-96f5-41df-9b4d-12516b4e51f8","2022-02-07 12:45:48.291"
"ALC","76.530","2","76.620","1","-156","76.62","28053c64-1b33-422e-95c9-c992feda9907","2022-02-07 12:45:48.291"
"ALC","76.530","2","76.620","1","-156","76.62","c11f2696-9f8e-46de-8c4a-34b0546cd720","2022-02-07 12:45:48.291"
"ALC","76.530","2","76.620","1","-156","76.62","e4b02b1c-9c8c-4984-bd01-ea76e60c9097","2022-02-07 12:45:48.291"
"ALC","76.530","2","76.620","1","-156","76.62","eecd024b-27db-415e-a271-2a6b0b18a600","2022-02-07 12:46:09.094"
"ALC","76.530","2","76.620","1","-156","76.62","69308fa7-9a4e-4155-bbdb-85bec120985b","2022-02-07 12:46:09.094"
"ALC","76.530","2","76.620","1","-156","76.62","577579ef-88e9-467d-aba8-a03940a3d8e8","2022-02-07 12:46:09.094"
"ALC","76.550","2","76.620","1","-156","76.62","a4d944bb-1dc3-448c-89e7-7f68cffe4a8b","2022-02-07 12:46:14.476"
"ALC","77.150","2","77.210","12","155","77.09","4f2120d3-7c9c-45f7-a207-e56e9cb9fdde","2022-02-07 13:45:45.880"
"ALC","77.150","2","77.210","12","155","77.09","da6de53a-d256-4d82-b219-38c8ed04af67","2022-02-07 13:45:45.880"
"ALC","77.000","1","77.060","3","-155","77.06","7837aa7b-8b93-440c-8766-8790327a61a3","2022-02-07 13:54:06.511"
"ALC","77.000","2","77.060","3","-155","77.06","b5187c2a-8c60-4132-abde-6808dbfea21e","2022-02-07 13:54:06.511"
"ALC","77.050","5","77.150","3","155","77.06","98c6effd-47c2-4e77-9c4b-6275a4a52d27","2022-02-07 13:56:32.010"
"ALC","77.170","12","77.240","3","-155","77.24","e48cbdbc-d7cf-42fa-9067-a0a0434ccba6","2022-02-07 13:59:55.020"
"ALC","77.380","1","77.470","1","155","77.30","9f113a38-8d5a-4f37-bfd9-3eb779b4de26","2022-02-07 14:50:07.361"
"ALC","77.310","3","77.380","3","155","77.30","53efb629-7c9e-4224-bda3-5272d85f8754","2022-02-07 14:50:07.361"
"ALC","77.310","3","77.380","3","155","77.30","a2f666e8-4cfa-44e4-a2ae-3dc0381bedac","2022-02-07 14:50:07.361"
"ALC","77.390","1","77.490","2","155","77.26","a8ee5e39-8515-4641-aee4-3b1b03cbaafc","2022-02-07 14:50:21.161"
"ALC","77.390","1","77.480","2","155","77.26","a21a5304-934a-4725-b40b-39723400ad20","2022-02-07 14:50:21.161"
"ALC","77.390","1","77.480","2","155","77.26","385dd5a9-2297-45c8-9b4f-253dd4f1dab1","2022-02-07 14:50:21.161"
"ALC","77.380","2","77.470","1","155","77.26","80af49d1-200b-4968-800c-05d78457817a","2022-02-07 14:50:21.161"
"ALC","77.380","1","77.470","3","155","77.26","376dd08c-fab7-427f-8a46-81c893edcdd1","2022-02-07 14:50:21.161"
"ALC","77.380","1","77.470","3","155","77.26","3b29560c-45f1-4f07-9cc8-87d80ba0bfbf","2022-02-07 14:50:21.161"
"ALC","77.380","1","77.470","1","155","77.26","3f24b970-c6eb-423a-bb8e-0987eb0bfaee","2022-02-07 14:50:21.161"
"ALC","77.270","2","77.340","1","-155","77.34","0ca45ee5-f415-4dec-bf3d-10ba91ae087f","2022-02-07 14:55:40.632"
"ALC","77.270","2","77.340","1","-155","77.34","e71117b8-e079-4f2b-a62d-b399b10da3e7","2022-02-07 14:55:40.632"
"ALC","77.270","2","77.340","1","-155","77.34","04f51c03-2d33-4e73-84e3-bd30fbc3265a","2022-02-07 14:55:40.632"
"ALC","77.270","2","77.340","1","-155","77.34","903d3482-72ee-4088-aeed-fe5850946870","2022-02-07 14:55:40.632"
"ALC","77.270","2","77.340","1","-155","77.34","1efc8c92-1561-4ccf-ba16-671e8293f09b","2022-02-07 14:55:40.632"
"ALC","77.270","2","77.340","1","-155","77.34","390df796-fc8f-4e81-b67b-f4c0823950e2","2022-02-07 14:55:40.632"
"ALC","77.270","2","77.340","1","-155","77.34","39dc2517-8628-4870-b1c3-536502603fef","2022-02-07 14:55:40.632"
"ALC","77.270","2","77.340","1","-155","77.34","313d5021-90a8-4a7c-8741-dc470843535f","2022-02-07 14:55:40.632"
"ALC","77.270","4","77.340","1","-155","77.34","036ce0a0-935c-471e-9866-6549c10dbe32","2022-02-07 14:55:40.632"
"ALC","77.270","4","77.340","1","-155","77.34","8598b9f9-99ee-452d-902e-c2435b199293","2022-02-07 14:55:40.632"
"ALC","77.330","2","77.400","3","155","77.27","f75da4a2-e56c-47d9-b411-6f00bec90bd2","2022-02-07 15:20:26.289"
"ALC","77.330","2","77.400","3","155","77.27","73d67ddf-3e79-48e5-b63c-bce2cc689925","2022-02-07 15:20:26.289"
"ALC","77.330","2","77.400","3","155","77.27","7a55fba0-c3a8-4c32-afdb-fde3a7728ed2","2022-02-07 15:20:26.289"
"ALC","77.310","3","77.370","1","155","77.27","7c929d99-bcf4-4830-ac2e-6824746ecf93","2022-02-07 15:20:26.289"
"ALC","77.310","2","77.390","2","155","77.27","5b86d7b8-bc3b-429a-9642-239048374062","2022-02-07 15:20:26.289"
"ALC","77.330","2","77.380","1","155","77.27","0eae66f8-527d-4480-b762-108360b86b77","2022-02-07 15:20:26.289"
"ALC","77.330","2","77.380","1","155","77.27","47b67d03-ab01-45cc-8cf2-600ece982aba","2022-02-07 15:20:26.289"
"ALC","77.330","2","77.380","1","155","77.27","0d00d0eb-6e0b-491e-bfbc-f957cac7c2ad","2022-02-07 15:20:26.289"
"ALC","77.300","1","77.330","1","-155","77.33","39a4505d-2a90-47c0-a347-5acc69e6b6a7","2022-02-07 15:21:50.808"
"ALC","77.300","1","77.330","1","-155","77.33","023c8402-aebb-4f81-8fc7-8c3938e27950","2022-02-07 15:21:50.808"
"ALC","77.300","1","77.330","1","-155","77.33","71e96c3a-1dd2-458b-b1aa-bb631be05b01","2022-02-07 15:21:50.808"
"ALC","77.300","1","77.330","1","-155","77.33","2b3f1b20-bc68-473d-a289-71c1e5246256","2022-02-07 15:21:50.808"
"ALC","77.300","5","77.360","2","155","77.24","b3ebd6d6-626d-4a92-95d7-3821882e36ad","2022-02-07 15:23:07.949"
"ALC","77.140","3","77.170","1","-155","77.17","9ea88e55-ea86-40e1-b173-c89d74ff0ce8","2022-02-07 15:28:22.684"
"ALC","77.140","1","77.180","1","-155","77.18","557ccb99-6a32-43af-b0e3-0274b4248552","2022-02-07 15:28:22.764"
"ALC","77.140","1","77.180","1","-155","77.18","b31fd6b4-4ba2-4cec-bc99-698529660ec1","2022-02-07 15:28:22.764"
"ALC","77.140","1","77.180","1","-155","77.18","331c187e-6f3a-4fb4-93f1-a97f612f6799","2022-02-07 15:28:22.764"
"ALC","77.140","1","77.180","1","-155","77.18","8620974e-d9e9-436a-a502-07d3c4b42203","2022-02-07 15:28:22.764"
"AEE","86.650","1","86.720","1","138","86.37","4d8c361c-62aa-4694-9e83-4d5295b90e01","2022-02-07 09:58:16.061"
"AEE","86.650","1","86.720","1","138","86.37","db2ac307-cdf3-4b97-a998-fc00c1d3b0cb","2022-02-07 09:58:16.061"
"AEE","86.660","1","86.720","2","138","86.37","70861d8c-aaec-4e77-8163-e6ee6c29bfcb","2022-02-07 09:58:16.061"
"AEE","86.670","1","86.740","2","138","86.37","b8ea59f4-fd01-4299-827c-705ed0d0afe6","2022-02-07 09:58:16.061"
"AEE","86.630","1","86.690","4","138","86.37","e08b0c4d-538a-4b94-b234-978273c507b1","2022-02-07 09:58:16.061"
"AEE","86.490","1","86.550","1","-138","86.55","42394917-fb65-493e-b624-7fd9a1aaa885","2022-02-07 10:00:05.250"
"AEE","86.490","1","86.550","1","-138","86.55","d68749ae-b25e-43ae-9ec5-4299324402d0","2022-02-07 10:00:05.250"
"AEE","86.500","1","86.600","1","-138","86.60","ac8dc8bf-b507-4b21-b2fb-c7d526fcb97b","2022-02-07 10:00:14.512"
"AEE","86.500","1","86.600","1","-138","86.60","b773a20b-db08-4076-b873-ea07967c9638","2022-02-07 10:00:14.512"
"AEE","86.550","1","86.640","1","-138","86.64","1c6dcb6c-32ce-4184-91c1-f5417929064c","2022-02-07 10:00:24.725"
"AEE","86.980","2","87.020","2","138","86.88","c93914fa-3f85-4a7a-b59f-7b8133c45dbd","2022-02-07 10:43:12.029"
"AEE","86.980","1","87.020","2","138","86.88","c5376836-e95a-4e48-844f-a3fa2f9d1c6f","2022-02-07 10:43:12.029"
"AEE","87.010","1","87.020","2","138","86.88","4ba82bcf-c842-42ba-be0c-5001298ada96","2022-02-07 10:43:12.029"
"AEE","86.980","5","87.020","1","138","86.88","4bc26d2e-c8e8-4e64-896c-81b6b1fd7c06","2022-02-07 10:43:12.029"
"AEE","86.990","2","87.030","4","138","86.88","39a29476-dd47-4761-8fbc-c625f075c1d2","2022-02-07 10:43:12.029"
"AEE","86.970","2","87.010","2","138","86.88","1771a0c4-1c2c-4b8c-ab6d-9d991c8513cc","2022-02-07 10:43:12.029"
"AEE","86.980","3","87.010","1","138","86.88","e2133344-ef72-4240-9e83-81255def5778","2022-02-07 10:43:12.029"
"AEE","86.990","3","87.030","2","138","86.88","ddb5f6fb-da6d-4764-8ddb-97085adbf4d1","2022-02-07 10:43:12.029"
"AEE","86.830","1","86.860","1","-138","86.86","7f53b343-5939-46dd-a4d0-605dd4c1140d","2022-02-07 10:44:55.055"
"AEE","86.840","2","86.870","2","-138","86.87","c1397d6c-d345-4d8c-ae32-95da34ffac9f","2022-02-07 10:45:05.597"
"AEE","86.840","2","86.870","2","-138","86.87","ae76edaa-3772-49ca-b209-c73731ab6a3d","2022-02-07 10:45:05.597"
"AEE","86.840","2","86.870","2","-138","86.87","62d75b54-ed89-4243-bd69-2a3a44cb1dac","2022-02-07 10:45:05.597"
"AEE","86.840","2","86.870","2","-138","86.87","82ca1a51-7dbc-4145-a74d-4027ded69bc2","2022-02-07 10:45:05.597"
"AEE","86.870","1","86.900","1","-138","86.90","8c1f80e7-499e-49c4-a5e0-e6069397f9ec","2022-02-07 10:45:14.687"
"AEE","86.870","1","86.900","1","-138","86.90","576393a7-c5fb-4177-9113-410b58283540","2022-02-07 10:45:14.687"
"AEE","86.860","8","86.890","1","-138","86.89","36232fe9-ded2-48b0-b327-f3e97261677e","2022-02-07 10:47:00.724"
"AEE","86.960","6","87.040","2","138","86.76","c592adc5-26ff-4b9d-9e9a-068e7f6aeb3c","2022-02-07 10:51:59.610"
"AEE","86.730","1","86.780","1","-138","86.78","e8d0ae94-5ba1-4415-9c74-4bee19a2a745","2022-02-07 10:56:51.250"
"AEE","86.660","2","86.740","4","138","86.53","16286df1-11dc-4e65-abc9-a74e22e40d97","2022-02-07 11:02:38.556"
"AEE","86.660","2","86.740","4","138","86.53","734a3d8a-d183-4cc6-a667-8de5af87ee1f","2022-02-07 11:02:38.556"
"AEE","86.710","2","86.770","1","138","86.53","e23120c2-6a51-4a77-94c4-fe5a6b0afe4f","2022-02-07 11:02:38.556"
"AEE","86.770","2","86.870","1","138","86.51","b210c3aa-5a93-4aa0-9d42-57a2477c8bea","2022-02-07 11:03:06.311"
"AEE","86.770","1","86.840","2","138","86.51","a1482893-994e-4790-9936-e09866277263","2022-02-07 11:03:06.311"
"AEE","86.770","1","86.840","2","138","86.51","493e1eb2-ce2d-4a72-9691-b186e2978b5c","2022-02-07 11:03:06.311"
"AEE","86.760","1","86.830","1","138","86.51","acd8dee9-d599-4edd-848e-f938e99c708b","2022-02-07 11:03:06.311"
"AEE","86.760","2","86.840","1","138","86.51","da38a086-c08f-4d87-886f-bb272a279018","2022-02-07 11:03:06.311"
"AEE","86.740","2","86.840","1","138","86.51","bd5db6f6-a345-497e-8a21-e5bd8782b30a","2022-02-07 11:03:06.311"
"AEE","86.490","1","86.540","3","-138","86.54","f877d766-f325-4ee6-88b8-ecd825416bb1","2022-02-07 11:03:14.312"
"AEE","86.490","1","86.540","3","-138","86.54","7fabf16a-5923-41f9-a86d-a94f1f72b60e","2022-02-07 11:03:14.312"
"AEE","86.510","1","86.550","1","-138","86.55","f90fc43c-7a84-4258-ac21-b1d6b53ec633","2022-02-07 11:03:30.536"
"AEE","86.510","1","86.550","1","-138","86.55","52aef3b9-0934-460b-b1cb-5d36a3190d47","2022-02-07 11:03:30.536"
"AEE","86.510","1","86.550","1","-138","86.55","7f9d104e-410a-4f85-bedb-68358c62bfc5","2022-02-07 11:03:30.536"
"AEE","86.510","1","86.550","1","-138","86.55","4383eeb1-d37d-4d0f-9184-5fb1b7fba8e9","2022-02-07 11:03:30.536"
"AEE","86.510","1","86.550","1","-138","86.55","ec4ad57f-988e-4c5e-93b0-ac42c2367b05","2022-02-07 11:03:30.536"
"AEE","86.510","1","86.550","1","-138","86.55","0ebdf173-db68-41bd-a429-e2576c76f931","2022-02-07 11:03:30.536"
"AEE","86.530","3","86.590","1","-138","86.59","95cd2a97-8941-4871-a263-87df0134b1bd","2022-02-07 11:03:46.945"
"AEE","86.590","3","86.650","2","138","86.60","34d0ee31-b9e7-4507-abb9-f00d8e5084c1","2022-02-07 11:16:10.907"
"AEE","86.610","1","86.650","2","-138","86.65","8b5126e5-95f7-401a-9c4e-7ee635556e0d","2022-02-07 11:17:12.262"
"AEE","87.120","1","87.160","1","137","87.13","8e8cbce9-c22b-4ab7-9a37-06686b1ff64a","2022-02-07 12:12:22.065"
"AEE","87.110","1","87.150","1","-137","87.15","ebbdeb03-aeb1-4920-a825-d3add48e43e0","2022-02-07 12:13:37.915"
"AEE","87.220","3","87.240","1","137","87.15","728e6073-755c-4b0e-a66c-dc90e929804b","2022-02-07 12:56:09.585"
"AEE","87.150","3","87.180","4","137","87.06","b93f7c5f-10f2-47d8-b543-c653e78997ee","2022-02-07 12:56:42.781"
"AEE","87.150","3","87.180","4","137","87.06","1311777a-d60c-469b-9c8d-b018cea9ce1d","2022-02-07 12:56:42.781"
"AEE","87.150","3","87.180","4","137","87.06","e8134dd2-dcc4-41bc-ab13-a7cf04a7fa04","2022-02-07 12:56:42.781"
"AEE","87.170","3","87.180","4","137","87.06","1116dc4f-11eb-4deb-b2bd-d27089e1e202","2022-02-07 12:56:42.781"
"AEE","87.170","3","87.180","4","137","87.06","2301edf4-90c8-44ac-a476-511dcbdad5a7","2022-02-07 12:56:42.781"
"AEE","87.170","3","87.180","4","137","87.06","0beef566-c823-4b68-9aa6-f73b5d01ff86","2022-02-07 12:56:42.781"
"AEE","87.200","2","87.210","1","137","87.06","eaedb133-c05e-4a99-9142-3dd3056d99d5","2022-02-07 12:56:42.781"
"AEE","87.190","2","87.210","3","137","87.06","19086f92-cb14-443f-8e6d-6d71df3247e0","2022-02-07 12:56:42.781"
"AEE","87.190","2","87.210","3","137","87.06","84baaa5f-4f8a-43de-b742-3541b547ad9a","2022-02-07 12:56:42.781"
"AEE","87.200","2","87.210","1","137","87.06","02cb5cbe-1a1d-49fe-b5c0-32702c895f5c","2022-02-07 12:56:42.781"
"AEE","87.200","2","87.220","1","137","87.06","8f8c558c-1cf1-4fa8-a9d9-1aa301a7eb0d","2022-02-07 12:56:42.781"
"AEE","87.090","2","87.120","2","-137","87.12","f40a7367-48a8-44cb-ae9e-d649eb31493a","2022-02-07 13:00:14.158"
"AEE","87.090","2","87.120","2","-137","87.12","9fa6f349-e53b-4c8d-bf65-a2bf39a4ff9f","2022-02-07 13:00:14.158"
"AEE","87.090","2","87.120","2","-137","87.12","7220493d-589e-4737-b623-dabf111b9f5b","2022-02-07 13:00:14.158"
"AEE","87.090","2","87.120","2","-137","87.12","7ab56c77-9bbd-4e5e-a92b-a6e41df60142","2022-02-07 13:00:14.158"
"AEE","87.070","2","87.100","1","-137","87.10","a9c7094c-0376-4403-8393-356cd68b1323","2022-02-07 13:01:32.495"
"AEE","87.070","2","87.100","1","-137","87.10","f7baedfa-2a63-4c60-918a-7a46b9925f58","2022-02-07 13:01:32.495"
"AEE","87.070","2","87.100","1","-137","87.10","9b1fbe24-3aa5-47bd-babc-93ac79428e16","2022-02-07 13:01:32.495"
"AEE","87.060","4","87.100","1","-137","87.10","f67acd34-37c1-4b1b-a236-f82fb3e0deb0","2022-02-07 13:01:32.495"
"AEE","87.060","4","87.100","1","-137","87.10","b4467354-c564-48c6-85c4-b2aadddd1f3e","2022-02-07 13:01:32.495"
"AEE","87.070","1","87.100","1","-137","87.10","a2f0cf85-dca2-4822-8e61-3a8c3b5b8962","2022-02-07 13:01:32.495"
"AEE","87.100","2","87.130","4","-137","87.13","8ad54e0c-00f0-42bb-adbb-898527b60935","2022-02-07 13:02:16.800"
"AEE","87.100","2","87.130","4","-137","87.13","859f2a43-6662-408c-a8ee-6573d3c7fb87","2022-02-07 13:02:16.800"
"AEE","87.220","3","87.260","3","137","87.14","d1f4bf97-8816-4876-a7ea-210947d43e1c","2022-02-07 13:16:19.341"
"AEE","87.220","3","87.260","3","137","87.14","f54eb2cc-f8fc-4fd7-bf67-faf406c5ca1c","2022-02-07 13:16:19.341"
"AEE","87.220","1","87.240","5","137","87.14","61787b5d-33aa-401b-92b8-613a5e02e7ee","2022-02-07 13:16:19.341"
"AEE","87.210","3","87.250","3","137","87.14","0b88c575-effd-4326-9e59-92ad021c1e7c","2022-02-07 13:16:19.341"
"AEE","87.190","2","87.220","1","137","87.07","3a0a1d08-fe79-4bcb-ba40-f60a961bac4b","2022-02-07 13:18:01.159"
"AEE","87.190","2","87.220","1","137","87.07","6ee82661-d28f-4b82-bc33-32d9037f081c","2022-02-07 13:18:01.159"
"AEE","87.190","2","87.220","1","137","87.07","5dcdbfcb-6c3e-4b26-b013-57586c339b4b","2022-02-07 13:18:01.159"
"AEE","87.200","2","87.230","2","137","87.07","3c3f9c17-d932-4e70-86fc-7ed69622b308","2022-02-07 13:18:01.159"
"AEE","87.020","1","87.060","2","-137","87.06","5b2e3ad6-c63e-4ad8-a5ff-b03a5da19fbd","2022-02-07 13:19:48.376"
"AEE","87.020","1","87.060","2","-137","87.06","4fa27e4b-617f-4325-9c7d-f548de781551","2022-02-07 13:19:48.376"
"AEE","87.020","1","87.060","2","-137","87.06","834ed988-9b4e-4db7-ae74-df0305c61c47","2022-02-07 13:19:48.376"
"AEE","87.020","1","87.060","2","-137","87.06","06ad0ff9-5fe5-4a93-94c6-bf4c48db0b84","2022-02-07 13:19:48.376"
"AEE","87.020","1","87.060","2","-137","87.06","dca45994-7bc4-49dc-a098-73b43a00be33","2022-02-07 13:19:48.376"
"AEE","87.020","1","87.060","2","-137","87.06","16b87ef8-bc78-4370-aa70-65b323f61815","2022-02-07 13:19:48.376"
"AEE","87.030","3","87.060","1","-137","87.06","f8057f70-ee8e-478b-9cb3-414f87329379","2022-02-07 13:20:52.915"
"AEE","87.030","3","87.060","1","-137","87.06","21cac5bf-038f-428d-8e08-33f71ef3f337","2022-02-07 13:20:52.915"
"AEE","87.250","4","87.280","3","137","87.24","f9fbc614-582b-4cb9-a67c-37e6d4816443","2022-02-07 13:50:30.540"
"AEE","87.260","4","87.290","2","137","87.24","3cc7d516-7301-42c3-9703-d16c69d7d7f1","2022-02-07 13:50:30.540"
"AEE","87.250","1","87.270","1","-137","87.28","aa283b0c-2e65-47ca-8b70-3e63525b2315","2022-02-07 13:52:08.104"
"AEE","87.260","2","87.290","4","-137","87.29","73d86ae9-0428-4278-bc94-2d9f99609ca8","2022-02-07 13:52:11.432"
"AEE","87.260","2","87.310","5","137","87.26","9dd10c18-6925-480c-a482-7b998f6cc86b","2022-02-07 13:56:00.430"
"AEE","87.270","4","87.300","3","137","87.26","e8102fa8-8c85-4461-86ae-dbc76228b5cf","2022-02-07 13:56:00.430"
"AEE","87.290","5","87.330","4","-137","87.33","f315c72f-6cc1-4f1e-8acf-6e22df88d438","2022-02-07 13:57:19.900"
"AEE","87.290","5","87.330","4","-137","87.33","501cb275-add6-4251-9ec2-c8c9faf8ff13","2022-02-07 13:57:19.900"
"AEE","87.480","3","87.510","1","137","87.46","74d7cfe9-1e4e-4889-a505-1b85be95cc8a","2022-02-07 14:33:03.469"
"AEE","87.440","1","87.460","2","-137","87.46","cffaf188-d94c-49d7-82f2-fbdcaa266a5a","2022-02-07 14:33:26.768"
"AEE","87.560","2","87.580","3","137","87.50","614d1be0-c288-4a59-99b6-fbe46a9c899d","2022-02-07 15:00:57.183"
"AEE","87.560","2","87.580","2","137","87.50","43a6543a-6fa2-4d32-b41a-10d3306cec36","2022-02-07 15:00:57.183"
"AEE","87.540","10","87.550","1","137","87.50","e4f9b402-497d-45ac-adac-b4dfb9d14bb0","2022-02-07 15:00:57.183"
"AEE","87.540","2","87.550","1","137","87.50","a7724978-7473-48fd-899c-3ce01f387a33","2022-02-07 15:00:57.183"
"AEE","87.550","1","87.550","2","137","87.50","dd2565d3-5f42-4f4d-8af5-fb6498f1bb00","2022-02-07 15:00:57.183"
"AEE","87.550","1","87.550","2","137","87.50","f4198ae3-f116-4d2a-b460-0affa915bbe0","2022-02-07 15:00:57.183"
"AEE","87.550","1","87.550","2","137","87.50","cfcbe449-8a6a-4fe1-b77b-49138e3775e4","2022-02-07 15:00:57.183"
"AEE","87.540","3","87.570","3","137","87.50","8bf6aaf0-c0e8-41b0-b455-024b94e10a1b","2022-02-07 15:00:57.183"
"AEE","87.540","3","87.570","2","137","87.50","3f9d3ecf-90b8-4da1-8fce-9940aa037c6b","2022-02-07 15:00:57.183"
"AEE","87.530","3","87.550","1","137","87.47","d85e67f6-6136-40d7-b990-c29acb4e71e2","2022-02-07 15:01:04.116"
"AEE","87.560","2","87.580","3","137","87.47","6f3ff7c1-599b-4b93-829e-0ed3cab28ad8","2022-02-07 15:01:04.116"
"AEE","87.510","3","87.540","2","137","87.47","9faeb9aa-889f-439f-96e0-0ee26d615d89","2022-02-07 15:01:13.714"
"AEE","87.510","3","87.540","2","137","87.47","0ca608fe-870b-4c0a-9b11-011a55a8c436","2022-02-07 15:01:13.714"
"AEE","87.510","3","87.540","2","137","87.47","71aa83ff-7579-4d31-85cf-5137e2528072","2022-02-07 15:01:13.714"
"AEE","87.510","3","87.530","4","137","87.45","a07fbe64-f04a-4840-93d1-4f0361d41392","2022-02-07 15:01:16.429"
"AEE","87.530","2","87.550","1","137","87.45","f40f5044-aeb2-4911-a450-96822cd7e392","2022-02-07 15:01:16.429"
"AEE","87.500","1","87.510","1","137","87.42","114f8ab1-5e90-4115-8ed9-4c30765dd054","2022-02-07 15:01:16.435"
"AEE","87.500","1","87.510","1","137","87.42","228b42c1-a3f0-4b0a-adec-2a30ea69aaca","2022-02-07 15:01:16.435"
"AEE","87.430","3","87.460","1","-137","87.46","b8457def-cacd-43ec-b923-1909cf2d87f1","2022-02-07 15:02:03.056"
"AEE","87.430","3","87.460","1","-137","87.46","ae4010e5-78d4-4bd1-a9b0-e63ec489d78b","2022-02-07 15:02:03.056"
"AEE","87.430","3","87.460","1","-137","87.46","45cf20ee-581c-4b13-80f2-3544de4021c7","2022-02-07 15:02:03.056"
"AEE","87.430","3","87.460","1","-137","87.46","2e07ce2c-84ab-4e13-aae2-4eefcf38e2cf","2022-02-07 15:02:03.056"
"AEE","87.430","3","87.460","1","-137","87.46","9101ad19-cfe0-44f0-8f8a-b8c670175b8e","2022-02-07 15:02:03.056"
"AEE","87.430","3","87.460","1","-137","87.46","1ed7b3e0-1752-4c30-8172-75a971867206","2022-02-07 15:02:03.056"
"AEE","87.430","3","87.460","1","-137","87.46","350ff532-fb88-434e-b0ca-d7020271bc2b","2022-02-07 15:02:03.056"
"AEE","87.430","3","87.460","1","-137","87.46","e1040f28-3b2e-468f-b756-c867eb61d8a7","2022-02-07 15:02:03.056"
"AEE","87.430","3","87.460","1","-137","87.46","d4e09c2f-eaf8-4ff5-ab96-3254766ecef9","2022-02-07 15:02:03.056"
"AEE","87.450","2","87.470","1","-137","87.48","0ed22079-0336-46f7-935f-d88b5b3661aa","2022-02-07 15:02:12.445"
"AEE","87.450","2","87.470","1","-137","87.48","7a027c48-86b2-4f2d-b27d-01b3ae79704d","2022-02-07 15:02:12.445"
"AEE","87.450","2","87.470","1","-137","87.48","decd1e0f-be62-43a9-bf00-0025f60f8493","2022-02-07 15:02:12.445"
"AEE","87.450","2","87.470","1","-137","87.48","fa5b89ca-b1a4-4bc5-974e-40b0c9ba5efd","2022-02-07 15:02:12.445"
"AEE","87.450","2","87.470","1","-137","87.48","1a03d052-6368-4624-acb4-8b485890d06e","2022-02-07 15:02:12.445"
"AEE","87.440","1","87.470","2","-137","87.48","f757bc2a-a7b5-488f-aafe-a4f34517e9c1","2022-02-07 15:02:23.568"
"AEE","87.440","1","87.470","2","-137","87.48","70753c57-207f-4509-995b-5d416e4a4aea","2022-02-07 15:02:23.568"
"AEE","87.460","1","87.480","3","-137","87.48","c640f4be-a63b-43dc-b0ae-d788e93dacbd","2022-02-07 15:02:40.902"
