"Symbol","Bid","Bid Sz","Ask","Ask Sz","Shares","Price","Order ID","Timestamp"
"AA","56.100","1","56.140","3","213","56.14","b35c00ef-bc3c-48bf-a94f-ff1c823ccd58","2022-01-31 10:34:10.006"
"AA","56.060","8","56.080","1","-213","56.08","558b41a8-28d4-4d23-b7eb-79a3bca266a2","2022-01-31 10:35:20.903"
"AA","56.170","2","56.200","3","213","56.20","f31153e8-b2e2-43e1-aefe-e3eca9572153","2022-01-31 10:35:50.006"
"AA","56.140","1","56.160","1","-213","56.16","bb60d45f-703d-4f66-b1ee-22d188cb2827","2022-01-31 10:36:47.480"
"AA","56.120","5","56.170","1","215","55.81","3b541f47-bc27-4a2d-9e7b-7f795431ae2f","2022-01-31 10:38:53.943"
"AA","56.050","1","56.080","2","215","55.81","59510c5b-5245-42cf-a2a9-b1ad0086a621","2022-01-31 10:38:53.943"
"AA","56.080","1","56.110","2","215","55.81","92746c14-65ab-4be7-a22d-1c3b3bb2c672","2022-01-31 10:38:53.943"
"AA","56.110","1","56.140","1","215","55.81","40159a8e-5f2c-47fc-bab8-7b1d9b8530e0","2022-01-31 10:38:53.943"
"AA","56.080","12","56.120","4","215","55.76","7fa3f88f-b159-4f6a-babc-5899f27550ef","2022-01-31 10:39:09.007"
"AA","56.100","2","56.120","6","215","55.76","85672a2c-9f77-463d-8ba4-3e26847ece8b","2022-01-31 10:39:09.007"
"AA","56.080","9","56.100","3","215","55.76","168a45bc-3df3-4690-9b3f-422e5f3d94ff","2022-01-31 10:39:09.007"
"AA","55.690","2","55.720","3","-215","55.72","c9d55b51-81c2-4df6-ac44-0ea293509d08","2022-01-31 10:39:40.310"
"AA","55.690","2","55.720","3","-215","55.72","77549534-f4bb-4c9f-a534-66fd04392bd2","2022-01-31 10:39:40.310"
"AA","55.690","2","55.720","3","-215","55.72","d9581d60-f7a9-4ae3-95ad-66615bcfb92d","2022-01-31 10:39:40.310"
"AA","55.690","2","55.720","3","-215","55.72","5e60b65d-c658-4621-bcd8-004c4a451296","2022-01-31 10:39:40.310"
"AA","55.720","5","55.740","1","-215","55.74","140c0bdb-b8ad-4d77-9570-db7816bc983d","2022-01-31 10:39:51.684"
"AA","55.720","5","55.740","1","-215","55.74","deb20d16-5879-4e66-bd86-258421db2593","2022-01-31 10:39:51.684"
"AA","55.620","1","55.640","3","-215","55.65","9f0d64fd-4b08-4131-9073-5c01fdab979e","2022-01-31 10:41:14.030"
"AA","55.700","1","55.740","3","213","55.74","0075a753-6de6-4e0c-acc5-95919d3392b6","2022-01-31 10:45:10.006"
"AA","55.420","5","55.450","1","-213","55.45","c9b576d9-865c-4f61-a054-72ff6cfd16cf","2022-01-31 10:46:42.905"
"AA","55.810","1","55.830","1","214","55.83","ea2ff919-84bd-4e35-a9b4-fb2041ec398f","2022-01-31 10:51:00.006"
"AA","55.820","1","55.840","1","-214","55.84","0d8f36e6-8181-4650-9ada-6ee6d198b692","2022-01-31 10:52:53.037"
"AA","56.250","5","56.260","1","214","55.99","045e27fe-c969-42f7-9ada-2252cdeb99c9","2022-01-31 11:19:45.879"
"AA","56.250","2","56.290","5","214","55.99","059ad59b-006b-4acb-82ba-2c0ddd6e205d","2022-01-31 11:19:45.879"
"AA","56.220","8","56.240","1","214","55.99","6ffb3971-02ef-41a6-99fc-0d103097f354","2022-01-31 11:19:45.879"
"AA","56.210","5","56.250","1","214","55.99","b9780516-5d62-4f91-b159-46095bc99c9b","2022-01-31 11:19:45.879"
"AA","55.960","1","55.980","5","-214","55.99","ad9f1b71-5d90-4134-bbe1-1b7cfd937111","2022-01-31 11:20:00.881"
"AA","55.960","1","55.980","5","-214","55.99","b16d3497-0658-46cb-927b-a595f4f2120d","2022-01-31 11:20:00.881"
"AA","55.970","1","55.980","1","-214","55.98","41014f70-3a51-4b23-986e-910eb0704025","2022-01-31 11:20:10.074"
"AA","56.030","1","56.040","3","-214","56.04","0b3e79dc-e23d-446f-b91e-2bba3fb4789d","2022-01-31 11:20:22.255"
"AA","56.490","2","56.520","1","214","55.86","7152cc30-cfa1-4c95-8788-819b6afb870d","2022-01-31 11:22:14.552"
"AA","56.440","6","56.450","1","214","55.86","9267674d-cfe9-4918-a922-6a9e2f7e18f2","2022-01-31 11:22:14.552"
"AA","55.870","1","55.910","4","-214","55.91","259d233e-47bc-44f5-8b87-93cb664e6c52","2022-01-31 11:22:35.850"
"AA","56.440","1","56.460","1","214","55.85","07f6f074-e61e-4fec-949e-94e67d070278","2022-01-31 11:23:49.882"
"AA","56.470","5","56.520","1","214","55.85","26f10390-726b-46cf-b773-57bfb4693279","2022-01-31 11:23:49.882"
"AA","55.920","1","55.940","1","-214","55.94","e952d0b4-c4e3-45de-be08-c82cb7ddad44","2022-01-31 11:24:44.356"
"AA","55.930","3","55.950","1","-214","55.95","b203be0d-d396-445c-91c5-41cc8be099b7","2022-01-31 11:24:52.199"
"AA","55.940","1","55.970","3","-214","55.97","f5715c25-bc8f-42d6-bd7c-107fef21d60d","2022-01-31 11:25:08.046"
"AA","56.530","4","56.560","1","216","55.51","5d23c514-b9e2-4093-baca-707e5848352a","2022-01-31 11:39:02.046"
"AA","55.440","6","55.480","6","-216","55.48","37950972-e817-4e52-8556-430c7afdb699","2022-01-31 11:39:36.491"
"AA","55.470","1","55.490","1","217","55.29","153813ee-0278-4696-9516-4498e17ce2f8","2022-01-31 12:09:24.023"
"AA","55.460","3","55.500","5","217","55.28","c71d4eeb-3814-4205-84e2-05184d843f30","2022-01-31 12:09:50.801"
"AA","55.560","1","55.570","1","217","55.28","59414510-2501-4482-8da8-4c03d097c473","2022-01-31 12:09:50.801"
"AA","55.310","1","55.320","1","-217","55.32","df013a3a-3338-4639-bb8a-1fcc325e047f","2022-01-31 12:12:21.104"
"AA","55.310","1","55.320","1","-217","55.32","130a4713-8b83-462c-a399-04ce2beded4e","2022-01-31 12:12:21.104"
"AA","55.300","1","55.320","1","-217","55.32","1a142f3e-01ec-447e-a855-1195c84b2f08","2022-01-31 12:12:21.104"
"AA","55.870","5","55.920","5","215","55.77","4f2b34c8-ad6e-4e05-989d-5319bde44a39","2022-01-31 13:07:34.603"
"AA","55.860","1","55.880","1","215","55.77","94156b6c-4362-4fed-8cd3-f69207901c84","2022-01-31 13:07:34.603"
"AA","55.850","1","55.880","1","215","55.77","5085b6d7-5083-4c2f-abd8-c2b7f16f8efd","2022-01-31 13:07:34.603"
"AA","55.850","5","55.870","1","215","55.77","d8a7a9b9-ab06-4fe8-b0ad-e48e9be744af","2022-01-31 13:07:34.603"
"AA","55.790","3","55.820","1","-215","55.82","510244c9-2bd2-4c28-b7ca-6c02d5dff9fc","2022-01-31 13:07:57.942"
"AA","55.790","3","55.820","1","-215","55.82","3e29dfc4-c836-4e5d-9269-0a2d72be6dd0","2022-01-31 13:07:57.942"
"AA","55.820","3","55.840","1","-215","55.84","e74f6598-d333-4fa5-a79f-7d7df887c83c","2022-01-31 13:08:11.056"
"AA","55.780","1","55.800","3","-215","55.81","a7fdb460-94e7-4f1e-89a6-3786c8f55c8e","2022-01-31 13:08:27.811"
"AA","55.840","3","55.860","6","214","55.86","6daa23cd-66c7-463f-8660-8115716c143c","2022-01-31 13:10:20.006"
"AA","55.890","1","55.910","7","-214","55.91","454b41af-25e7-4722-869f-8ba165d9aaa1","2022-01-31 13:12:41.051"
"AA","55.850","5","55.870","1","215","55.72","7d7e169d-7cee-4338-a21f-1454f8253c00","2022-01-31 13:16:33.707"
"AA","55.870","1","55.900","2","215","55.72","6654778a-e021-44f1-a196-222455540845","2022-01-31 13:16:33.707"
"AA","55.860","6","55.900","1","215","55.72","57c8c015-ea6f-4d37-8cb5-04e9c8adbd6c","2022-01-31 13:16:33.707"
"AA","55.780","4","55.810","2","-215","55.81","84b8b3d4-bac4-43bf-9508-40db2ff54b75","2022-01-31 13:17:14.023"
"AA","55.780","4","55.810","2","-215","55.81","760e61ec-8369-434e-918c-4fd06d5a14d1","2022-01-31 13:17:14.023"
"AA","55.820","1","55.830","1","-215","55.84","94efd4a3-8179-444f-aeeb-4156562dc137","2022-01-31 13:17:20.473"
"AA","55.930","2","55.950","1","214","55.83","35736de0-0028-4c87-b2e6-51aeb4b86f3f","2022-01-31 13:31:31.018"
"AA","55.920","4","55.950","1","214","55.83","525c90ad-ce4d-4c34-9c1a-bac6aae61478","2022-01-31 13:31:31.018"
"AA","55.790","1","55.810","6","-214","55.81","73a7b9e5-f482-4567-88b6-1d8596f4d42e","2022-01-31 13:32:11.418"
"AA","55.800","1","55.830","1","-214","55.83","b37bbced-a49e-4dde-ab9b-41930d61ae57","2022-01-31 13:32:35.042"
"AA","56.670","5","56.700","1","211","56.63","48009526-b7ef-4408-822e-e57d40ab876e","2022-01-31 14:51:00.636"
"AA","56.580","1","56.600","1","-211","56.60","2980df27-bfb1-4791-a9e2-b3818e7602df","2022-01-31 14:51:20.141"
"AA","56.620","5","56.660","4","212","56.54","42c1a41b-6d04-4eec-bbd4-e3a807cd5f40","2022-01-31 14:52:35.615"
"AA","56.630","2","56.660","1","212","56.54","284633b0-a073-4d52-a227-20f36c76c10f","2022-01-31 14:52:35.615"
"AA","56.620","3","56.650","1","212","56.54","3f2468c7-f431-4711-ad53-c59e16e30e48","2022-01-31 14:52:35.615"
"AA","56.630","1","56.650","2","212","56.54","e1ee7511-076f-4ece-8c5a-d6dd519ff5b5","2022-01-31 14:52:35.615"
"AA","56.620","1","56.650","2","212","56.54","9124539f-e520-4205-b9a5-bfa163fbc145","2022-01-31 14:52:35.615"
"AA","56.630","2","56.660","1","212","56.54","45e88540-53ec-4b63-b19e-da9e21419745","2022-01-31 14:52:35.615"
"AA","56.590","4","56.620","1","212","56.52","0b04f2e2-9827-417a-a8ac-ed8c66f5b1ac","2022-01-31 14:52:35.616"
"AA","56.590","1","56.620","3","212","56.52","78cafa4b-9dc6-41a4-acf8-8d427ebdf038","2022-01-31 14:52:35.616"
"AA","56.580","7","56.620","2","212","56.52","8798ec56-e76c-4bb7-afe6-bb68e18b113e","2022-01-31 14:52:35.616"
"AA","56.510","5","56.540","2","-212","56.54","9e61ecf6-dc78-41c8-b0ad-834cff81d2a2","2022-01-31 14:52:58.394"
"AA","56.510","5","56.540","2","-212","56.54","4abc3d0a-6713-48b3-9bae-930753cd3650","2022-01-31 14:52:58.394"
"AA","56.510","5","56.540","2","-212","56.54","ece064cb-39c3-46ef-8cd9-802c5a44b9a8","2022-01-31 14:52:58.394"
"AA","56.510","5","56.540","2","-212","56.54","4a517bf5-27ad-42fa-8f1b-dc1634749841","2022-01-31 14:52:58.394"
"AA","56.510","5","56.540","2","-212","56.54","6a42c001-a671-42ee-bc7b-87cbc3d1e0fa","2022-01-31 14:52:58.394"
"AA","56.440","1","56.460","1","-212","56.46","d1d9fdd9-220b-43ac-8168-11720d4762c9","2022-01-31 14:53:28.272"
"AA","56.410","8","56.440","1","-212","56.44","f25fdecf-fb32-4499-ac11-ef1e6ae81371","2022-01-31 14:53:41.926"
"AA","56.410","8","56.440","1","-212","56.44","ff2823a7-0f72-4971-9967-8377b310694e","2022-01-31 14:53:41.926"
"AA","56.430","5","56.450","1","-212","56.46","092faf2a-770e-4a02-ac9a-540145d9681e","2022-01-31 14:54:00.711"
"AA","56.480","6","56.500","6","212","56.50","218794fb-b9c0-4ca8-80f5-8aa93ddc12af","2022-01-31 15:05:00.006"
"AA","56.350","1","56.380","5","-212","56.38","b1ad72a3-e55d-4000-a03d-16f4fcd61ca4","2022-01-31 15:08:57.141"
"AG","9.680","13","9.690","17","1,250","9.60","98c759d7-32b5-4d47-883f-22d98955e525","2022-01-31 10:01:28.491"
"AG","9.640","1","9.640","28","1,250","9.60","036f1670-ca1b-436d-80da-d603f69ee5f3","2022-01-31 10:01:28.491"
"AG","9.650","24","9.660","39","1,250","9.60","f95a16b3-281b-4287-b456-3ae93e3eead0","2022-01-31 10:01:28.491"
"AG","9.660","12","9.660","1","1,250","9.60","f167fa99-f6cf-40ab-ad95-ac49f5acf473","2022-01-31 10:01:28.491"
"AG","9.650","49","9.660","32","1,250","9.60","8b6214bb-3595-4faa-9dc7-0068294f3439","2022-01-31 10:01:28.491"
"AG","9.610","30","9.620","4","-1,250","9.62","c657576e-367d-42b3-bf9a-54738a6232bb","2022-01-31 10:02:16.377"
"AG","9.610","49","9.620","4","-1,250","9.62","f766d305-ff2f-4029-802c-67d57897f970","2022-01-31 10:02:26.359"
"AG","9.610","49","9.620","4","-1,250","9.62","13b9afad-ed0d-4893-ba99-7770ccdc638c","2022-01-31 10:02:26.359"
"AG","9.610","45","9.620","4","-1,250","9.62","fde7816d-5941-4ecb-99b6-fb8e52df0972","2022-01-31 10:02:34.055"
"AG","9.630","10","9.640","32","-1,250","9.64","65185cb8-f205-4158-91f0-cb397bbd6a29","2022-01-31 10:03:03.503"
"AG","9.670","26","9.680","33","1,251","9.59","430160ac-2ce8-45e7-866a-755217b968f7","2022-01-31 10:05:34.067"
"AG","9.680","18","9.690","26","1,251","9.59","67b94751-7a57-4789-a379-f03d48966338","2022-01-31 10:05:34.067"
"AG","9.670","18","9.680","21","1,251","9.59","2e9de8e8-6dd8-490d-85a7-76eaf4d155d4","2022-01-31 10:05:34.067"
"AG","9.660","27","9.670","1","1,251","9.59","c3eab77f-543d-49dc-8455-49486875c159","2022-01-31 10:05:34.067"
"AG","9.660","13","9.670","19","1,251","9.59","d7be2394-58e9-49ba-8531-726691c3e49a","2022-01-31 10:05:34.067"
"AG","9.660","7","9.670","23","1,251","9.59","7208a917-a713-477a-b2f4-3b3bab0e1bdf","2022-01-31 10:05:34.067"
"AG","9.660","58","9.670","11","1,251","9.59","3a7ffbe1-6e44-4f87-bdfd-093b3168d6c0","2022-01-31 10:05:34.067"
"AG","9.610","16","9.620","40","-1,251","9.62","e8f93444-1830-490e-98fd-2e05289c324d","2022-01-31 10:06:53.052"
"AG","9.610","16","9.620","40","-1,251","9.62","cb189f02-fa12-4d1c-8968-286d76da78e1","2022-01-31 10:06:53.052"
"AG","9.610","16","9.620","40","-1,251","9.62","0b728345-16ed-4edb-95b6-99afab20347a","2022-01-31 10:06:53.052"
"AG","9.610","16","9.620","40","-1,251","9.62","f17ce368-f293-452f-ae70-857f35f7623e","2022-01-31 10:06:53.052"
"AG","9.630","13","9.640","18","-1,251","9.64","e0354b56-4a79-45f8-a238-3236c20ccaec","2022-01-31 10:07:16.563"
"AG","9.640","20","9.650","12","-1,251","9.65","e3a735d8-0b0f-479d-aa46-07b0bdcd9b05","2022-01-31 10:07:32.155"
"AG","9.660","26","9.670","28","-1,251","9.67","5fbed105-321f-458d-b29b-f5ad34630f61","2022-01-31 10:08:03.112"
"AG","9.980","27","9.990","30","1,205","9.96","1ff09022-9cb1-4ec8-b72a-29c218780769","2022-01-31 11:28:16.646"
"AG","9.980","18","9.990","46","1,205","9.96","f3de6fc2-3435-4a52-885a-6b34667a115d","2022-01-31 11:28:16.646"
"AG","9.960","38","9.970","37","-1,205","9.97","e7654508-f4da-46d3-9026-65754d47addf","2022-01-31 11:28:40.500"
"AG","9.960","27","9.970","18","-1,205","9.97","0e258e9a-ea95-4098-9159-5c6f7e971d87","2022-01-31 11:28:50.735"
"AG","9.980","27","9.990","30","1,205","9.94","12eb96bb-8e62-4ff9-a9a0-265bc1b7ed5c","2022-01-31 11:31:02.287"
"AG","9.950","24","9.960","50","1,208","9.93","60f141fc-3071-432e-b80f-a7a7b7aebf3b","2022-01-31 11:31:24.930"
"AG","9.950","10","9.960","57","1,208","9.93","646fc5e3-8e18-465b-ac3f-47574b592073","2022-01-31 11:31:24.930"
"AG","9.940","41","9.940","2","-1,205","9.94","77daafa7-645c-4226-be9b-2eee1f8db4af","2022-01-31 11:31:30.006"
"AG","9.940","35","9.950","28","-1,208","9.95","ab118fe1-b6f1-491f-a13b-b3db0e9e026b","2022-01-31 11:32:18.952"
"AG","9.940","24","9.950","37","-1,208","9.95","c2a62b71-337e-423f-bf0d-2955633e74b2","2022-01-31 11:32:45.152"
"AG","10.030","49","10.040","14","1,196","10.03","e2572770-e51d-4c46-a130-8c547c821c4e","2022-01-31 12:32:08.271"
"AG","10.040","56","10.050","12","1,196","10.03","e31b538f-fec3-4283-8a7d-c785912410fc","2022-01-31 12:32:08.271"
"AG","10.050","30","10.060","41","1,196","10.03","8479612c-a078-4952-a636-647c08bf3761","2022-01-31 12:32:08.271"
"AG","10.050","13","10.060","55","1,196","10.03","7c987cf2-9682-43c8-a8ca-ba63309f8d1f","2022-01-31 12:32:08.271"
"AG","10.030","24","10.040","35","-1,196","10.04","3edde1bd-bb0f-4161-93b5-c050987024e0","2022-01-31 12:35:35.877"
"AG","10.030","24","10.040","35","-1,196","10.04","e989e71a-7b1b-42f1-94dc-3fbf2aff0b04","2022-01-31 12:35:35.877"
"AG","10.020","30","10.030","51","-1,196","10.03","1b78ac5b-ac46-4ac5-b9b2-6d419a7cacd8","2022-01-31 12:36:30.572"
"AG","10.020","21","10.030","49","-1,196","10.03","7abc4154-4aa0-4b0a-bf3e-58dee2c50e39","2022-01-31 12:37:03.875"
"AG","10.030","35","10.040","20","1,198","10.02","20e44c44-4c1a-4712-96f6-d3cef34def66","2022-01-31 12:38:22.877"
"AG","10.030","27","10.040","21","1,197","10.02","59217653-c539-485e-96dd-a6161cc1db99","2022-01-31 12:38:22.877"
"AG","10.030","29","10.040","31","1,197","10.02","61aef030-3081-4d58-b324-871bb74faac3","2022-01-31 12:38:22.877"
"AG","10.030","29","10.040","40","1,197","10.02","8d77e01a-4ad2-4be9-b471-bb0551dc98ac","2022-01-31 12:38:22.877"
"AG","10.020","73","10.030","2","-1,197","10.03","e6069a75-3f36-4b0d-a423-df6326b41393","2022-01-31 12:39:24.534"
"AG","10.020","73","10.030","2","-1,197","10.03","7f83f7f5-cd29-4e0c-96d2-e1ea8dd01af5","2022-01-31 12:39:24.534"
"AG","10.020","66","10.030","3","-1,198","10.03","98dafd1e-acab-4695-aacd-552230d59de1","2022-01-31 12:39:40.662"
"AG","10.030","44","10.040","25","-1,197","10.04","c1497e9d-978f-4858-a0b7-93efc369169e","2022-01-31 12:41:05.512"
"AG","10.080","63","10.090","6","1,190","10.08","f06bdf5e-45ca-4550-b94c-c5a44e2959aa","2022-01-31 13:11:14.643"
"AG","10.080","47","10.090","25","-1,190","10.09","8bb09f99-e4f0-4c97-8d93-d6eb10c1584a","2022-01-31 13:13:01.503"
"AG","10.100","15","10.110","30","1,194","10.05","160bde71-10db-43b8-8068-5df36bab1cc9","2022-01-31 13:28:11.049"
"AG","10.100","43","10.110","4","1,195","10.04","f02ab98c-23b1-4a53-b199-13ca95612889","2022-01-31 13:31:36.002"
"AG","10.100","43","10.110","4","1,195","10.04","fe2842d7-f66c-4f3b-940e-a75a7046f824","2022-01-31 13:31:36.002"
"AG","10.100","27","10.110","15","1,195","10.04","af625c75-bb84-48d7-b131-89721731d71f","2022-01-31 13:31:36.002"
"AG","10.100","18","10.110","32","1,194","10.04","8a69a9a7-0810-4cb9-a960-16a90eb1574e","2022-01-31 13:31:36.002"
"AG","10.100","18","10.110","32","1,194","10.04","f7ffc1cb-a9b0-41b3-8727-082552560f4e","2022-01-31 13:31:36.002"
"AG","10.100","23","10.110","30","1,195","10.04","82e128fe-c674-4aff-bdf4-d9b104c4bf2c","2022-01-31 13:31:36.002"
"AG","10.100","23","10.110","30","1,194","10.04","81bd6775-7e6f-4936-a34f-209a0aa26be1","2022-01-31 13:31:36.002"
"AG","10.100","15","10.110","30","1,195","10.04","6c0f2900-4d6a-470d-8f1a-84dc85469db0","2022-01-31 13:31:36.002"
"AG","10.100","21","10.110","38","1,194","10.04","55b9e101-e0e5-495b-ac9d-4e704f554cf8","2022-01-31 13:31:36.002"
"AG","10.100","13","10.110","33","1,195","10.04","b45b8c93-aab1-44a1-a12a-092913d3dba4","2022-01-31 13:31:36.002"
"AG","10.080","5","10.090","53","1,194","10.04","2c1e01e0-e38e-46fe-8f5f-dbce267098ca","2022-01-31 13:31:36.002"
"AG","10.030","4","10.040","46","-1,195","10.04","b6d8617b-fb4d-4dbd-885f-ff9b90181a51","2022-01-31 13:32:04.021"
"AG","10.030","4","10.040","46","-1,194","10.04","8a420a0c-f5bc-41a7-9de0-570a720a3956","2022-01-31 13:32:04.021"
"AG","10.030","4","10.040","46","-1,195","10.04","d244f117-645e-461a-a21c-80a97aabc5f1","2022-01-31 13:32:04.021"
"AG","10.030","4","10.040","46","-1,195","10.04","71fd0866-d8dd-49e2-8d3c-823797070294","2022-01-31 13:32:04.021"
"AG","10.030","4","10.040","46","-1,195","10.04","eba7c689-a30c-45ca-b249-58a4fec63a3a","2022-01-31 13:32:04.021"
"AG","10.030","4","10.040","46","-1,195","10.04","cedf175b-70a2-4ee3-88d9-69ff2d9205db","2022-01-31 13:32:04.021"
"AG","10.030","36","10.040","14","-1,194","10.04","84f8a6fd-8a86-4acb-b9ce-c4648ed2661c","2022-01-31 13:32:04.021"
"AG","10.030","36","10.040","14","-1,194","10.04","6fd6fac8-d972-49d5-ad0c-c9673db54f14","2022-01-31 13:32:04.021"
"AG","10.030","36","10.040","14","-1,195","10.04","1a83e42d-04f3-4d51-9114-6c2fbc3eda0c","2022-01-31 13:32:04.021"
"AG","10.030","29","10.040","28","-1,194","10.04","87c1481b-4586-458c-8977-379f230f4086","2022-01-31 13:32:16.898"
"AG","10.030","29","10.040","28","-1,194","10.04","cc7f434b-7177-4beb-a2c6-fa30ae23b379","2022-01-31 13:32:16.898"
"AG","10.030","37","10.040","1","-1,194","10.04","794f2332-d335-4551-a109-03f295cf3ae6","2022-01-31 13:32:22.165"
"AG","10.050","65","10.060","1","1,189","10.06","d7803b31-a284-4d2d-bb10-cb3cdff398fa","2022-01-31 13:39:20.006"
"AG","10.050","55","10.060","44","-1,189","10.06","88ec80ad-6a70-4800-86f0-f9cbeb042d36","2022-01-31 13:44:36.452"
"AG","10.060","31","10.070","40","1,195","10.04","3bf2e75f-aad2-4a84-96e2-0e37e678a453","2022-01-31 13:58:08.296"
"AG","10.050","58","10.060","40","1,195","10.04","d95b0a63-592e-42b0-b9bb-342b6a092f47","2022-01-31 13:58:08.296"
"AG","10.050","37","10.060","16","1,195","10.04","f582d302-21ef-43a2-bd51-b75a1a6081e6","2022-01-31 13:58:08.296"
"AG","10.050","37","10.060","16","1,194","10.04","0a680295-f330-4ca4-93b1-164df3807a05","2022-01-31 13:58:08.296"
"AG","10.050","34","10.060","19","1,194","10.04","dbd9bf8e-cfa4-4d76-bde9-a6dfa20e6d6c","2022-01-31 13:58:08.296"
"AG","10.050","16","10.060","35","1,195","10.04","447b439a-44cf-4d28-9ec7-0c26b358ddeb","2022-01-31 13:58:08.296"
"AG","10.060","9","10.070","121","1,196","10.03","57b4731b-b919-4b1c-9dd1-87857e8deeb9","2022-01-31 13:58:26.245"
"AG","10.060","14","10.070","96","1,196","10.03","f6b283e8-8dd4-47d9-8a4e-43e1fa3e3177","2022-01-31 13:58:26.245"
"AG","10.070","76","10.080","40","1,196","10.03","92864372-dcff-4d57-81d9-2a430cd9c714","2022-01-31 13:58:26.245"
"AG","10.080","20","10.090","82","1,196","10.03","1c8d7eaf-ec13-4832-8015-44c274548475","2022-01-31 13:58:26.245"
"AG","10.070","49","10.080","69","1,196","10.03","43efe55e-a0f7-4777-a9d6-f4fbff363cd9","2022-01-31 13:58:26.245"
"AG","10.070","49","10.080","69","1,196","10.03","99d3b680-3b96-4bf5-b714-2ad4e4ddba0e","2022-01-31 13:58:26.245"
"AG","10.070","27","10.080","49","1,196","10.03","67f45668-e235-45ae-8dae-821700713498","2022-01-31 13:58:26.245"
"AG","10.070","20","10.080","48","1,196","10.03","e90422da-31f3-43ac-9d94-a6363f533be8","2022-01-31 13:58:26.245"
"AG","10.070","41","10.080","45","1,195","10.03","94787713-7a1a-4feb-87db-1067cec919be","2022-01-31 13:58:26.245"
"AG","10.070","41","10.080","45","1,196","10.03","f91e71bc-beca-43d6-a591-fae48d7107ea","2022-01-31 13:58:26.245"
"AG","10.070","41","10.080","45","1,196","10.03","a8aad641-0541-4306-b6ae-b9c36d3bd28f","2022-01-31 13:58:26.245"
"AG","10.070","41","10.080","45","1,196","10.03","d727e445-2539-45a5-a56f-662498405d57","2022-01-31 13:58:26.245"
"AG","10.040","42","10.050","27","-1,196","10.05","935b1770-4c86-4c1c-a774-8422d78bb8af","2022-01-31 14:00:00.060"
"AG","10.040","42","10.050","27","-1,196","10.05","d3a4e9f9-b023-4b08-82d8-5a8828d222a0","2022-01-31 14:00:00.060"
"AG","10.040","42","10.050","27","-1,196","10.05","d5f0db0b-e54e-4575-beea-d9b6222196e0","2022-01-31 14:00:00.060"
"AG","10.040","42","10.050","27","-1,196","10.05","05373fd5-6d9c-41dc-a322-f0b9b0dc0d3e","2022-01-31 14:00:00.060"
"AG","10.040","42","10.050","27","-1,194","10.05","b68b3cf9-0103-4d37-b7b9-da32fa065b85","2022-01-31 14:00:00.060"
"AG","10.040","42","10.050","27","-1,196","10.05","464b6402-6a5f-4665-b69d-7ba03533973c","2022-01-31 14:00:00.060"
"AG","10.040","42","10.050","27","-1,195","10.05","a15fb0bd-ee77-4614-bbd4-76cc1a00e2ea","2022-01-31 14:00:00.060"
"AG","10.040","33","10.050","39","-1,195","10.05","17bf96a8-de4c-49f0-9839-5a2e5add18ce","2022-01-31 14:00:32.933"
"AG","10.040","33","10.050","39","-1,196","10.05","40292a03-2d66-4760-b08d-0cab56fb876d","2022-01-31 14:00:32.933"
"AG","10.040","33","10.050","39","-1,195","10.05","d9e55a96-eb73-414c-aefd-66639ffcf033","2022-01-31 14:00:32.933"
"AG","10.040","33","10.050","39","-1,196","10.05","b67cad6f-8bf5-4d20-8b6f-d9235cf10276","2022-01-31 14:00:32.933"
"AG","10.040","30","10.050","25","-1,196","10.05","076ca923-c7a5-41c7-b5a2-714e5afed344","2022-01-31 14:01:03.861"
"AG","10.040","30","10.050","25","-1,195","10.05","a8296ed0-28d8-490d-8a6c-54ba1ff9c381","2022-01-31 14:01:03.861"
"AG","10.040","30","10.050","25","-1,196","10.05","db56c125-012a-4b0a-a049-45be8d5b1b9f","2022-01-31 14:01:03.861"
"AG","10.050","34","10.060","25","-1,195","10.06","dc0e3e19-32f4-4dc3-9f6d-b30ea86ed86b","2022-01-31 14:02:16.060"
"AG","10.050","34","10.060","25","-1,196","10.06","610d824a-5b9a-4f46-bec9-2dabb8706dbe","2022-01-31 14:02:16.060"
"AG","10.050","46","10.060","24","-1,196","10.06","fd71c039-ddb8-4b4e-9f7f-f40ee34616c0","2022-01-31 14:02:38.208"
"AG","10.050","28","10.060","32","-1,194","10.06","315bc575-54b0-4ffc-a160-b762dfd523c2","2022-01-31 14:02:41.000"
"AG","10.070","11","10.080","51","1,195","10.04","677c6dba-befd-45fc-a63f-cdc820b055bc","2022-01-31 14:05:26.235"
"AG","10.020","26","10.030","30","-1,195","10.03","97c6a784-8cce-4c1d-afd9-9a45b4b6a5d1","2022-01-31 14:16:35.138"
"AG","10.150","51","10.160","41","1,187","10.11","5d9cbc59-d77f-4b3f-bd8f-0ceca134235d","2022-01-31 15:08:31.561"
"AG","10.150","54","10.160","29","1,187","10.11","565203ce-0614-407a-9d13-4eba4b4eff88","2022-01-31 15:08:31.561"
"AG","10.150","58","10.160","29","1,187","10.11","8f896e79-4a04-47a8-b38d-99de91e1ba97","2022-01-31 15:08:31.561"
"AG","10.150","56","10.160","29","1,187","10.11","7eca2a64-b7e9-41ab-b43a-396171b29d88","2022-01-31 15:08:31.561"
"AG","10.150","58","10.160","29","1,187","10.11","1b08cf56-117f-459f-a0dd-6944c6560cc6","2022-01-31 15:08:31.561"
"AG","10.150","13","10.160","58","1,187","10.11","388added-6e62-44a0-8971-1b330614a8f6","2022-01-31 15:08:31.561"
"AG","10.150","13","10.160","55","1,187","10.11","2defa705-9ee4-42cd-9079-ec78c5acd919","2022-01-31 15:08:31.561"
"AG","10.110","35","10.120","100","-1,187","10.12","e3ba79a1-e373-4eaf-b46b-6394dae9a157","2022-01-31 15:09:03.692"
"AG","10.110","35","10.120","100","-1,187","10.12","b5d8ac06-9f74-4a8f-ba4d-9608e38f05b0","2022-01-31 15:09:03.692"
"AG","10.110","39","10.120","56","-1,187","10.12","71cbee64-3f12-4d76-9b7f-c9ddf5d91f96","2022-01-31 15:09:15.380"
"AG","10.110","39","10.120","56","-1,187","10.12","bef76ab0-2322-49f9-9aa6-d28c5084cb40","2022-01-31 15:09:15.380"
"AG","10.110","39","10.120","56","-1,187","10.12","5be63f90-0fd6-4379-bc58-9abe3b61039f","2022-01-31 15:09:15.380"
"AG","10.110","41","10.110","2","-1,187","10.11","e381fcbf-3c07-4ac2-b451-b7d2f4b891fc","2022-01-31 15:09:30.006"
"AG","10.110","78","10.120","30","-1,187","10.12","2e05bd27-a9c7-4781-b44e-4572963d0378","2022-01-31 15:10:12.089"
"ABB","34.440","16","34.450","61","348","34.40","11d19f40-ad1c-494d-8b66-4fb0aa9d0c18","2022-01-31 10:36:57.312"
"ABB","34.430","13","34.440","20","348","34.40","d1f94f9d-6833-4f08-9677-83bb7cfbded5","2022-01-31 10:36:57.312"
"ABB","34.420","22","34.430","8","348","34.40","6545e524-bee1-4429-9156-f7e6d15522e5","2022-01-31 10:36:57.312"
"ABB","34.420","13","34.430","18","348","34.40","d9b76a58-65f7-4760-afc8-df360dbd943f","2022-01-31 10:36:57.312"
"ABB","34.450","26","34.460","5","348","34.40","390fe022-1420-459a-abd8-d8be37d8ec80","2022-01-31 10:36:57.312"
"ABB","34.450","2","34.460","57","348","34.40","3025ffa5-1882-4c31-b6e8-76823cd1fb39","2022-01-31 10:36:57.312"
"ABB","34.440","11","34.450","22","348","34.40","7f28e0a6-382f-40b6-a435-dcb2ff3ae53a","2022-01-31 10:36:57.312"
"ABB","34.450","3","34.460","60","348","34.40","b9b93890-34a6-4bce-9091-ec5c60c107a8","2022-01-31 10:36:57.312"
"ABB","34.450","2","34.450","13","348","34.40","d781de9f-6593-46a0-a649-94f45e002c33","2022-01-31 10:36:57.312"
"ABB","34.440","12","34.450","15","348","34.40","550302f3-5079-4a83-ae17-75b13e0080e9","2022-01-31 10:36:57.312"
"ABB","34.440","25","34.450","1","348","34.40","3033ca28-7d49-451a-8d5f-553ea2e67ded","2022-01-31 10:36:57.312"
"ABB","34.450","6","34.460","65","348","34.40","8192e416-6691-4e09-b0f5-a1ba2a9aeea7","2022-01-31 10:36:57.312"
"ABB","34.460","21","34.470","69","348","34.40","0e66ca4b-68d0-485d-9902-c01e270ce516","2022-01-31 10:36:57.312"
"ABB","34.390","11","34.400","62","-348","34.40","533afee4-22c1-43aa-996a-3cf79b9b8c9b","2022-01-31 10:37:21.494"
"ABB","34.390","11","34.400","62","-348","34.40","b4a54887-fbc4-48fe-abae-68818b0b991d","2022-01-31 10:37:21.494"
"ABB","34.390","11","34.400","62","-348","34.40","b092e456-5768-412b-b5fc-6e3b2b13a068","2022-01-31 10:37:21.494"
"ABB","34.390","11","34.400","62","-348","34.40","0c2937e9-ef76-4514-b457-21179653c97c","2022-01-31 10:37:21.494"
"ABB","34.390","11","34.400","62","-348","34.40","f3f797a2-3e9f-41de-8b9a-78f1e6c20396","2022-01-31 10:37:21.494"
"ABB","34.390","11","34.400","62","-348","34.40","678b0944-2356-42de-89c3-49b61c78e9b1","2022-01-31 10:37:21.494"
"ABB","34.390","11","34.400","62","-348","34.40","eafafb2d-580e-408c-9c38-a514c71f00cc","2022-01-31 10:37:21.494"
"ABB","34.390","1","34.390","30","-348","34.39","17a61eaa-a0f9-48e5-aef3-496110955876","2022-01-31 10:38:20.006"
"ABB","34.390","1","34.390","30","-348","34.39","9dc9dcf5-1caa-405e-8eb6-b88bb00997c0","2022-01-31 10:38:20.006"
"ABB","34.380","1","34.390","28","-348","34.39","3866f44e-4c41-475b-8e75-265d6fe9b7ff","2022-01-31 10:39:04.245"
"ABB","34.380","6","34.390","27","-348","34.39","7bc2dcf1-ff6d-4fd4-ba7b-8ed7dacb958b","2022-01-31 10:39:43.994"
"ABB","34.380","6","34.390","27","-348","34.39","239805fe-7c07-45cd-9876-4378028bc199","2022-01-31 10:39:43.994"
"ABB","34.350","27","34.360","22","-348","34.36","734ac0c9-f2d7-4e73-a57e-04907b3896de","2022-01-31 10:41:05.503"
"ABB","34.490","19","34.500","56","349","34.33","aaef091f-4906-4f32-84c3-02eab499748d","2022-01-31 10:42:12.701"
"ABB","34.350","18","34.360","1","-349","34.36","351e2168-4893-48ce-b462-a66e25c4a803","2022-01-31 10:43:51.769"
"ABB","34.370","12","34.380","55","348","34.38","6e7080f7-98d3-49fd-bbeb-20da309ec17a","2022-01-31 10:53:30.006"
"ABB","34.310","19","34.320","15","-348","34.32","53af65fa-890b-4e46-8110-d07fca228743","2022-01-31 10:56:56.105"
"ABB","34.210","14","34.220","6","351","34.11","664beb03-da1d-4a70-aafc-72b109688615","2022-01-31 11:29:19.063"
"ABB","34.210","14","34.220","6","351","34.11","557fa009-c773-42c4-a702-598244ca8477","2022-01-31 11:29:19.063"
"ABB","34.220","10","34.230","13","351","34.11","19e58de0-f789-41eb-aa27-7bff9a8643c5","2022-01-31 11:29:19.063"
"ABB","34.210","12","34.220","2","351","34.11","534e6ffc-2ebe-47a9-b55c-7aca3455a96a","2022-01-31 11:29:19.063"
"ABB","34.230","12","34.240","41","351","34.11","fe24acb4-74d6-4ed2-b2d2-f58f0c35b5ee","2022-01-31 11:29:19.063"
"ABB","34.230","11","34.240","1","351","34.11","e2e56959-16af-4fe3-be33-e080456eeb25","2022-01-31 11:29:19.063"
"ABB","34.240","9","34.250","8","351","34.11","8ec8efe9-a60f-4a79-883d-01aea6bf694d","2022-01-31 11:29:19.063"
"ABB","34.250","3","34.250","1","351","34.11","92016da8-31d3-419a-8ee6-2bffa3fe5cbf","2022-01-31 11:29:19.063"
"ABB","34.250","4","34.260","9","351","34.11","91b38744-29a9-4c49-a114-4f589ed2d9e2","2022-01-31 11:29:19.063"
"ABB","34.240","6","34.250","17","351","34.11","807bdace-cd85-41c5-a541-5e90b71e9a10","2022-01-31 11:29:19.063"
"ABB","34.250","14","34.260","1","351","34.11","6f653253-39cc-4deb-986a-b70cc0ffa927","2022-01-31 11:29:19.063"
"ABB","34.140","1","34.150","18","-351","34.15","e55d8d94-9eac-4708-81a1-d2b2e7ca6e29","2022-01-31 11:30:21.108"
"ABB","34.140","1","34.150","18","-351","34.15","dad08004-e359-405b-a7d9-30357e38c0c9","2022-01-31 11:30:21.108"
"ABB","34.140","1","34.150","18","-351","34.15","ba53ca3e-a8e7-4ded-b174-55b628472f89","2022-01-31 11:30:21.108"
"ABB","34.140","1","34.150","18","-351","34.15","2b96c752-082d-44ed-b94d-b608b0d75ced","2022-01-31 11:30:21.108"
"ABB","34.140","1","34.150","18","-351","34.15","0375445c-b6f0-4e5a-aeaa-d6979c60ce2f","2022-01-31 11:30:21.108"
"ABB","34.140","1","34.150","18","-351","34.15","65896d69-3c62-452b-8927-b30b5c5c305e","2022-01-31 11:30:21.108"
"ABB","34.150","12","34.160","25","-351","34.16","c979a283-60e7-4478-acfd-0a0208907deb","2022-01-31 11:30:37.608"
"ABB","34.150","12","34.160","25","-351","34.16","cfe79683-2487-4a89-a2ab-41eb4f72abf5","2022-01-31 11:30:37.608"
"ABB","34.150","12","34.160","25","-351","34.16","04a3b2aa-b137-484c-b6a4-bc9889cbf935","2022-01-31 11:30:37.608"
"ABB","34.150","12","34.160","19","-351","34.16","5cec0006-9572-4f5d-a64e-d96896e93fd9","2022-01-31 11:30:41.840"
"ABB","34.130","9","34.140","12","-351","34.14","09408e5a-a83a-4772-94ac-7f13ef46117d","2022-01-31 11:31:42.403"
"ABB","34.440","7","34.450","25","348","34.40","0da8db89-f284-4459-bdde-46bf54ebcbe6","2022-01-31 12:24:01.046"
"ABB","34.440","6","34.450","22","348","34.40","084e6d80-424b-44ce-9e97-b0f5d268ddfa","2022-01-31 12:24:01.046"
"ABB","34.440","2","34.450","34","348","34.40","7f3835eb-858b-4dba-af23-63e63fa80a0f","2022-01-31 12:24:01.046"
"ABB","34.440","2","34.450","34","348","34.40","edaec930-e59a-4c98-a2dc-6d8e41d900aa","2022-01-31 12:24:01.046"
"ABB","34.430","8","34.430","1","348","34.40","739db796-ed22-483c-afa4-1a32b94584c2","2022-01-31 12:24:01.046"
"ABB","34.430","14","34.440","13","348","34.40","8e27cd14-f838-414d-9b7d-492941c78901","2022-01-31 12:24:01.046"
"ABB","34.420","20","34.430","36","348","34.40","1069858c-33e4-409c-806d-c38cb61344c9","2022-01-31 12:24:01.046"
"ABB","34.420","20","34.430","36","348","34.40","0cac75dd-8cec-4142-b16f-957bb668a4b9","2022-01-31 12:24:01.046"
"ABB","34.420","6","34.430","13","348","34.40","58315e99-716a-4537-a4e6-093946a1bae7","2022-01-31 12:24:01.046"
"ABB","34.440","14","34.450","22","348","34.39","3908911e-e115-42b8-9cf7-c7a699c7927f","2022-01-31 12:24:26.328"
"ABB","34.440","10","34.450","26","348","34.39","f76843e7-c9d7-47f1-b90c-1b021b0b97d4","2022-01-31 12:24:26.328"
"ABB","34.380","10","34.390","18","-348","34.39","548d267d-50dc-4ed1-9e78-931540da696a","2022-01-31 12:24:43.540"
"ABB","34.380","10","34.390","18","-348","34.39","fe2d9976-7646-4a45-9ed3-4e1038667407","2022-01-31 12:24:43.540"
"ABB","34.380","10","34.390","18","-348","34.39","8e8a34c2-5cb5-4a04-89c8-cd1dc5ebe7b4","2022-01-31 12:24:43.540"
"ABB","34.380","10","34.390","18","-348","34.39","f9232f20-e1f4-412b-a0e2-3ffc2d2bc1ba","2022-01-31 12:24:43.540"
"ABB","34.380","10","34.390","18","-348","34.39","58233a38-a41c-4575-8249-ef6e20e330b3","2022-01-31 12:24:43.540"
"ABB","34.380","9","34.390","9","-348","34.39","8a494b8f-ef72-4c47-8fd4-72f9546d98a4","2022-01-31 12:24:43.540"
"ABB","34.380","9","34.390","9","-348","34.39","b5bb3139-9318-4e2f-8e62-38b92b30fcb5","2022-01-31 12:24:43.540"
"ABB","34.370","18","34.380","9","-348","34.38","e3495512-38a9-4f82-889d-46bac5897edc","2022-01-31 12:25:56.024"
"ABB","34.370","18","34.380","9","-348","34.38","d180c680-fa25-45fc-9a24-f099c645d409","2022-01-31 12:25:56.024"
"ABB","34.380","9","34.390","13","-348","34.39","7192c215-2364-4e82-96a7-36c115c8f537","2022-01-31 12:26:07.236"
"ABB","34.390","11","34.400","9","-348","34.40","2975e88c-7953-4641-94b8-db42355e6652","2022-01-31 12:26:44.742"
"ABB","34.420","8","34.430","10","348","34.40","07ad239e-8733-484c-bd8e-a323e1579309","2022-01-31 12:33:02.246"
"ABB","34.420","8","34.430","10","348","34.40","8ca421ff-41ea-454c-b438-d1c2b760c999","2022-01-31 12:33:02.246"
"ABB","34.420","8","34.430","10","348","34.39","40f7ae55-cfaa-4267-b567-3b345a8f3e5e","2022-01-31 12:33:53.927"
"ABB","34.390","14","34.390","1","-348","34.39","9f511975-d76c-47e0-9dc3-f77b4f41668e","2022-01-31 12:34:10.006"
"ABB","34.390","14","34.390","1","-348","34.39","4596ca31-436c-4d43-a946-c9a774016b1a","2022-01-31 12:34:10.006"
"ABB","34.390","14","34.390","1","-348","34.39","e7c53ee7-a8dd-4478-80c7-040555c3d385","2022-01-31 12:34:20.006"
"ABB","34.460","14","34.470","19","348","34.41","141f0ba8-d54b-4461-8b10-06329a53d4bd","2022-01-31 13:02:22.352"
"ABB","34.440","2","34.450","33","348","34.41","346d3c94-ce8e-4360-9dd7-f25ca2c4f636","2022-01-31 13:02:22.352"
"ABB","34.430","20","34.440","4","348","34.41","bb8686de-131d-490a-8184-d7fa72f85c0e","2022-01-31 13:02:22.352"
"ABB","34.430","14","34.440","34","348","34.41","a54a851c-7506-44ef-a463-9e031f829dbf","2022-01-31 13:02:22.352"
"ABB","34.420","9","34.430","22","348","34.41","b565e929-9229-4c72-a69b-8bd83b226aef","2022-01-31 13:02:22.352"
"ABB","34.410","15","34.420","11","-348","34.42","de7961f9-d482-4a33-86e5-a36bd249cb27","2022-01-31 13:03:53.857"
"ABB","34.410","15","34.420","11","-348","34.42","aad1f5b4-9a51-4e69-a2f7-ae88ac7e0e78","2022-01-31 13:03:53.857"
"ABB","34.410","15","34.420","11","-348","34.42","86611ad2-ac26-48a7-a2fd-079b0fa839de","2022-01-31 13:03:53.857"
"ABB","34.410","15","34.420","11","-348","34.42","dfb3bc30-bd9c-44c4-a80a-d8efc4653c6e","2022-01-31 13:03:53.857"
"ABB","34.410","27","34.420","5","-348","34.42","8b6f0b26-80b5-4737-ab8f-542ba51a1857","2022-01-31 13:03:53.857"
"ABB","34.420","20","34.430","26","348","34.43","6c6e88d8-f871-45f3-a9ea-247b9e7a6560","2022-01-31 13:13:30.006"
"ABB","34.450","18","34.460","16","-348","34.46","e9fb3c4f-2bde-4764-b046-2436be32ac9e","2022-01-31 13:18:25.457"
"ABB","34.500","20","34.510","10","348","34.48","3c20747b-351a-4d7a-ab3e-a70da43c1a55","2022-01-31 13:44:17.105"
"ABB","34.500","20","34.510","10","348","34.48","15c192a1-19c7-48ae-b9cf-de1d45269d5c","2022-01-31 13:44:17.105"
"ABB","34.500","15","34.510","13","347","34.48","3e8bb15a-85af-40d6-9de8-7803c5b4898e","2022-01-31 13:44:17.105"
"ABB","34.510","12","34.520","17","348","34.48","969ddaa4-e574-4241-86b1-5c3545d4d8c8","2022-01-31 13:44:17.105"
"ABB","34.510","6","34.520","18","347","34.48","e5a5f6d7-05de-423d-9219-86d7b28474cf","2022-01-31 13:44:17.105"
"ABB","34.510","16","34.520","16","347","34.48","43eba76e-1b13-487f-a477-97f22c5e1789","2022-01-31 13:44:17.105"
"ABB","34.510","10","34.520","16","347","34.48","06a1b5ab-7b95-40b4-8eb5-6d5af330d894","2022-01-31 13:44:17.105"
"ABB","34.510","10","34.520","16","348","34.48","7d0d4827-28e2-4caf-8159-892a7376bae0","2022-01-31 13:44:17.105"
"ABB","34.510","10","34.520","16","348","34.48","0686acdd-f2bc-4a73-a4b6-ab0e9a0a1182","2022-01-31 13:44:17.105"
"ABB","34.510","10","34.520","16","348","34.48","5904cbbc-3c43-47fb-8542-355b7b00c2aa","2022-01-31 13:44:17.105"
"ABB","34.510","12","34.520","14","348","34.48","406d3d16-e770-413a-a95b-a3e3af8d500d","2022-01-31 13:44:17.105"
"ABB","34.510","13","34.520","15","348","34.47","2c6a79fc-a67f-4762-9886-006739f03bd7","2022-01-31 13:44:21.053"
"ABB","34.520","12","34.530","14","348","34.47","5868fb41-232d-4e52-b1d3-2f05a672a461","2022-01-31 13:44:21.053"
"ABB","34.510","1","34.510","14","348","34.47","3efe4fbc-6c21-4a8c-b0e5-2f500662b91f","2022-01-31 13:44:21.053"
"ABB","34.470","13","34.480","18","-348","34.48","2160794d-2cbd-454a-801c-67408e0e6370","2022-01-31 13:45:06.244"
"ABB","34.470","13","34.480","18","-348","34.48","87624564-7a70-4946-8c89-811b363c9b54","2022-01-31 13:45:06.244"
"ABB","34.470","13","34.480","18","-348","34.48","3e6076cd-a2ce-4622-a4ea-7a282dbb0410","2022-01-31 13:45:06.244"
"ABB","34.470","13","34.480","18","-348","34.48","82437962-5687-43d1-aeaa-26feb3904d89","2022-01-31 13:45:06.244"
"ABB","34.470","13","34.480","18","-348","34.48","26433c39-2a6d-4573-96e5-22f3eab7b21f","2022-01-31 13:45:06.244"
"ABB","34.470","13","34.480","18","-347","34.48","87c01072-0972-4e8d-8818-a6a36aa9ac7e","2022-01-31 13:45:06.244"
"ABB","34.470","13","34.480","18","-348","34.48","196e3204-2bc2-48d6-94ca-911628d8c226","2022-01-31 13:45:06.244"
"ABB","34.470","13","34.480","18","-347","34.48","571ddfc1-3268-403e-99f6-3373148fbec2","2022-01-31 13:45:06.244"
"ABB","34.470","13","34.480","18","-348","34.48","277eaa9d-a183-475b-a696-16e320dd994e","2022-01-31 13:45:06.244"
"ABB","34.470","13","34.480","18","-348","34.48","419b12f4-c847-49e0-bc18-3782d76fb10a","2022-01-31 13:45:06.244"
"ABB","34.470","13","34.480","18","-347","34.48","6fa45786-7ca5-47ef-880f-4f694f28eafa","2022-01-31 13:45:06.244"
"ABB","34.470","13","34.480","18","-348","34.48","49612a01-09ab-4efd-8f4c-a7901fc7fb8c","2022-01-31 13:45:06.244"
"ABB","34.470","12","34.480","16","-347","34.48","36d1ba0b-5b04-40fa-a5e2-c98d193e1777","2022-01-31 13:45:06.244"
"ABB","34.470","16","34.480","5","-348","34.48","1ffea2f5-c548-437f-b3ef-7bb1c4031ef1","2022-01-31 13:45:12.294"
"ABB","34.600","19","34.610","15","347","34.58","2210a25f-a898-47cd-a2fa-04ec538d3867","2022-01-31 14:47:40.013"
"ABB","34.580","14","34.590","19","347","34.58","f4e04443-5587-474a-b139-0841d82f2ed2","2022-01-31 14:47:40.013"
"ABB","34.580","14","34.590","19","347","34.58","e832696a-dc20-457d-9116-47a4429c125b","2022-01-31 14:47:40.013"
"ABB","34.580","17","34.590","18","-347","34.59","a0e9b340-4cb1-482c-b796-5ca8a884ee1a","2022-01-31 14:48:25.166"
"ABB","34.580","22","34.590","12","-347","34.59","f64e0a73-3812-43c9-96b3-66e11fa270bb","2022-01-31 14:49:22.617"
"ABB","34.580","22","34.590","12","-347","34.59","bc093936-16f2-46f7-9ae9-cd54ce1cc37b","2022-01-31 14:49:22.617"
"ABB","34.610","16","34.620","10","347","34.56","010a5023-95d7-4b6c-b904-cad8451b485a","2022-01-31 14:53:43.660"
"ABB","34.610","16","34.620","10","347","34.56","60e3e9a5-f883-48d6-8b08-3e39ad1a7342","2022-01-31 14:53:43.660"
"ABB","34.610","9","34.620","22","347","34.56","25cbf69e-3075-473f-b212-12a2c9afae82","2022-01-31 14:53:43.660"
"ABB","34.600","11","34.610","25","347","34.56","8c63cd69-d6bf-4d89-9c28-486ca6e9f459","2022-01-31 14:53:43.660"
"ABB","34.570","22","34.580","5","-347","34.58","3ead1720-41b3-4a99-8bcd-6d58469353e9","2022-01-31 14:55:00.222"
"ABB","34.570","22","34.580","5","-347","34.58","0691ad42-b569-4047-8592-9efffb2479c6","2022-01-31 14:55:00.222"
"ABB","34.570","17","34.580","14","-347","34.58","1302bcf7-34bf-46d8-96aa-4b6219706432","2022-01-31 14:55:00.222"
"ABB","34.570","17","34.580","14","-347","34.58","bf8b5a58-8814-4eea-ac6e-cfa4f80f878b","2022-01-31 14:55:00.222"
"ABB","34.590","15","34.600","14","346","34.60","51fa85a3-2341-4b4f-9618-6adb8a2f0ab0","2022-01-31 14:58:10.006"
"ABB","34.570","11","34.580","9","-346","34.58","dab2177e-d86c-49ab-9333-ff2afba775f0","2022-01-31 15:05:50.732"
"ABB","34.550","12","34.560","16","347","34.54","f1e38d45-f19e-4a66-b95b-d4d3840a3ee0","2022-01-31 15:24:34.302"
"ABB","34.550","12","34.560","21","347","34.54","eb55d4d4-0335-48fd-9aca-d595eb9d4267","2022-01-31 15:24:34.302"
"ABB","34.550","12","34.560","20","-347","34.56","11c5adc3-dbb5-4977-9141-6e9a8442d232","2022-01-31 15:25:47.556"
"ABB","34.550","12","34.560","20","-347","34.56","9bb14533-ac20-4f2d-8af1-8034c93e2bd6","2022-01-31 15:25:47.556"
"ABB","34.540","13","34.550","23","347","34.51","24971805-7393-4f38-a85f-a65fc5d76973","2022-01-31 15:30:09.533"
"ABB","34.600","31","34.610","10","-347","34.60","0d3e4578-1e4f-4316-ae24-ebef968025ea","2022-01-31 15:48:00.006"
"ALB","216.150","1","216.480","1","55","216.00","6ab17fbe-882a-45ed-b2a8-e85c60c7eff7","2022-01-31 10:42:44.311"
"ALB","216.170","1","216.470","1","55","216.00","de25680c-9c72-4896-abdd-86b1b9f9eeea","2022-01-31 10:42:44.311"
"ALB","216.180","2","216.460","1","-55","216.46","28cc5bd7-e8f0-49be-b100-ef42d00316cd","2022-01-31 10:44:13.915"
"ALB","216.410","3","216.970","1","55","215.21","0217e442-41e0-4460-bf57-75c8264c6b3a","2022-01-31 10:47:19.009"
"ALB","215.310","2","215.650","2","-55","215.68","701d1e70-6192-43e5-9e06-5aa137aaca75","2022-01-31 10:48:47.992"
"ALB","215.440","2","215.740","1","-55","215.74","24424dc2-1217-4c36-be1b-d98022bfa631","2022-01-31 10:48:54.593"
"ALB","216.810","1","217.000","1","55","216.02","f1c2f835-7739-4a00-b9de-6e3d2d8cab04","2022-01-31 10:58:35.961"
"ALB","216.830","1","217.000","1","55","216.02","878c53e2-07f8-45a0-a588-cf294c89edad","2022-01-31 10:58:35.961"
"ALB","216.760","1","217.000","2","55","216.02","02d2abd9-f8db-4457-9615-c0fb4140e992","2022-01-31 10:58:35.961"
"ALB","216.730","1","217.000","2","55","216.02","78e939e9-e505-46e4-8885-4607f4525bd9","2022-01-31 10:58:35.961"
"ALB","216.650","1","217.130","1","55","216.02","797ae1ac-fe97-4bc7-9169-4dac01718033","2022-01-31 10:58:35.961"
"ALB","216.730","1","217.090","1","55","216.02","84d9c3d8-14b4-4168-8297-5ce76c4aae14","2022-01-31 10:58:35.961"
"ALB","216.600","1","217.050","1","55","216.02","29abeb27-099e-469e-8b4c-bb6ca495bb37","2022-01-31 10:58:35.961"
"ALB","216.560","1","217.080","1","55","216.02","e940fb8d-21c1-4d8f-b090-e68c7a35ac41","2022-01-31 10:58:35.961"
"ALB","216.470","1","216.800","6","55","216.02","638bb2a8-01a1-41ce-9efa-9b83156cdbca","2022-01-31 10:58:35.961"
"ALB","216.290","1","216.740","7","55","216.02","92a6300c-bbd0-4dd7-ae59-3cc47618cc5e","2022-01-31 10:58:35.961"
"ALB","216.560","2","216.850","2","55","215.94","52961c65-a9e0-429b-b238-ea6b01427844","2022-01-31 10:58:45.022"
"ALB","216.580","2","217.000","1","55","215.94","a8b27964-32bd-4a9d-b0bd-cc2f1aeda25c","2022-01-31 10:58:45.022"
"ALB","216.870","1","217.000","1","55","215.94","fe8a9275-20b6-4ed1-ac51-fb16dfaca05b","2022-01-31 10:58:45.022"
"ALB","216.710","1","217.000","1","55","215.94","62344086-3c9f-4cfc-a01b-533b2921be73","2022-01-31 10:58:45.022"
"ALB","216.070","2","216.400","1","-55","216.40","f0156118-1001-4e6a-9ef1-8d4de06e1b51","2022-01-31 10:59:46.625"
"ALB","216.070","2","216.400","1","-55","216.40","a1d2d0a5-92de-447c-b33e-ca9b09e87b93","2022-01-31 10:59:46.625"
"ALB","216.070","2","216.400","1","-55","216.40","9db82965-5559-4956-b572-57ba0452e6a2","2022-01-31 10:59:46.625"
"ALB","216.070","2","216.400","1","-55","216.40","cac2a827-2ab6-4cbe-9ace-525851ed97ba","2022-01-31 10:59:46.625"
"ALB","216.070","2","216.400","1","-55","216.40","0985fa42-a346-4fcf-8e4b-628f8953e727","2022-01-31 10:59:46.625"
"ALB","216.470","1","216.860","2","-55","216.86","016a8049-1a9e-4a1d-92a0-2360fe82a12c","2022-01-31 10:59:58.174"
"ALB","216.470","1","216.860","2","-55","216.86","1a49fd1a-b999-4bb8-9f4d-4187810fbd0d","2022-01-31 10:59:58.174"
"ALB","216.470","1","216.860","2","-55","216.86","c243c2ff-634f-4425-9db4-7ecb2852e84e","2022-01-31 10:59:58.174"
"ALB","216.470","1","216.860","2","-55","216.86","db4ccffe-9f6e-4e71-bade-91f3bb3bd3ae","2022-01-31 10:59:58.174"
"ALB","216.470","1","216.860","2","-55","216.86","fa43540e-3f71-4d4f-9cd4-32f46d6c1026","2022-01-31 10:59:58.174"
"ALB","216.640","1","217.240","1","-55","217.26","d1486e14-74cb-40bc-9d1d-4bd156bb4db9","2022-01-31 11:00:18.722"
"ALB","216.780","1","217.220","1","-55","217.22","b7c75069-fb5f-42c5-9b0f-70dbac792c55","2022-01-31 11:01:16.696"
"ALB","216.830","1","217.210","1","-55","217.21","106a4048-e778-4d5d-ad09-8603ad0004fa","2022-01-31 11:01:34.295"
"ALB","217.040","1","217.450","1","-55","217.65","ee7a5f4d-539b-4c54-955a-e051dc175ede","2022-01-31 11:01:40.691"
"ALB","216.200","2","216.590","1","55","215.43","f66b0d03-9e6d-4688-83bc-91c56b1dd41b","2022-01-31 11:10:43.014"
"ALB","216.060","1","216.380","1","55","215.43","ca101834-e0f0-49ee-82d0-d395b1633c7f","2022-01-31 11:10:43.014"
"ALB","216.060","1","216.540","3","55","215.43","c188c925-65c8-41bb-9f1f-f16f632ed8e0","2022-01-31 11:10:43.014"
"ALB","216.060","1","216.540","3","55","215.43","b5bc1359-d631-4245-ac9a-57a90a96eaf6","2022-01-31 11:10:43.014"
"ALB","216.060","1","216.540","3","55","215.43","674f6f06-d3bd-40df-bdba-9d4ec885aac5","2022-01-31 11:10:43.014"
"ALB","215.440","1","215.860","1","-55","215.94","33661017-4e7e-4879-bcca-2b6152cf4485","2022-01-31 11:12:16.008"
"ALB","215.410","2","215.860","1","-55","215.94","ecb25293-248f-40da-b94f-7c6cb588505b","2022-01-31 11:12:16.008"
"ALB","215.410","2","215.860","1","-55","215.94","e3bf770d-f176-4c78-87c8-3b6060be3802","2022-01-31 11:12:16.008"
"ALB","216.000","2","216.380","2","-55","216.38","86cc7f50-2bed-4613-957f-ae035848b95a","2022-01-31 11:13:24.122"
"ALB","216.690","4","217.330","1","55","215.16","7c0d912b-1964-452f-a496-abce03b60f3e","2022-01-31 11:17:09.831"
"ALB","216.690","4","217.330","1","55","215.16","9be05414-dc9b-42ad-85eb-0b8394518b1f","2022-01-31 11:17:09.831"
"ALB","216.730","2","217.230","1","55","215.16","bd826f5f-1b63-48c6-902a-7607bf15a008","2022-01-31 11:17:09.831"
"ALB","216.730","1","217.170","5","55","215.16","6abea21f-8ded-47e4-b947-41fb953cc8b7","2022-01-31 11:17:09.831"
"ALB","216.220","1","216.640","1","55","215.16","32ea771a-5513-4908-87d5-ee146245dedb","2022-01-31 11:17:09.831"
"ALB","215.980","3","216.510","1","55","215.16","868e4ed1-0e5b-43a0-955a-259cf1fc6da6","2022-01-31 11:17:09.831"
"ALB","216.000","1","216.460","1","55","215.16","b4918bfe-3f03-4060-8b66-5334274485b7","2022-01-31 11:17:09.831"
"ALB","216.020","1","216.460","1","55","215.16","f24a2c10-1e4d-43b1-8fd0-983863698e38","2022-01-31 11:17:09.831"
"ALB","216.350","2","216.840","2","55","215.16","cf7c8620-f37b-42d9-9229-17a46bbc07b6","2022-01-31 11:17:09.831"
"ALB","216.380","1","216.820","1","55","215.16","9e924607-bc5c-4b9d-81ba-9921141031eb","2022-01-31 11:17:09.831"
"ALB","216.380","1","216.770","2","55","215.16","20abbd67-dc10-44be-8f1a-485889ce54da","2022-01-31 11:17:09.831"
"ALB","216.330","1","216.710","1","55","215.16","14d196b6-49ff-4b55-a343-adf308c0161e","2022-01-31 11:17:09.831"
"ALB","215.000","1","215.450","1","-55","215.47","35261392-6f0e-48b5-9594-250c77dc7f1a","2022-01-31 11:17:29.649"
"ALB","215.000","1","215.450","1","-55","215.47","ece62fcd-07f4-49c1-be02-9ba8b524b296","2022-01-31 11:17:29.649"
"ALB","215.000","1","215.450","1","-55","215.47","a73d4898-d69b-48bb-ab6d-6316c70e708e","2022-01-31 11:17:29.649"
"ALB","215.000","1","215.450","1","-55","215.47","c36d5d62-3ee7-483f-8870-bdd9dc12439a","2022-01-31 11:17:29.649"
"ALB","215.000","1","215.450","1","-55","215.47","7577b66e-f454-43d8-beb9-d4504747953a","2022-01-31 11:17:29.649"
"ALB","215.000","1","215.450","1","-55","215.47","69b92863-be41-4a56-9499-d4a055de3156","2022-01-31 11:17:29.649"
"ALB","215.000","1","215.450","1","-55","215.47","df53e683-f662-453e-90c0-8814c1be8a88","2022-01-31 11:17:29.649"
"ALB","215.000","1","215.450","1","-55","215.81","38cbcf8c-f1c9-4286-9173-151cc5f5a1b5","2022-01-31 11:18:05.558"
"ALB","215.000","1","215.450","1","-55","215.81","3d486151-ac3d-4296-9cfd-931e50cc8016","2022-01-31 11:18:05.558"
"ALB","215.000","1","215.450","1","-55","215.81","fba4d9eb-f63f-4d56-8a43-6c6da4e82149","2022-01-31 11:18:05.558"
"ALB","215.000","1","215.450","1","-55","215.81","5c877e17-e6d7-4a8c-8ef6-ba180a4a49c4","2022-01-31 11:18:05.558"
"ALB","215.000","1","215.450","1","-55","215.81","49e9136a-d153-4280-9674-8c8e41cffdb8","2022-01-31 11:18:05.558"
"ALB","215.000","1","215.450","1","-55","215.81","85f64287-c202-4d4a-9865-dcd56a5cae09","2022-01-31 11:18:05.558"
"ALB","217.590","1","217.960","2","55","217.12","8642eb5a-bdd1-4ae6-8114-94640e74b82c","2022-01-31 12:14:38.640"
"ALB","217.590","1","217.960","2","55","217.12","2f7ff4c2-f1d4-4491-9850-83678fbb18c4","2022-01-31 12:14:38.640"
"ALB","217.590","1","217.960","2","55","217.12","03cc774c-85f6-4299-b207-3c81f098f39d","2022-01-31 12:14:38.640"
"ALB","217.450","1","217.710","1","55","217.12","a1c6a91c-2ddf-403e-9221-22864308d6b4","2022-01-31 12:14:38.640"
"ALB","217.450","1","217.820","1","55","217.12","c36a722e-3ae7-4d7c-b06b-e01580340dcd","2022-01-31 12:14:38.640"
"ALB","217.070","1","217.360","1","-55","217.36","d171c0f0-6960-4675-b497-8061169ebdc1","2022-01-31 12:16:04.603"
"ALB","217.070","1","217.360","1","-55","217.36","a0cefa82-5798-4eed-9137-2643755bd1f4","2022-01-31 12:16:04.603"
"ALB","217.070","1","217.360","1","-55","217.36","e2166a62-05bb-4c3a-8da8-ed8cdc5eebae","2022-01-31 12:16:04.603"
"ALB","217.370","1","217.570","1","-55","217.57","c13e476d-bd7d-4251-982c-4b145f4f9e58","2022-01-31 12:16:31.579"
"ALB","217.360","2","217.720","2","-55","217.72","4d74e1cb-75e8-46e5-acf1-3abc4e50abb8","2022-01-31 12:17:04.899"
"ALB","217.540","1","217.970","2","55","217.23","298ee25c-dcfc-42a7-a5d6-bf75cad4ee58","2022-01-31 12:24:32.731"
"ALB","217.570","1","217.950","2","55","217.23","28fbab01-68d4-4d6d-bcc3-b98832761738","2022-01-31 12:24:32.731"
"ALB","217.950","1","218.330","1","55","217.18","e39ce3f6-b623-47c4-b662-9cb77fc2ab94","2022-01-31 12:24:32.805"
"ALB","217.710","3","218.130","2","55","217.18","a87014e1-6596-4e98-84a9-13da3524299e","2022-01-31 12:24:32.805"
"ALB","217.740","1","217.990","1","55","217.18","89e78cb9-9201-4fff-99a4-6160d32bcc13","2022-01-31 12:24:32.805"
"ALB","217.870","1","218.160","2","55","217.18","a36a2440-3f67-4725-801b-d810b5837760","2022-01-31 12:24:32.805"
"ALB","217.870","2","218.160","2","55","217.18","28465048-d3a8-47de-8bca-d2356880179a","2022-01-31 12:24:32.805"
"ALB","217.900","1","218.150","1","55","217.18","a435fa99-1aef-48ec-9610-2b6de1c121e1","2022-01-31 12:24:32.805"
"ALB","217.900","2","218.140","1","55","217.18","2b47ccdc-cd25-4c04-825e-f737b0b85a85","2022-01-31 12:24:32.805"
"ALB","217.760","1","218.000","1","55","217.18","a5bc214e-6f4c-4b8e-af65-f4f3fb26037f","2022-01-31 12:24:32.805"
"ALB","217.440","1","217.790","11","55","217.18","f502c7c0-82fd-40ee-a657-f8bf2f5dde04","2022-01-31 12:24:32.805"
"ALB","217.440","2","217.780","1","55","217.18","55a28eff-d6de-4026-a6bf-bce07d2db56b","2022-01-31 12:24:32.805"
"ALB","216.940","2","217.340","1","-55","217.34","483beee6-f6d1-4f76-a732-57a57028baa7","2022-01-31 12:25:42.278"
"ALB","216.940","2","217.340","1","-55","217.34","006aa2c9-fe43-40d8-9caa-b6aac4a67d7c","2022-01-31 12:25:42.278"
"ALB","216.940","2","217.340","1","-55","217.34","42f9820b-a7be-4c17-beac-90cb24f0c06c","2022-01-31 12:25:42.278"
"ALB","216.940","2","217.340","1","-55","217.34","8324e133-8e6f-4291-8902-bfd7c73d0ea3","2022-01-31 12:25:42.278"
"ALB","216.950","1","217.440","1","-55","217.47","55f00b72-d0dc-49b0-a668-5d74780e7f1c","2022-01-31 12:26:36.758"
"ALB","216.950","1","217.440","1","-55","217.47","c08d9164-038b-44d3-9d59-eaba1d9d8f15","2022-01-31 12:26:36.758"
"ALB","216.950","1","217.440","1","-55","217.47","e0cdef55-3b3c-4d57-8ea1-29e2703944bd","2022-01-31 12:26:36.758"
"ALB","216.950","1","217.440","1","-55","217.47","4a636956-7ea4-43e5-b370-5377be3eaa7d","2022-01-31 12:26:36.758"
"ALB","216.950","1","217.440","1","-55","217.47","51985313-5ee8-4c9e-b4f7-1a8e7caee6d8","2022-01-31 12:26:36.758"
"ALB","217.520","1","217.870","2","-55","218.06","b337e1ec-9d3a-4535-9cc2-fba7d6df23fc","2022-01-31 12:27:39.088"
"ALB","217.780","1","218.070","10","-55","218.07","dd92184b-49c1-4522-8250-be38626ed7c8","2022-01-31 12:28:19.686"
"ALB","217.660","2","218.200","2","-55","218.34","64f2a99f-e9e5-4477-bb5b-35c21b212119","2022-01-31 12:28:20.511"
"ALB","218.120","2","218.510","1","55","217.19","f63d557b-1277-4a66-aa2e-765d85d92682","2022-01-31 12:33:55.816"
"ALB","218.160","1","218.450","1","55","217.19","5f254df7-edcf-46a6-9736-40a33dd7977b","2022-01-31 12:33:55.816"
"ALB","218.200","2","218.440","1","55","217.19","4ad74110-329d-4e6a-9d13-43ebf5be7305","2022-01-31 12:33:55.816"
"ALB","218.010","2","218.410","1","55","217.19","8fa43638-fd4f-4bfe-9820-71b38f90bf3b","2022-01-31 12:33:55.816"
"ALB","217.460","1","217.710","1","-55","217.71","f2b7523f-edf4-492a-9917-07fc20980958","2022-01-31 12:35:36.230"
"ALB","217.460","1","217.710","1","-55","217.71","47108da2-6752-4aed-a11b-9628c0cd154f","2022-01-31 12:35:36.230"
"ALB","217.770","1","218.070","1","-55","218.07","841b5c1f-63da-4e0a-aa88-8408a7c06588","2022-01-31 12:36:45.258"
"ALB","217.930","1","218.370","2","-55","218.37","d333c498-e19d-42ef-9a1d-f2419122565b","2022-01-31 12:37:19.173"
"ALB","218.010","2","218.310","1","55","217.86","388554b2-6fc9-40d3-a61f-ca2523886dfe","2022-01-31 13:05:05.478"
"ALB","217.670","2","218.050","2","-55","218.18","f037f02a-20cc-4346-9e55-78c306c47961","2022-01-31 13:06:24.912"
"ALB","218.250","1","218.730","2","55","217.78","e9f6cb9c-aaad-4ec3-a35f-e25c00eb97c0","2022-01-31 13:11:17.402"
"ALB","218.250","1","218.730","2","55","217.78","3b8798b9-666b-4b7a-b3e1-8c0ca8c63d89","2022-01-31 13:11:17.402"
"ALB","218.280","1","218.550","1","55","217.78","13380ff0-2c56-4f79-9b3e-726a9833ce9c","2022-01-31 13:11:17.402"
"ALB","218.270","1","218.530","1","55","217.78","4d206e70-2d46-4483-b2ea-e1b895ccfcfa","2022-01-31 13:11:17.402"
"ALB","217.960","1","218.310","1","-55","218.31","2e4c4fcc-f7a6-4ae8-9b07-15a8ec1d7aa1","2022-01-31 13:14:43.458"
"ALB","217.850","2","218.180","2","-55","218.18","65c48fb7-a432-41c5-8838-7428eab91fff","2022-01-31 13:16:00.137"
"ALB","217.960","1","218.340","1","-55","218.35","e740645e-bab7-451c-b2b5-33df306141e0","2022-01-31 13:16:25.786"
"ALB","217.950","1","218.350","6","-55","218.35","51cd858a-40b5-49d7-a4c7-0d843590c280","2022-01-31 13:16:31.925"
"ALB","217.980","2","218.280","1","55","217.80","88d1ef34-519a-4143-bd69-6707b58a5579","2022-01-31 13:23:17.956"
"ALB","217.980","2","218.300","1","55","217.80","ba1922ce-212a-4128-82b1-f3fb9e6f8a63","2022-01-31 13:23:17.956"
"ALB","217.750","1","218.260","1","-55","218.28","eca8ed4b-c817-4021-9de0-63c2093e8958","2022-01-31 13:25:29.453"
"ALB","218.620","2","218.890","6","55","217.69","d9c260c8-92bc-447d-ae5f-0ed2d956fdb4","2022-01-31 13:27:24.664"
"ALB","218.620","2","218.890","6","55","217.69","d52579dc-7fff-4145-b497-a375a689a978","2022-01-31 13:27:24.664"
"ALB","216.940","1","217.240","2","-55","217.24","33bf7a00-5ee1-42a6-b5fc-a7bcb44fd2b6","2022-01-31 13:30:20.780"
"ALB","216.940","1","217.240","2","-55","217.24","bd2713b1-10bf-4d36-b3e2-0252319f73ba","2022-01-31 13:30:20.780"
"ALB","217.060","1","217.310","1","-55","217.51","c8c6d083-2406-4be0-abb1-f4d3342629ce","2022-01-31 13:30:35.790"
"ALB","216.900","1","217.260","1","55","217.26","e9c21406-59ae-426f-a3f6-f3df424aca72","2022-01-31 13:40:20.006"
"ALB","216.900","1","217.370","1","-55","217.50","b61b6203-98e2-4010-9f6f-c0cd6d1d14ee","2022-01-31 13:45:32.084"
"ALB","217.450","2","217.760","2","55","217.30","b216b874-39d1-493f-a5bc-2a53aa11a692","2022-01-31 14:09:37.538"
"ALB","217.630","1","217.920","1","-55","217.92","fbdb3d71-f28c-4e39-825e-13f6c180ebea","2022-01-31 14:15:43.028"
"ALB","218.100","2","218.550","3","55","218.01","fac6ec8a-cb0c-48df-a61b-6beda3a11dbb","2022-01-31 14:47:57.642"
"ALB","218.820","1","219.310","2","55","218.01","a1910119-da66-4907-ae78-c8b851236345","2022-01-31 14:47:57.642"
"ALB","218.620","1","218.990","1","55","218.01","e5b2a9ad-a567-4d0a-899d-caf02b08fce2","2022-01-31 14:47:57.642"
"ALB","217.920","2","218.280","1","-55","218.29","4b624e63-0b05-4c5d-aae4-7036975b299f","2022-01-31 14:48:25.232"
"ALB","218.190","1","218.460","1","-55","218.46","46aa6c6f-1e6e-4fdb-aae6-cb556fe779e6","2022-01-31 14:49:31.334"
"ALB","218.180","1","218.460","1","-55","218.46","89e4254c-ce3d-406a-812e-71468dc84a66","2022-01-31 14:50:00.551"
"ALB","218.510","1","218.860","1","55","218.15","a8e338de-cc2f-45ce-963d-2a7444c9615d","2022-01-31 15:08:23.655"
"ALB","218.510","1","218.860","1","55","218.15","3aca3242-fc67-4c54-b27d-ffe6fe80adda","2022-01-31 15:08:23.655"
"ALB","218.500","1","218.850","2","55","218.15","a089e48c-6007-4933-8853-f4971c5cff92","2022-01-31 15:08:23.655"
"ALB","218.500","1","218.830","1","55","218.15","ba60bebc-761d-4090-9382-9378f63a74a6","2022-01-31 15:08:23.655"
"ALB","218.560","1","218.930","5","54","218.15","cbbb5694-763a-4ae4-8887-864e4fb1c1de","2022-01-31 15:08:23.655"
"ALB","218.250","4","218.570","1","55","218.02","ae8a8462-ec2c-430d-8938-9bc0c4f9b2c8","2022-01-31 15:08:25.584"
"ALB","218.770","2","219.240","2","55","218.02","2354f542-7bd8-42d9-9d0f-95fa22be7ce3","2022-01-31 15:08:25.584"
"ALB","218.700","2","218.930","1","55","218.02","2c0b27be-5e4d-48c5-9e38-d6d2a6dbe6b5","2022-01-31 15:08:25.584"
"ALB","218.700","2","218.930","1","55","218.02","01b5aeb8-e5ab-43d6-9cc2-9d37be51ac1f","2022-01-31 15:08:25.584"
"ALB","218.700","2","218.930","1","55","218.02","27379690-71d3-435f-82f1-d1e41494d41c","2022-01-31 15:08:25.584"
"ALB","218.700","1","218.930","7","55","218.02","036bce1e-b649-4edc-912c-49d2bca8c60a","2022-01-31 15:08:25.584"
"ALB","218.700","1","218.930","7","55","218.02","6e03991d-ff6f-4212-8ce7-47c6e3763c4c","2022-01-31 15:08:25.584"
"ALB","218.440","1","218.700","1","55","218.02","8029e0e4-34c1-4b9b-8cb9-b6842f3158b6","2022-01-31 15:08:25.584"
"ALB","218.930","2","219.300","1","55","218.00","5dcf8c60-819c-41a3-bf8b-91c4ed74d3e8","2022-01-31 15:08:31.109"
"ALB","218.620","1","218.930","1","55","218.00","e3b7d36e-ed6a-4c1b-bd3b-2317dd9e2f22","2022-01-31 15:08:31.109"
"ALB","218.580","2","218.930","1","55","218.00","f1541f1e-259b-4cbd-b835-a5b8de0bc5d2","2022-01-31 15:08:31.109"
"ALB","217.790","1","218.040","1","-55","218.04","f5493e25-f48c-4e85-a599-88665147eca2","2022-01-31 15:09:45.628"
"ALB","217.790","1","218.040","1","-55","218.04","ace5d464-a021-4c7a-85f2-0d784b6462db","2022-01-31 15:09:45.628"
"ALB","217.790","1","218.040","1","-54","218.04","5130ee94-7724-4e92-9b01-4e68954dbdc0","2022-01-31 15:09:45.628"
"ALB","217.790","1","218.040","1","-55","218.04","3dabd5e8-f5fa-4051-828b-96747cd73b48","2022-01-31 15:09:45.628"
"ALB","217.790","1","218.040","1","-55","218.04","a02a86a4-a914-4cf3-977b-165fea9ecf76","2022-01-31 15:09:45.628"
"ALB","217.810","1","218.050","1","-55","218.05","823eaf16-9a04-4b4d-abc5-3413a3350e3b","2022-01-31 15:09:45.628"
"ALB","217.810","1","218.050","1","-55","218.05","48c33e6f-2df5-443d-b886-8a93412cc3d8","2022-01-31 15:09:45.628"
"ALB","217.810","1","218.050","1","-55","218.05","0bf1e384-5268-4fcb-9a7a-cebedf9c0625","2022-01-31 15:09:45.628"
"ALB","217.810","1","218.050","1","-55","218.05","2f17d80f-d5d9-4bec-b2eb-c0d4aa3cca9a","2022-01-31 15:09:45.628"
"ALB","217.810","1","218.050","1","-55","218.05","349a49ca-c44d-48d4-a05c-aa0793ee78a5","2022-01-31 15:09:45.628"
"ALB","217.810","1","218.050","1","-55","218.05","89d110f4-7d26-4a43-a5dd-7d1914583ccf","2022-01-31 15:09:45.628"
"ALB","217.800","1","217.970","1","-55","217.97","185280c0-c640-4b92-add4-42381d3bc156","2022-01-31 15:11:13.429"
"ALB","217.960","3","218.240","1","-55","218.25","2052725f-b941-42c4-b03d-bcbb4d6b042e","2022-01-31 15:11:17.023"
"ALB","217.960","3","218.240","1","-55","218.25","93bb6a20-d961-476b-85d9-733cf4b1bade","2022-01-31 15:11:17.023"
"ALB","218.460","1","218.750","1","55","217.53","6f226f87-53c1-402d-bbc4-5bca526d044b","2022-01-31 15:12:33.099"
"ALB","217.110","1","217.590","1","-55","217.59","480696e5-d17c-41ad-a5f0-9d0b20fafeb9","2022-01-31 15:15:18.759"
"ALB","217.110","1","217.590","1","-55","217.59","773cd336-8ea3-47f3-a21c-29e9ae4d1075","2022-01-31 15:15:18.759"
"ALB","217.110","1","217.580","1","-55","217.59","78fa0314-4186-4eb4-8e25-c762c3c8e6bf","2022-01-31 15:15:18.759"
"ALB","218.340","1","218.710","2","54","218.27","55acbb23-af67-48df-8aca-4c2d5a15f209","2022-01-31 15:24:34.317"
"ALB","218.490","1","218.650","1","-54","218.70","f059a05c-7726-4058-b651-4885c9f0c55c","2022-01-31 15:26:14.968"
"ALB","218.480","1","218.640","1","55","217.89","62769120-d631-47fe-bb0d-22f182f6bcde","2022-01-31 15:30:10.065"
"ALB","218.220","1","218.550","2","55","217.89","83d06cac-b4e9-4b01-baf2-3524f0f702e6","2022-01-31 15:30:10.065"
"ALB","218.220","1","218.530","1","55","217.89","30fd67c2-30ad-4794-8b70-4e9950cd2f75","2022-01-31 15:30:10.065"
"ALB","217.870","1","218.190","2","-55","219.17","3c2794cc-6a3b-4569-80b9-d3155f047930","2022-01-31 15:32:34.781"
"ALB","217.870","1","218.190","2","-55","219.17","b280eea3-b9de-4d62-87b6-65e9baf581ea","2022-01-31 15:32:34.781"
"ALB","217.870","1","218.190","2","-55","219.17","f668d50f-135a-4288-b649-4efb29e4eabe","2022-01-31 15:32:34.781"
"ALC","76.180","7","76.250","1","157","75.98","f7df6f42-e5ce-4708-b5b2-21b02f66117e","2022-01-31 10:28:57.487"
"ALC","76.180","7","76.250","1","157","75.98","418502fa-333d-4d6c-97d7-96a19651b2f1","2022-01-31 10:28:57.487"
"ALC","76.100","7","76.180","3","157","75.98","e7f6b53f-7191-43f6-b71b-5a895b75cf66","2022-01-31 10:28:57.487"
"ALC","76.080","10","76.180","9","157","75.98","06c7eb61-e0c2-45a4-96f7-062163d22164","2022-01-31 10:28:57.487"
"ALC","76.080","10","76.180","9","157","75.98","5afa433f-6593-40b9-a87a-df2170085a9f","2022-01-31 10:28:57.487"
"ALC","75.980","1","76.020","2","-157","76.02","65caa575-2abe-41f1-8fbb-ed76485c25e1","2022-01-31 10:29:50.259"
"ALC","75.980","1","76.020","2","-157","76.02","f897b14a-7420-4d91-8863-7330ee30b433","2022-01-31 10:29:50.259"
"ALC","75.970","2","76.020","7","-157","76.02","2ba974d3-9266-446c-8ad0-266dfe95e22b","2022-01-31 10:30:02.518"
"ALC","75.990","1","76.080","8","-157","76.08","17e55328-e8f6-423b-a7b0-b6152669e5cb","2022-01-31 10:30:23.954"
"ALC","75.990","1","76.080","8","-157","76.08","9af01553-6906-4a8a-a1a0-60fc2db45e69","2022-01-31 10:30:23.954"
"ALC","76.060","7","76.150","1","157","76.00","91909a99-32da-4bb9-b962-a6c6d547ad1d","2022-01-31 10:30:54.618"
"ALC","76.060","7","76.150","1","157","76.00","9ab6a99d-6c33-44d4-a17d-0d91f62e32da","2022-01-31 10:30:54.618"
"ALC","75.970","1","76.060","12","-157","76.06","9def8b10-07ba-492e-9edd-28d276aa059f","2022-01-31 10:31:30.402"
"ALC","75.970","1","76.060","12","-157","76.06","be3720a4-3059-4f1f-90f8-315b66008587","2022-01-31 10:31:30.402"
"ALC","76.140","7","76.220","9","157","75.97","1a9fcfb9-5d9e-4e87-9a86-7c45baa6035b","2022-01-31 10:32:39.038"
"ALC","76.140","7","76.220","9","157","75.97","7ba51d60-7618-4ff7-8d82-f6198d0c26c1","2022-01-31 10:32:39.038"
"ALC","76.140","7","76.220","9","157","75.97","c9e20290-bc98-46ad-aa87-fc636fbe3fc5","2022-01-31 10:32:39.038"
"ALC","76.000","1","76.040","9","-157","76.04","e9acfbd7-2f89-4d1b-a01f-4d04f3cd4a32","2022-01-31 10:33:07.474"
"ALC","76.000","1","76.040","9","-157","76.04","e955837e-6be4-4136-8e4d-98500e57599c","2022-01-31 10:33:07.474"
"ALC","75.970","1","76.040","10","-157","76.04","ec233998-cf9e-46d9-ba20-65c408ae0963","2022-01-31 10:33:14.275"
"ALC","76.400","8","76.480","7","157","76.37","c8d2bb6c-6b37-4948-b128-d8076161d956","2022-01-31 11:16:00.181"
"ALC","76.400","1","76.460","7","157","76.37","4406aead-ac52-4b5c-916f-1b871e954851","2022-01-31 11:16:00.181"
"ALC","76.360","12","76.440","2","-157","76.44","6634b5ba-f634-4d27-a356-87bbd66e4868","2022-01-31 11:17:20.117"
"ALC","76.360","12","76.440","2","-157","76.46","df9f28e1-d67e-4400-ab34-ab413a70a7a7","2022-01-31 11:17:35.408"
"ALC","76.520","7","76.600","8","157","76.16","f30e55bc-83df-476b-9a5a-8cde9afcc5b2","2022-01-31 11:22:03.391"
"ALC","76.520","9","76.600","1","157","76.16","e582a846-79e3-4b8d-8acf-ffc0a9c75e4a","2022-01-31 11:22:03.391"
"ALC","76.560","7","76.620","1","157","76.16","68978acf-3653-454d-97a6-771875af3516","2022-01-31 11:22:03.391"
"ALC","76.560","7","76.620","1","157","76.16","a02ce238-618d-47aa-a8cf-35804ce0b5db","2022-01-31 11:22:03.391"
"ALC","76.540","9","76.620","7","157","76.16","27f7aae2-0338-41cd-bcfa-58c717021267","2022-01-31 11:22:03.391"
"ALC","76.540","10","76.620","7","157","76.16","16135a77-b6c2-48dd-8763-9812deabd30c","2022-01-31 11:22:03.391"
"ALC","76.540","3","76.620","1","157","76.16","58e18d05-e05a-4ced-b20d-6c16a56fea0e","2022-01-31 11:22:03.391"
"ALC","76.070","4","76.130","2","-157","76.13","fbee9120-fd7e-4116-9058-32e0f522b1c6","2022-01-31 11:22:55.230"
"ALC","76.070","4","76.130","2","-157","76.13","99a9d05f-2629-4c95-84d1-d7b4f889de04","2022-01-31 11:22:55.230"
"ALC","76.070","4","76.130","2","-157","76.13","2df90518-dc62-457b-b755-8e57ff32821c","2022-01-31 11:22:55.230"
"ALC","76.080","3","76.140","1","-157","76.14","15c93755-d195-4c19-9300-8e5cec5028cd","2022-01-31 11:23:01.232"
"ALC","76.080","3","76.140","1","-157","76.14","659544e2-5162-43a7-8897-5ca55f9ae047","2022-01-31 11:23:01.232"
"ALC","76.120","4","76.160","2","-157","76.16","4c475bfc-288a-433e-96c1-3e731086e0e6","2022-01-31 11:23:13.146"
"ALC","76.190","5","76.260","1","-157","76.26","92aacbdf-87e6-406c-a403-8d821a4d5a05","2022-01-31 11:24:00.072"
"ALC","76.200","1","76.310","2","157","76.22","a2e36c0b-6f53-471b-97cb-d13d1a41660b","2022-01-31 11:41:12.091"
"ALC","76.280","3","76.340","1","157","76.14","db3cb2ca-3d4d-4dc0-b234-cfb07c520ab8","2022-01-31 11:45:10.461"
"ALC","76.290","3","76.340","1","157","76.14","f6b73d97-f488-4b97-88ef-f77b82a764e0","2022-01-31 11:45:10.461"
"ALC","76.290","3","76.340","1","157","76.14","c3042a95-20f6-46dd-b6ef-78f2e0b1faa0","2022-01-31 11:45:10.461"
"ALC","76.290","3","76.340","1","157","76.14","cfbaf90f-dc21-45d5-9297-dc614eb0ca91","2022-01-31 11:45:10.461"
"ALC","76.290","2","76.360","1","157","76.14","2bbf264c-da19-41e3-90b5-fb3531d85809","2022-01-31 11:45:10.461"
"ALC","76.290","2","76.360","1","157","76.14","2c8030b0-3b22-4849-97ab-77bcf5f02ba5","2022-01-31 11:45:10.461"
"ALC","76.150","1","76.200","4","-157","76.20","19e0cfe3-d33b-45f2-8fc0-7bce2b8deebb","2022-01-31 11:51:16.256"
"ALC","76.150","1","76.200","4","-157","76.20","dbe5ba21-413e-4cc4-978c-35e8be33412a","2022-01-31 11:51:16.256"
"ALC","76.150","1","76.200","4","-157","76.20","390eb374-9680-4ce0-9444-62ed92ae55e5","2022-01-31 11:51:16.256"
"ALC","76.150","1","76.200","4","-157","76.20","a7e14cdd-5161-42f1-9438-9eaa33003c9b","2022-01-31 11:51:16.256"
"ALC","76.200","3","76.260","2","-157","76.26","91644f69-06d6-4fd7-b905-9eb0a62069b7","2022-01-31 11:51:21.040"
"ALC","76.200","3","76.260","2","-157","76.26","2fd7b3ec-e0fb-42f4-9ac1-a7ff54220f2f","2022-01-31 11:51:21.040"
"ALC","76.230","1","76.260","1","-157","76.26","e14d79f3-fe7e-4a5d-a19b-be0ffb976412","2022-01-31 11:51:31.066"
"ALC","76.660","2","76.760","3","156","76.46","bdb98c7d-79f4-49bb-a7dc-ec2de459586b","2022-01-31 12:26:03.703"
"ALC","76.660","3","76.750","4","156","76.46","bee6f6a6-bdf0-491e-aca4-d95b1b3f7fac","2022-01-31 12:26:03.703"
"ALC","76.670","2","76.750","4","156","76.46","6d268fb8-016a-47bf-a686-a8d57eac84b9","2022-01-31 12:26:03.703"
"ALC","76.670","2","76.750","2","156","76.46","d8f8d74f-034e-46f3-9449-37b3c4cdaf7b","2022-01-31 12:26:03.703"
"ALC","76.580","1","76.750","4","156","76.46","39d4ecd0-f505-4506-bcac-6ec5f129ccdd","2022-01-31 12:26:03.703"
"ALC","76.580","2","76.680","1","156","76.46","937d113a-5aa4-4269-b526-9bebf5f215e9","2022-01-31 12:26:03.703"
"ALC","76.580","2","76.680","1","156","76.46","63c4eae4-3f47-4908-9e85-ff2f9a31ebfe","2022-01-31 12:26:03.703"
"ALC","76.520","3","76.600","1","-156","76.60","7d3985cd-a2c4-45fe-bf7a-56ed65764837","2022-01-31 12:27:20.013"
"ALC","76.520","3","76.600","1","-156","76.60","f253d592-c1b5-4019-aac9-3ed195f2fd9e","2022-01-31 12:27:20.013"
"ALC","76.520","3","76.600","1","-156","76.60","1ab40fc6-347b-421e-9b0e-bd81cb2302db","2022-01-31 12:27:20.013"
"ALC","76.520","3","76.600","1","-156","76.60","178dd56e-5d53-4530-a124-68903077e039","2022-01-31 12:27:20.013"
"ALC","76.550","2","76.600","1","-156","76.60","fdb035cb-85c3-49af-9383-2d9ba826c3dd","2022-01-31 12:27:32.758"
"ALC","76.550","2","76.600","1","-156","76.60","76109fce-b631-45ff-b9d1-b2e7f0693b1c","2022-01-31 12:27:32.758"
"ALC","76.570","2","76.710","2","-156","76.73","99a618c8-34f9-45d1-952f-d34ed76147e7","2022-01-31 12:29:06.120"
"ALC","76.610","1","76.700","1","156","76.54","5abc1fad-c6a2-41ae-92dd-09d6fabcd97a","2022-01-31 12:38:16.284"
"ALC","76.600","2","76.660","2","-156","76.66","a7dc8709-69b9-48e7-8afb-a912bdcb612d","2022-01-31 12:46:22.569"
"ALC","76.740","1","76.820","2","156","76.65","5ca873ce-1a9b-4b02-b2f5-30fd106ef8ea","2022-01-31 13:02:58.941"
"ALC","76.720","1","76.780","1","156","76.65","3e8e16c4-e1c0-41d9-8444-34fb6417f83f","2022-01-31 13:02:58.941"
"ALC","76.720","2","76.800","1","156","76.62","18e668f4-f937-458c-b446-af9b58a3c6d4","2022-01-31 13:03:08.871"
"ALC","76.720","2","76.790","1","156","76.62","5f1eb6c8-b492-45df-aa04-32a625016108","2022-01-31 13:03:08.871"
"ALC","76.730","5","76.820","2","156","76.62","83ca5585-5984-4ae9-bc44-fb8530ee3510","2022-01-31 13:03:08.871"
"ALC","76.730","3","76.820","1","156","76.62","91b7ca26-6792-4d6e-8d5c-a22985259f62","2022-01-31 13:03:08.871"
"ALC","76.730","3","76.820","1","156","76.62","63c1dfb6-a82c-40b3-a0d5-3c75af9d5958","2022-01-31 13:03:08.871"
"ALC","76.750","2","76.820","1","156","76.62","2d3990f8-f692-446f-9a04-80664c4d9bd9","2022-01-31 13:03:08.871"
"ALC","76.460","2","76.560","4","-156","76.56","54720e92-5867-4a83-b43a-7672fd495922","2022-01-31 13:06:43.059"
"ALC","76.460","2","76.560","4","-156","76.56","a69b0bfe-b3c7-4c66-8899-a34d781df05a","2022-01-31 13:06:43.059"
"ALC","76.460","2","76.560","4","-156","76.56","fb31fc52-0493-4bab-afd9-e9a08e201190","2022-01-31 13:06:43.059"
"ALC","76.460","2","76.560","4","-156","76.56","410e6585-3799-48be-90e1-5e08a2d84f8d","2022-01-31 13:06:43.059"
"ALC","76.510","4","76.620","1","-156","76.65","eb59dcf1-8804-4437-80b0-9210d1164dc6","2022-01-31 13:07:19.976"
"ALC","76.510","4","76.620","1","-156","76.65","e96e928a-533e-4496-89d4-088ac45c3b14","2022-01-31 13:07:19.976"
"ALC","76.540","1","76.640","1","-156","76.64","847bfa07-62d0-47a8-b92b-2188626f0764","2022-01-31 13:07:36.166"
"ALC","76.520","1","76.650","1","-156","76.65","3d12fc24-f062-49c4-967c-b822f12a8f59","2022-01-31 13:07:38.423"
"ALC","76.560","2","76.730","1","156","76.65","763cc0ef-04bb-4f6d-9846-f41c279a2f85","2022-01-31 13:08:11.723"
"ALC","76.590","2","76.740","2","-156","76.76","6cacfc08-2781-437c-871b-1abf8568e4aa","2022-01-31 13:13:14.332"
"ALC","76.660","2","76.760","1","156","76.66","31a0e3d5-6726-4fdd-9537-17d51ad23931","2022-01-31 13:14:37.843"
"ALC","76.660","2","76.760","1","156","76.66","95c9aa50-1d32-4ab2-901b-3b86c514dcf8","2022-01-31 13:14:37.843"
"ALC","76.660","2","76.760","1","156","76.66","e39f53c9-879e-476a-adf7-57b72173b54f","2022-01-31 13:14:37.843"
"ALC","76.710","1","76.780","1","-156","76.78","963d9c87-6355-46ad-80dd-e3449c78be87","2022-01-31 13:15:42.343"
"ALC","76.690","2","76.780","1","-156","76.78","234cdb44-517d-473f-a05e-a271d1d0d0b8","2022-01-31 13:15:42.343"
"ALC","76.700","3","76.780","1","-156","76.78","2eeb52ae-897d-478d-92b7-389d32dc5028","2022-01-31 13:19:00.509"
"ALC","76.660","3","76.770","1","156","76.59","e7973939-069d-4319-be36-486f37136867","2022-01-31 13:31:13.514"
"ALC","76.660","1","76.770","2","156","76.59","b7efb5b5-3270-48db-b421-cf3feb74b045","2022-01-31 13:31:13.514"
"ALC","76.530","1","76.590","5","-156","76.59","3fc21a4f-9c97-4b8f-b73b-c2bc4601c318","2022-01-31 13:32:33.452"
"ALC","76.560","3","76.670","2","-156","76.67","a9862a9d-aeb8-4d4c-abf9-8bac8412f360","2022-01-31 13:33:27.614"
"ALC","76.580","1","76.680","1","156","76.68","44d9f88c-ddf6-4112-8393-f326fb939bb5","2022-01-31 13:34:30.006"
"ALC","76.550","5","76.640","2","-156","76.64","61959bd4-b726-4a28-94e3-db26746b8809","2022-01-31 13:38:33.969"
"ALC","76.660","3","76.770","1","156","76.51","234cb56c-1b2f-4c44-8ec5-b5c5a17f7fdb","2022-01-31 13:48:32.496"
"ALC","76.660","3","76.770","1","156","76.51","667f2e3b-308c-49f7-93cf-64a463340e5f","2022-01-31 13:48:32.496"
"ALC","76.510","1","76.580","3","-156","76.58","62b11dce-de6b-4f05-bccd-c00e2e4fe604","2022-01-31 13:53:00.539"
"ALC","76.510","1","76.580","3","-156","76.58","986d10e5-920f-4ff6-9391-f8d9a3fb43ba","2022-01-31 13:53:00.539"
"ALC","76.590","1","76.670","3","156","76.56","3324d647-2312-4015-89b9-df91c833733d","2022-01-31 13:58:00.036"
"ALC","76.600","1","76.660","1","156","76.56","75d27fb5-e832-46ed-a1fe-f3ad69519700","2022-01-31 13:58:00.036"
"ALC","76.600","1","76.660","1","156","76.56","49b31cd3-fed5-490b-afc2-66c730dea0e6","2022-01-31 13:58:00.036"
"ALC","76.600","1","76.660","1","156","76.56","c81cfd3f-4919-46e6-867f-1fe5658f6d49","2022-01-31 13:58:00.036"
"ALC","76.600","2","76.660","1","156","76.56","f8327ee6-b834-4b03-bc41-6d7714c42bea","2022-01-31 13:58:00.036"
"ALC","76.580","2","76.630","1","-156","76.63","b7db5a47-e208-4fbb-b131-ff6f2b499945","2022-01-31 13:59:48.073"
"ALC","76.580","2","76.630","1","-156","76.63","d039f475-5e65-48c3-ad03-19b6434f54b6","2022-01-31 13:59:48.073"
"ALC","76.580","2","76.640","1","-156","76.66","1cfac4fd-2d64-4ffc-bda0-30cb33b2aab9","2022-01-31 13:59:57.196"
"ALC","76.580","2","76.640","1","-156","76.66","cc70cccc-aca8-4273-919c-377944a65224","2022-01-31 13:59:57.196"
"ALC","76.610","2","76.660","1","-156","76.66","76711f21-c5da-4cde-895e-ddf48bd6c291","2022-01-31 14:01:26.632"
"ALC","76.820","3","76.900","2","156","76.86","4b95f6ab-ca00-44ba-91b4-7108da5f735b","2022-01-31 14:52:27.811"
"ALC","76.820","2","76.930","1","-156","76.93","cee6200b-7cdf-4b33-be02-2dfbedb0fb5c","2022-01-31 14:53:33.052"
"ALC","76.840","2","76.930","1","156","76.83","3038e39b-d4e9-4737-9498-116c84f465dd","2022-01-31 14:55:05.976"
"ALC","76.840","2","76.930","1","156","76.83","f63988dc-315c-42e8-b68c-ef084dbc6889","2022-01-31 14:55:05.976"
"ALC","76.840","2","76.930","1","156","76.83","1e0eb587-7743-4c91-8ba3-34ee89133692","2022-01-31 14:55:05.976"
"ALC","76.840","2","76.930","1","156","76.83","0f4b45a2-a4ab-4500-b87a-ba187dbe9613","2022-01-31 14:55:05.976"
"ALC","76.810","1","76.840","1","156","76.81","2e371aa0-bc76-430f-a2da-94bedbbd99cc","2022-01-31 15:03:06.686"
"ALC","76.810","1","76.840","1","156","76.81","4007bfc2-4914-4181-ba5c-c90ead2aac2f","2022-01-31 15:03:06.686"
"ALC","76.800","2","76.850","1","-156","76.86","93d893d5-b68f-4483-a25e-ffbe33c9e069","2022-01-31 15:04:16.329"
"ALC","76.800","2","76.850","1","-156","76.86","a1f84411-5037-4751-a80f-3d548283301a","2022-01-31 15:04:16.329"
"ALC","76.800","2","76.850","1","-156","76.86","f3c535ac-33b3-4105-9861-61be53c4d8cd","2022-01-31 15:04:16.329"
"ALC","76.750","3","76.830","1","-156","76.85","0ebd1fcd-6076-48ee-989b-a8a0934fc1ba","2022-01-31 15:06:04.735"
"ALC","76.750","3","76.830","1","-156","76.85","1ad0704c-7f6b-4d90-9516-aab0066b6e78","2022-01-31 15:06:04.735"
"ALC","76.750","2","76.840","1","-156","76.85","396cc18b-ebd6-4976-b449-71692c0d5d3f","2022-01-31 15:06:04.735"
"ALC","76.760","5","76.830","2","156","76.72","3c17b10c-98f7-4cd2-af0b-08316ddbce95","2022-01-31 15:06:18.901"
"ALC","76.760","5","76.830","2","156","76.72","0473d8c9-b03c-4b3d-9eba-fd6aa1db6c75","2022-01-31 15:06:18.901"
"ALC","76.760","3","76.830","1","156","76.72","7accd8c2-ebf3-4d5b-a921-b6f1b24f532d","2022-01-31 15:06:18.901"
"ALC","76.870","1","76.920","4","156","76.70","b230d161-1905-4541-b821-124b8ed2ff6e","2022-01-31 15:08:00.100"
"ALC","76.810","2","76.890","1","156","76.70","a544d084-7bfc-4c3f-9aba-720a3c0bbdec","2022-01-31 15:08:00.100"
"ALC","76.850","1","76.900","3","156","76.70","fb593ead-2d93-4be7-8d3a-9dfdb93e9eab","2022-01-31 15:08:00.100"
"ALC","76.840","3","76.900","3","156","76.70","425c96d3-1027-42c8-9f0d-487fe991aff6","2022-01-31 15:08:00.100"
"ALC","76.760","3","76.840","2","156","76.70","90b40c7b-131e-4708-bf53-0de9f5b7e48c","2022-01-31 15:08:00.100"
"ALC","76.760","3","76.840","3","156","76.70","feaef7dc-ea20-4cf1-8058-5f7c0d4d56b9","2022-01-31 15:08:00.100"
"ALC","76.760","2","76.840","3","156","76.70","3eaceaa8-cd08-4c40-b589-67ab0145690d","2022-01-31 15:08:00.100"
"ALC","76.760","3","76.840","5","156","76.70","2db23ab8-2302-4bdf-8590-957c9dcc2f21","2022-01-31 15:08:00.100"
"ALC","76.680","3","76.740","1","156","76.56","5d2e338b-2407-4190-84e9-ecc24d5ac946","2022-01-31 15:11:15.841"
"ALC","76.510","3","76.610","1","-156","76.61","533d583f-55c0-4552-92ef-b945a3ed4207","2022-01-31 15:11:28.551"
"ALC","76.510","3","76.610","1","-156","76.61","c3f4d6df-27aa-4ad3-b5b2-af7ddf1d88e3","2022-01-31 15:11:28.551"
"ALC","76.510","3","76.610","1","-156","76.61","527266ac-0038-4870-94dd-aac9b1aab324","2022-01-31 15:11:28.551"
"ALC","76.550","1","76.610","1","-156","76.61","d1da29d1-945c-40fd-b328-50f3dc43e8fa","2022-01-31 15:11:28.551"
"ALC","76.540","1","76.610","1","-156","76.61","97808784-702d-4cd3-bebd-af86e8bdd592","2022-01-31 15:11:47.774"
"ALC","76.380","2","76.500","2","-156","76.50","d6b48c9c-612b-4daa-9891-470bead76d51","2022-01-31 15:15:46.384"
"ALC","76.380","2","76.500","2","-156","76.50","56635e21-c277-4434-8794-b52033de58ea","2022-01-31 15:15:46.384"
"ALC","76.380","2","76.500","2","-156","76.50","1030e9ae-e942-4b3a-8142-9fd713ddf3a7","2022-01-31 15:15:46.384"
"ALC","76.380","2","76.500","2","-156","76.50","bae11dd7-8287-4bc7-aa0e-b0e36b485e83","2022-01-31 15:15:46.384"
"ALC","76.390","2","76.500","2","-156","76.50","50375a1f-7a11-4cce-9a7b-dfa13977ed58","2022-01-31 15:15:46.384"
"ALC","76.390","2","76.500","2","-156","76.50","8919936c-316f-4202-bc4a-b16b616bf593","2022-01-31 15:15:46.384"
"ALC","76.420","2","76.500","3","-156","76.50","3efbf7ab-02b7-42b8-855d-dbd77f44fb71","2022-01-31 15:15:46.384"
"ALC","76.570","1","76.630","1","156","76.57","55a8c599-d290-4ef1-a3b1-f5d10abc7acf","2022-01-31 15:24:54.263"
"ALC","76.570","1","76.630","1","156","76.57","decfabbc-6a32-4346-878e-5d5349d9a213","2022-01-31 15:24:54.263"
"ALC","76.570","1","76.630","1","156","76.57","f940673e-b8d4-4ab4-b2ec-e14f1660cb9c","2022-01-31 15:24:54.263"
"ALC","76.610","2","76.660","1","-156","76.68","97eb570d-3124-4b89-9b28-2e5d48f4f952","2022-01-31 15:25:51.925"
"ALC","76.570","2","76.660","3","-156","76.68","496e1b4d-f454-41c6-8bd5-ff643b7a1553","2022-01-31 15:26:39.348"
"ALC","76.620","2","76.700","3","-156","76.71","fc8c4ca7-bbba-4668-983b-d0747cd7965d","2022-01-31 15:32:36.715"
"AEE","87.800","1","87.880","1","136","87.64","bdb829bf-3359-48ed-9d4d-2241e97f7e57","2022-01-31 10:05:18.373"
"AEE","87.550","2","87.620","2","-136","87.66","b5632493-4fd1-4d17-a137-44f64c65231c","2022-01-31 10:06:53.747"
"AEE","87.790","1","87.840","2","136","87.67","9e27b88e-eb4a-492a-8723-bda5ceefdb58","2022-01-31 10:34:43.846"
"AEE","87.860","1","87.920","3","136","87.61","7d5435cb-573c-432b-afc9-d8c62790eff6","2022-01-31 10:35:52.200"
"AEE","87.740","2","87.790","4","136","87.61","5eb2afb5-9463-467b-8b70-0ef8679ce33f","2022-01-31 10:35:52.200"
"AEE","87.800","3","87.830","1","136","87.61","f6d5f8e4-bce1-498c-9472-fbd81cc4ec34","2022-01-31 10:35:52.200"
"AEE","87.790","1","87.810","1","136","87.61","7cec799a-a78a-4639-ab92-2dd94698a558","2022-01-31 10:35:52.200"
"AEE","87.740","1","87.800","3","136","87.61","a94e4a92-3983-4582-b546-a5bc75ff637d","2022-01-31 10:35:52.200"
"AEE","87.740","1","87.780","3","136","87.61","5c9eb526-1fe7-4042-9690-0266e94bb1b7","2022-01-31 10:35:52.200"
"AEE","87.790","2","87.840","4","136","87.61","c646d3cd-91a5-4f04-be41-94183fe45001","2022-01-31 10:35:52.200"
"AEE","87.870","1","87.940","4","136","87.61","700f49d0-afeb-4955-bf30-07eb6edef0d8","2022-01-31 10:35:52.200"
"AEE","87.880","1","87.930","3","136","87.61","fe512cc2-15ae-4ddd-bab3-772340710525","2022-01-31 10:35:52.200"
"AEE","87.850","2","87.920","2","136","87.61","3cf6f90c-85cf-41ec-bd11-938a4893ae45","2022-01-31 10:35:52.200"
"AEE","87.870","3","87.910","1","136","87.61","3bc3eaf8-2bd3-49c1-8c48-2bdf3e9c4000","2022-01-31 10:35:52.200"
"AEE","87.850","1","87.890","1","136","87.61","f084c7d7-2093-4c78-9fe1-1231b085b019","2022-01-31 10:35:52.200"
"AEE","87.830","1","87.890","3","136","87.61","fda4e67e-b09f-4334-af65-c493aa5bb4af","2022-01-31 10:35:52.200"
"AEE","87.790","2","87.840","3","136","87.61","e50bc544-6dd1-4a30-94c7-0e6d5cf2ac06","2022-01-31 10:35:52.200"
"AEE","87.660","1","87.710","3","-136","87.74","2f4c967c-cb2f-4344-b416-6e4dcfb1b464","2022-01-31 10:36:17.132"
"AEE","87.660","1","87.710","3","-136","87.74","9f5e29a1-ce7f-4356-9669-5a9b6760207b","2022-01-31 10:36:17.132"
"AEE","87.660","1","87.710","3","-136","87.74","61768305-08f3-44f8-9e6e-ce1b0b58ae45","2022-01-31 10:36:17.132"
"AEE","87.660","1","87.710","3","-136","87.74","215add17-9d93-46ab-85b3-312d6154dd2f","2022-01-31 10:36:17.132"
"AEE","87.660","1","87.710","3","-136","87.74","84f44028-4923-40d1-a108-a675623c09eb","2022-01-31 10:36:17.132"
"AEE","87.660","1","87.710","3","-136","87.74","bb417542-58bc-427d-bc21-39cdbf8a2cac","2022-01-31 10:36:17.132"
"AEE","87.660","1","87.710","3","-136","87.74","3060d9e2-d128-4f17-9844-b6e5a04938c7","2022-01-31 10:36:17.132"
"AEE","87.660","1","87.710","3","-136","87.74","101dabd0-8d1f-4b06-a776-621fc5926335","2022-01-31 10:36:17.132"
"AEE","87.670","1","87.730","3","-136","87.73","d4d08527-a51d-49c8-9060-cdc90060f172","2022-01-31 10:36:33.383"
"AEE","87.670","1","87.730","3","-136","87.73","3b91b4a5-9152-45cf-8a1b-c669cd457c3b","2022-01-31 10:36:33.383"
"AEE","87.670","1","87.730","3","-136","87.73","055acfd0-92f6-49e1-bbdc-a40d823792e1","2022-01-31 10:36:49.563"
"AEE","87.670","1","87.730","3","-136","87.73","a0ab0037-3c65-48c9-9716-eb4cfec0c2c2","2022-01-31 10:36:49.563"
"AEE","87.670","1","87.730","3","-136","87.73","ab10292f-352e-4a5f-8264-046fe84ce404","2022-01-31 10:36:49.563"
"AEE","87.720","1","87.770","1","-136","87.77","c8f581b1-e862-4b22-9fc5-b6010eb808e5","2022-01-31 10:37:21.477"
"AEE","87.800","2","87.880","1","137","87.59","a440c2b4-b900-4541-8e2f-57a4fc8368bb","2022-01-31 10:39:09.826"
"AEE","87.780","1","87.840","1","137","87.59","704f62d1-7995-4464-92f9-054cc53bc9b5","2022-01-31 10:39:09.826"
"AEE","87.720","1","87.770","2","137","87.59","7b9b2369-a595-4005-8716-50df3d32a821","2022-01-31 10:39:09.826"
"AEE","87.750","2","87.820","2","137","87.59","eb1b3f2b-1c39-448f-8b0f-f69a5d65fcc9","2022-01-31 10:39:09.826"
"AEE","87.760","1","87.800","2","137","87.59","34e9b0fa-9bad-40b9-8628-fa20f2b6ca65","2022-01-31 10:39:09.826"
"AEE","87.750","1","87.820","3","137","87.59","ae7d50ca-42a3-48cf-b7d5-22445f6a5363","2022-01-31 10:39:09.826"
"AEE","87.560","2","87.620","3","-137","87.62","825f1e7b-343e-437d-b0ec-80e1e9e7c17c","2022-01-31 10:41:17.143"
"AEE","87.560","2","87.620","3","-136","87.62","b07a5a9e-578c-4477-a6a5-96733cf63264","2022-01-31 10:41:17.143"
"AEE","87.590","4","87.640","1","-137","87.64","68367028-c8c5-49a2-8fb1-a2fd7b70c28c","2022-01-31 10:41:30.951"
"AEE","87.590","4","87.640","1","-137","87.64","9dc0cf9c-807a-4d55-962e-ba49017e43b3","2022-01-31 10:41:30.951"
"AEE","87.590","4","87.640","1","-137","87.64","3670ec3c-5717-4368-b43c-a68e962960ab","2022-01-31 10:41:30.951"
"AEE","87.590","4","87.640","1","-137","87.64","aa60cc31-388b-45b1-8522-0ab45a5a16be","2022-01-31 10:41:30.951"
"AEE","87.590","1","87.640","3","-137","87.64","587d3c3c-0faa-4c58-9fd0-83cb70f14599","2022-01-31 10:41:30.951"
"AEE","87.690","2","87.750","3","137","87.50","d3d53513-6955-4713-83f2-8b3c94ed85cf","2022-01-31 10:46:02.340"
"AEE","87.570","1","87.610","4","-137","87.61","2f160e32-1778-441f-b730-44b00ad65938","2022-01-31 10:49:06.911"
"AEE","87.590","1","87.640","3","136","87.64","eeb3e915-425d-4434-a963-cb56b51b471a","2022-01-31 10:50:10.006"
"AEE","87.670","1","87.710","1","-136","87.71","ec1ab68b-c409-4fc3-a804-1ee8336813c4","2022-01-31 10:52:57.001"
"AEE","87.680","1","87.720","4","136","87.61","8c45cb52-9bcf-4e09-9cb0-0476d3a64622","2022-01-31 10:58:41.800"
"AEE","87.650","2","87.710","6","136","87.61","63e74ab3-2fca-4ed7-aa30-de927f688cb1","2022-01-31 10:58:41.800"
"AEE","87.660","1","87.700","2","136","87.61","3d8b98dc-112b-4a11-97c4-d6b8e72493a9","2022-01-31 10:58:41.800"
"AEE","87.700","5","87.730","1","136","87.61","8fe034c1-2456-42c4-9a72-38f1a162bb82","2022-01-31 10:58:41.800"
"AEE","87.600","4","87.640","5","-136","87.64","57738c3f-cb38-4ffe-93a1-4a48fe298abc","2022-01-31 11:00:00.233"
"AEE","87.600","4","87.640","5","-136","87.64","b9d0776f-f9a9-4b3a-9ea1-e5e20f3ec6a7","2022-01-31 11:00:00.233"
"AEE","87.660","2","87.680","1","-136","87.68","082cb8a7-979f-4168-ac43-e4df6aacbb5d","2022-01-31 11:00:17.391"
"AEE","87.670","1","87.710","4","137","87.59","62d9969f-2912-43dd-8a78-01bfc612978c","2022-01-31 11:01:34.221"
"AEE","87.580","1","87.620","1","-137","87.62","7e90e7e8-7f74-4209-8896-def00af182f2","2022-01-31 11:02:10.254"
"AEE","87.570","1","87.610","3","-136","87.61","d92fa237-c62c-4f9a-b341-433ecf93dc89","2022-01-31 11:02:23.093"
"AEE","87.760","2","87.810","2","136","87.73","37f74efd-b203-4ce4-9f9e-91c4fc3aeba5","2022-01-31 11:36:08.241"
"AEE","87.700","1","87.760","4","-136","87.76","2844e032-ae09-4b91-b613-ad358edb5353","2022-01-31 11:36:21.736"
"AEE","87.820","4","87.850","2","136","87.72","cb232cd5-5ea1-4eb6-8c3a-6208dd4ba619","2022-01-31 11:36:28.012"
"AEE","87.820","3","87.850","2","136","87.72","4c3fd568-f290-4c1f-bb90-74eb3b17432e","2022-01-31 11:36:28.012"
"AEE","87.780","1","87.820","3","136","87.72","a09d1a45-a6de-4bd6-86db-7931f41b6420","2022-01-31 11:36:28.012"
"AEE","87.830","1","87.870","3","136","87.72","2f824cf3-ffc4-426a-b5bb-39eae9f3f303","2022-01-31 11:36:28.012"
"AEE","87.830","1","87.860","2","136","87.72","3c0acbd8-3db6-4e43-90c0-55b9bc4ea810","2022-01-31 11:36:28.012"
"AEE","87.830","1","87.870","1","136","87.72","75406521-9a3d-450d-93c2-cea0869d4864","2022-01-31 11:36:28.012"
"AEE","87.830","1","87.870","1","136","87.72","b6305049-56a8-49fb-8824-1dc8ddf7e3b4","2022-01-31 11:36:28.012"
"AEE","87.830","1","87.860","2","136","87.72","e7a0195b-5023-4a6e-b877-256e4688dee0","2022-01-31 11:36:28.012"
"AEE","87.800","2","87.840","3","136","87.72","4fc80230-c918-4711-8915-bcee8d0bc25c","2022-01-31 11:36:28.012"
"AEE","87.750","2","87.800","1","136","87.72","41962bcf-235d-44c3-8be0-a43abef62fa8","2022-01-31 11:36:28.012"
"AEE","87.710","5","87.740","1","-136","87.75","8253832a-82d9-4a8a-85f3-c6934407ae3c","2022-01-31 11:39:50.068"
"AEE","87.710","5","87.740","1","-136","87.75","e431b280-17b5-44fd-bc07-6dcda62c6007","2022-01-31 11:39:50.068"
"AEE","87.710","5","87.740","1","-136","87.75","bad3c08c-e33d-4f14-9446-7db603489da5","2022-01-31 11:39:50.068"
"AEE","87.710","5","87.740","1","-136","87.75","05ad6bb4-a9e4-420b-83fa-e360045834de","2022-01-31 11:39:50.068"
"AEE","87.710","2","87.750","1","-136","87.76","1469c2c9-0ef5-4c24-a0e5-6ef98d1a8ea9","2022-01-31 11:40:13.597"
"AEE","87.710","2","87.750","1","-136","87.76","fc08c727-238c-4eb8-b573-5f5a14f6b841","2022-01-31 11:40:13.597"
"AEE","87.710","2","87.750","1","-136","87.76","44c9fdbf-1b03-497d-85f5-2b5d31354401","2022-01-31 11:40:13.597"
"AEE","87.710","2","87.750","1","-136","87.76","6b4b403f-5027-435c-bebf-a743c1035ba5","2022-01-31 11:40:13.597"
"AEE","87.710","2","87.750","1","-136","87.76","5961d3d2-f2e8-4c0a-a071-21b6813b729c","2022-01-31 11:40:13.597"
"AEE","87.760","1","87.790","1","-136","87.79","d95b5f18-5743-491d-b088-1d3fbb0e83a8","2022-01-31 11:40:27.877"
"AEE","88.160","6","88.190","2","135","88.19","35e5f847-08dc-4b3a-9267-43b06d5279fd","2022-01-31 12:41:40.006"
"AEE","88.070","2","88.110","3","-135","88.11","980aa981-d0c5-421d-8ab4-d5a14feed716","2022-01-31 12:43:51.355"
"AEE","88.140","2","88.170","2","136","88.05","db37cc83-b283-45dd-b2b5-591a673f6151","2022-01-31 12:44:25.832"
"AEE","88.130","3","88.170","2","136","88.05","22af2778-1421-435f-8f42-0e1e1bf5975e","2022-01-31 12:44:25.832"
"AEE","88.130","3","88.170","2","136","88.05","4e5ce68c-793e-416c-a878-a07a5b2c3da6","2022-01-31 12:44:25.832"
"AEE","88.160","2","88.200","3","136","88.03","4f8ac933-09d6-4473-a192-303bee5b46c1","2022-01-31 12:44:28.052"
"AEE","88.160","2","88.200","3","136","88.03","f2b73c19-57b2-4d3e-bd95-46184988c69b","2022-01-31 12:44:28.052"
"AEE","88.200","1","88.230","2","136","88.03","048896a3-2ead-44ab-a710-6cda1ccc5b4d","2022-01-31 12:44:28.052"
"AEE","88.180","1","88.200","2","136","88.03","7b94b49c-7c1b-49fe-a070-c06a208eca8d","2022-01-31 12:44:28.052"
"AEE","88.070","1","88.080","1","-136","88.08","4266f371-b618-48b6-9b7d-fca99d40150c","2022-01-31 12:45:20.420"
"AEE","88.070","1","88.080","1","-136","88.08","09a241d3-22dd-44df-af70-45431809baa4","2022-01-31 12:45:20.420"
"AEE","88.070","1","88.080","1","-136","88.08","f635fe57-3650-41f5-82b8-9fb907ef75b7","2022-01-31 12:45:20.420"
"AEE","88.070","1","88.080","1","-136","88.08","f6558279-e6a2-46bf-a6c5-d20dfccf6f87","2022-01-31 12:45:20.420"
"AEE","88.050","2","88.080","3","-136","88.08","5ee7ea29-ccf0-49eb-9fe2-9f27cd52de20","2022-01-31 12:45:50.702"
"AEE","88.010","1","88.040","2","-136","88.04","88b5135b-ba42-4fb9-9e0e-df5cf0e4f867","2022-01-31 12:46:10.122"
"AEE","88.050","1","88.070","3","-136","88.07","84f8dc5f-2460-401b-bcf5-86b0b84b3b23","2022-01-31 12:46:54.151"
"AEE","88.180","1","88.210","3","136","87.99","ba6e290c-1d15-4c20-a2d1-be8ce40b4756","2022-01-31 12:51:44.226"
"AEE","88.180","2","88.210","1","136","87.99","f5ac7a12-41db-4235-8af3-9534fad8567c","2022-01-31 12:51:44.226"
"AEE","88.210","1","88.220","1","136","87.97","1b0706bc-942a-4ee8-9bd3-ceda02ae56e1","2022-01-31 12:52:08.552"
"AEE","88.190","3","88.210","1","136","87.97","d1118d38-012d-4931-be80-49ef746eebe3","2022-01-31 12:52:08.552"
"AEE","88.200","2","88.220","2","136","87.97","a9dd03cd-1b83-49ff-849c-cc31c6141f91","2022-01-31 12:52:08.552"
"AEE","88.020","4","88.050","1","-136","88.05","ee523985-10ba-4c2c-b909-65f71e67bbd1","2022-01-31 12:53:10.700"
"AEE","88.000","6","88.030","3","-136","88.03","6a8bb7bb-cd0e-4236-bc24-0ec8f82648f9","2022-01-31 12:53:34.584"
"AEE","88.010","1","88.030","5","-136","88.03","065227d5-22e2-42b5-8bd7-976a96dbf98a","2022-01-31 12:54:25.240"
"AEE","88.000","4","88.030","6","-136","88.03","39088350-ed69-47ec-bdc7-377d94976c1a","2022-01-31 12:54:25.240"
"AEE","88.060","1","88.090","2","-136","88.09","5700d002-fda3-4042-b5cc-95813db38fa7","2022-01-31 12:55:31.803"
"AEE","88.150","2","88.180","1","136","88.11","ec6ca375-27ea-49aa-b8ab-e7f084575ae4","2022-01-31 12:59:28.340"
"AEE","88.120","6","88.150","2","-136","88.15","0600d59b-5247-4464-8e5c-6322ce0909f9","2022-01-31 13:05:21.420"
"AEE","88.160","1","88.170","1","136","88.03","26f95ab9-8cb1-48dc-971d-1af8e3e5d2e1","2022-01-31 13:09:19.464"
"AEE","88.160","1","88.180","3","136","88.03","165d278f-a65c-4ca5-be40-82fb365e95c8","2022-01-31 13:09:19.464"
"AEE","88.030","1","88.050","3","-136","88.05","094b5ab4-6569-4825-bc85-4cf4860758b8","2022-01-31 13:10:02.109"
"AEE","88.140","3","88.180","3","136","88.01","bc76e5ad-3665-4644-bc59-cef33a6e37b5","2022-01-31 13:11:00.285"
"AEE","88.130","1","88.140","2","136","88.01","757e40c7-9b30-4834-ab17-b0028dc5de1f","2022-01-31 13:11:00.285"
"AEE","88.140","1","88.180","2","136","88.01","e23a1016-da45-4b3e-a4ca-bd795f2b4b62","2022-01-31 13:11:00.285"
"AEE","88.140","1","88.160","5","136","87.98","47878a78-b24d-4c49-8365-bbbd64141b62","2022-01-31 13:11:15.042"
"AEE","88.140","1","88.160","5","136","87.98","3ad665ea-b338-467e-a99c-0a0bfe92b843","2022-01-31 13:11:15.042"
"AEE","88.120","1","88.150","5","136","87.98","985a1381-bc3c-4e1b-882d-3c34ad5bc068","2022-01-31 13:11:15.042"
"AEE","88.120","1","88.150","5","136","87.98","d89f9165-5a58-4433-a7ac-7e275a12673b","2022-01-31 13:11:15.042"
"AEE","88.140","3","88.160","3","136","87.98","e3d71f9d-c6de-417d-92c7-c786f6127435","2022-01-31 13:11:15.042"
"AEE","87.940","2","87.980","2","-136","87.98","e37a0372-c5db-4b82-971b-9c815567e07e","2022-01-31 13:13:08.251"
"AEE","87.950","1","87.980","4","-136","87.98","11aa6e68-5da8-42e4-943d-9b236f6d3ccf","2022-01-31 13:13:59.948"
"AEE","87.950","1","87.980","4","-136","87.98","429dc68c-15d7-4c66-8f89-4ab6fdb865bc","2022-01-31 13:13:59.948"
"AEE","87.950","1","87.980","4","-136","87.98","2c1a838a-0311-4277-bf6f-e1117b73ad0f","2022-01-31 13:13:59.948"
"AEE","87.950","1","87.980","4","-136","87.98","c399df94-91d5-48cf-b24b-40d42032bcd3","2022-01-31 13:13:59.948"
"AEE","87.930","4","87.980","3","-136","87.98","3976463d-1600-4cdd-908c-6571567f7c12","2022-01-31 13:13:59.948"
"AEE","87.930","4","87.980","3","-136","87.98","a3e4d47e-f73b-4c57-bd83-0b2e7bda90b8","2022-01-31 13:13:59.948"
"AEE","87.970","1","87.990","3","-136","87.99","41f33024-7433-4ac9-b336-c0c7f693b408","2022-01-31 13:14:03.149"
"AEE","87.990","1","88.020","1","-136","88.02","2692f006-8b95-496a-97fe-16d47f6f91bb","2022-01-31 13:14:19.229"
"AEE","88.140","2","88.150","1","136","88.12","6e95913f-0256-44a3-b5da-703ec971fe48","2022-01-31 13:24:13.153"
"AEE","88.140","2","88.150","1","136","88.12","5fb2175a-b0fa-4d14-a092-109dd6b0e03d","2022-01-31 13:24:13.153"
"AEE","88.140","2","88.150","1","136","88.12","2012d057-7a6f-4527-975b-9d15572e1281","2022-01-31 13:24:13.153"
"AEE","88.130","2","88.160","2","136","88.09","48ac6be7-03bf-42f8-95dd-280bd6a820d6","2022-01-31 13:25:57.325"
"AEE","88.100","3","88.140","3","136","88.09","183e3980-3f83-4898-9349-c25c30ef4586","2022-01-31 13:25:57.325"
"AEE","88.110","3","88.140","6","136","88.09","8a5a5c5d-496d-4ce8-b382-503bb95e0beb","2022-01-31 13:25:57.325"
"AEE","88.120","2","88.140","6","136","88.09","ea69cf2e-c7a5-44ec-835f-3e819d0eed6c","2022-01-31 13:25:57.325"
"AEE","88.110","1","88.120","1","136","88.09","ba582c2f-49de-4744-a47f-a3d25fa88d0d","2022-01-31 13:25:57.325"
"AEE","88.090","3","88.120","1","136","88.06","5a598f76-e5a8-4d07-b628-5479fe3d3f5a","2022-01-31 13:26:51.039"
"AEE","88.130","1","88.150","1","-136","88.15","7d5e2900-076c-4c00-be79-9544da0c5ab5","2022-01-31 13:29:22.938"
"AEE","88.130","1","88.150","1","-136","88.15","96e56acd-3d77-4532-b879-5dc7f6b3e2a5","2022-01-31 13:29:22.938"
"AEE","88.130","1","88.150","1","-136","88.15","0b9ced12-0859-4dfa-a1da-312db11394a3","2022-01-31 13:29:22.938"
"AEE","88.090","2","88.120","1","-136","88.12","1b642b23-0653-4995-a890-18c21fb64f1f","2022-01-31 13:30:02.253"
"AEE","88.090","2","88.120","1","-136","88.12","a9a81eb7-c875-49e9-9e6a-dc6971e71bff","2022-01-31 13:30:02.253"
"AEE","88.110","2","88.140","4","-136","88.15","310e0d38-d246-4de1-8992-4aebbc54f5d8","2022-01-31 13:30:05.152"
"AEE","88.110","2","88.140","4","-136","88.15","df10dd3c-b995-45a8-9dc0-1bfa612a4480","2022-01-31 13:30:05.152"
"AEE","88.110","1","88.140","1","-136","88.14","80aae29d-5c29-4ac0-a851-cd4f4cb225bb","2022-01-31 13:30:27.895"
"AEE","88.140","1","88.160","1","-136","88.17","9b87d7bc-fb31-4a80-b2d1-9b59900fbc8b","2022-01-31 13:31:30.259"
"AEE","88.120","3","88.140","4","136","88.06","df3781fc-ac05-4e25-8aa0-e0b2fbb9b374","2022-01-31 13:40:12.639"
"AEE","88.100","3","88.130","3","-136","88.13","5141b9bd-a282-4963-9ad0-7f4dba8e784f","2022-01-31 13:44:30.072"
"AEE","88.110","5","88.150","2","136","88.06","44de40e2-9809-46e9-a59c-adbeca8279bf","2022-01-31 13:54:32.493"
"AEE","88.120","2","88.150","2","136","88.06","10f716f7-f1d9-4ec7-9d7f-84b0591014a7","2022-01-31 13:54:32.493"
"AEE","88.110","3","88.130","3","136","88.06","97355c57-3afe-4ca2-a68e-ae0771eeee75","2022-01-31 13:54:32.493"
"AEE","88.120","1","88.140","4","136","88.06","6c4d49e9-f3aa-4693-a729-70b41184952f","2022-01-31 13:54:32.493"
"AEE","88.100","1","88.110","3","-136","88.11","bffcbc2c-262a-450d-b48a-ea66f3624e0b","2022-01-31 13:56:33.968"
"AEE","88.100","1","88.110","3","-136","88.11","874ca6bd-7e34-4b31-bd62-4b89243b5cb2","2022-01-31 13:56:33.968"
"AEE","88.100","2","88.110","2","-136","88.11","0c0ad2e1-e2d3-416b-8bf1-9c496a9ace3f","2022-01-31 13:56:58.547"
"AEE","88.090","2","88.110","4","-136","88.11","e2c45955-c3be-4537-9fc2-3d2481e0097a","2022-01-31 13:56:58.547"
"AEE","88.430","6","88.460","4","135","88.40","02a7da30-f55d-4c3d-86d4-c45042a6aae0","2022-01-31 14:56:05.830"
"AEE","88.430","2","88.460","2","135","88.39","83c9d065-26f6-4345-9109-19db7f15d360","2022-01-31 14:56:05.843"
"AEE","88.420","2","88.450","4","135","88.39","f09016b5-c09b-49ba-bd5a-9f54eff00778","2022-01-31 14:56:05.843"
"AEE","88.420","2","88.450","4","135","88.39","3db9752c-ae45-4a3a-9e14-cd8c8cd78b61","2022-01-31 14:56:05.843"
"AEE","88.420","4","88.440","8","135","88.39","6cc687a4-efce-489b-9a83-0576bfdd2de3","2022-01-31 14:56:05.843"
"AEE","88.400","2","88.410","3","-135","88.41","d091682f-37a4-4309-86f4-91d53e4b3198","2022-01-31 14:57:20.721"
"AEE","88.400","2","88.410","3","-135","88.41","3d13de0c-835a-463f-96c6-aa1f9fbf7e86","2022-01-31 14:57:20.721"
"AEE","88.400","2","88.410","3","-135","88.41","b939b70a-b391-48c4-8c53-3fd629184d4a","2022-01-31 14:57:20.721"
"AEE","88.400","1","88.410","7","-135","88.41","f08d31d9-e389-46de-9709-e556949778fd","2022-01-31 14:57:20.721"
"AEE","88.390","2","88.410","7","-135","88.41","a794c4a0-acf3-4f87-a66f-3836d1ffd8e3","2022-01-31 14:57:20.721"
"AEE","88.480","1","88.490","1","135","88.42","00f451ad-450f-418e-9482-26f3915120ef","2022-01-31 15:10:53.158"
"AEE","88.490","1","88.510","1","135","88.42","028638a0-0a31-44bf-abb8-99057d50e313","2022-01-31 15:10:53.158"
"AEE","88.490","1","88.510","1","135","88.42","ff58893f-edf7-4823-906a-b7af8e9342bb","2022-01-31 15:10:53.158"
"AEE","88.390","4","88.420","5","-135","88.42","9f654888-eaac-40c6-afaf-0238236fcc7b","2022-01-31 15:12:07.716"
"AEE","88.410","1","88.430","3","-135","88.43","f91a9302-d043-497c-891e-964232f80f3b","2022-01-31 15:12:09.542"
"AEE","88.410","1","88.430","3","-135","88.43","e48a659e-df8d-480e-9d6b-3dd0efc29231","2022-01-31 15:12:09.542"
"AEE","88.490","1","88.500","2","135","88.36","caade106-8e16-4eb0-9431-9b958d541fc8","2022-01-31 15:13:27.014"
"AEE","88.460","1","88.490","2","135","88.36","2c898027-6a60-4136-b206-c090d1929076","2022-01-31 15:13:27.014"
"AEE","88.450","1","88.470","3","135","88.36","30306a81-9deb-46aa-bdea-26a89e22a5e4","2022-01-31 15:13:27.014"
"AEE","88.470","1","88.490","2","135","88.36","ed231ea8-97fa-480d-b01d-e83437d46fd3","2022-01-31 15:13:27.014"
"AEE","88.470","1","88.490","2","135","88.36","5f485869-8054-4627-bda3-b5ba08bba22a","2022-01-31 15:13:27.014"
"AEE","88.470","1","88.490","2","135","88.36","3c6cafe4-6876-4f30-828a-1b7d8c29afb4","2022-01-31 15:13:27.014"
"AEE","88.470","3","88.490","1","135","88.36","9359d222-7952-4804-aef4-c912de2ec728","2022-01-31 15:13:27.014"
"AEE","88.430","2","88.450","8","135","88.36","d6205eb3-0e43-4410-8fd8-378d59c6b31c","2022-01-31 15:13:27.014"
"AEE","88.350","3","88.370","2","-135","88.37","5fb677fa-1561-49d8-ba6a-87452bd95042","2022-01-31 15:13:56.083"
"AEE","88.350","3","88.370","2","-135","88.37","f6a9d490-e15f-4647-aab7-011e0fb4ec05","2022-01-31 15:13:56.083"
"AEE","88.350","3","88.370","2","-135","88.37","7945571f-2586-431e-8dfe-0a2a6386de64","2022-01-31 15:13:56.083"
"AEE","88.350","3","88.370","2","-135","88.37","a50638cc-08e3-402e-b03c-3e920de32e39","2022-01-31 15:13:56.083"
"AEE","88.350","3","88.370","2","-135","88.37","ec8f742a-b600-43af-bbf1-64270d041c99","2022-01-31 15:13:56.083"
"AEE","88.350","3","88.370","2","-135","88.37","cbdefcfc-2bda-4b2f-a5e7-513875a82fd9","2022-01-31 15:13:56.083"
"AEE","88.310","2","88.330","4","-135","88.33","0376fd0d-ba04-42f0-a2d7-77ef0a75870d","2022-01-31 15:15:24.496"
"AEE","88.320","3","88.330","3","-135","88.33","6ab61b5e-90c3-4959-acae-b4ee08abec21","2022-01-31 15:15:43.971"
"AEE","88.460","1","88.480","1","135","88.40","be2fcde0-ad6e-40f8-bb23-bae4e40f6c03","2022-01-31 15:30:17.105"
"AEE","88.450","4","88.470","2","135","88.40","69523ad6-7dd3-4ea5-aa0b-5915f49907dd","2022-01-31 15:30:17.105"
"AEE","88.460","3","88.490","5","135","88.40","1b4a04c6-9b4a-4eab-a6dc-7b612e73e254","2022-01-31 15:30:17.105"
"AEE","88.480","1","88.500","5","135","88.39","89ba80f5-83af-4e42-9e69-c8ade7451a07","2022-01-31 15:30:22.068"
"AEE","88.460","1","88.470","4","135","88.39","428597da-67d1-48ba-8454-d21e2d2615f6","2022-01-31 15:30:22.068"
