"Symbol","Bid","Bid Sz","Ask","Ask Sz","Shares","Price","Order ID","Timestamp"
"AA","60.410","1","60.440","1","2","60.23","1016608e-10bb-485d-8b1e-359bf56f3571","2021-12-30 10:18:08.712"
"AA","60.140","1","60.180","2","-2","60.18","4ca94924-cbea-4633-aef9-3df0eeb0d4f6","2021-12-30 10:18:44.676"
"AA","60.260","1","60.290","1","2","60.14","5965e020-877e-456d-8153-26211bac5fa6","2021-12-30 10:28:31.646"
"AA","60.300","1","60.310","1","2","60.14","106d47f7-572a-4eed-a7fa-4e00309448cc","2021-12-30 10:28:31.646"
"AA","60.140","2","60.170","1","-2","60.18","6e79805a-b93d-4071-8dc8-b130546a8346","2021-12-30 10:30:10.160"
"AA","60.220","1","60.230","1","-2","60.24","489a7224-de19-4143-b96e-286946b3595f","2021-12-30 10:31:00.176"
"AA","60.240","2","60.280","3","2","60.27","7a0568c9-5348-453c-b21b-f65374f6f06d","2021-12-30 10:33:40.727"
"AA","60.320","1","60.340","1","-2","60.34","7c48954b-0bf9-47b6-9fee-78ffd3734b43","2021-12-30 10:35:20.712"
"AA","60.320","1","60.370","6","2","60.21","c5be57fd-5ea0-464b-ba11-7a150510079d","2021-12-30 10:36:40.307"
"AA","60.310","5","60.340","1","2","60.21","5ad9804b-482f-4e6b-90c4-4bcafd6aab6b","2021-12-30 10:36:40.307"
"AA","60.310","1","60.350","1","2","60.20","7b1f3c0f-8b8d-4276-85bc-f44cfd5a57d5","2021-12-30 10:36:52.915"
"AA","60.210","5","60.230","2","-2","60.23","8a753bbc-76ca-4197-94f3-8989b99362a4","2021-12-30 10:39:00.322"
"AA","60.230","3","60.260","5","-2","60.26","d1d17e39-8289-4e87-9029-8d5c9622beb9","2021-12-30 10:39:17.523"
"AA","60.250","1","60.260","5","-2","60.26","0f2477e1-1aec-43f8-a691-8307cf23b3ae","2021-12-30 10:39:21.954"
"AA","60.240","2","60.270","2","2","60.17","e6e5624d-51ff-4589-83c8-3899e6ee917e","2021-12-30 10:43:14.370"
"AA","60.220","5","60.250","2","2","60.17","7cb2b2ed-a235-44b3-b2d1-9e14d96141f6","2021-12-30 10:43:14.370"
"AA","60.230","1","60.250","4","2","60.17","c28f58c4-7149-41bb-a252-666494ecb84d","2021-12-30 10:43:14.370"
"AA","60.360","1","60.400","61","2","60.17","192f7a0d-598a-4daf-adf1-683139bf39d4","2021-12-30 10:43:14.370"
"AA","60.360","1","60.390","1","2","60.17","6855d61b-6818-4438-96c6-0e9868d6c975","2021-12-30 10:43:14.370"
"AA","60.370","5","60.390","1","2","60.17","724201ea-57db-4d8b-98eb-34177c1e86b4","2021-12-30 10:43:14.370"
"AA","60.170","2","60.200","1","-2","60.20","2fdbddd5-6f78-449f-ad73-d52d0f6a0790","2021-12-30 10:43:46.750"
"AA","60.170","2","60.200","1","-2","60.20","88bd7505-4170-4ea2-bb9c-7884f7001810","2021-12-30 10:43:46.750"
"AA","60.170","2","60.200","1","-2","60.20","51fac666-6b74-4d23-b4dc-c2adddde0c5b","2021-12-30 10:43:46.750"
"AA","60.060","2","60.090","3","-2","60.10","86975141-8222-4506-96ac-5e2b996d9c98","2021-12-30 10:44:15.936"
"AA","60.090","6","60.120","1","-2","60.12","d9ecb76b-b467-43ac-9cf5-f3dc31799bd4","2021-12-30 10:44:21.297"
"AA","60.040","6","60.070","1","-2","60.07","4ed83c24-fb97-43c0-96cb-d83a1dee628d","2021-12-30 10:45:17.960"
"AA","59.310","1","59.350","5","2","59.28","f35b0a13-9cca-4f4d-8a86-602b2f3a3727","2021-12-30 11:37:53.566"
"AA","59.310","1","59.350","2","2","59.28","472bacc3-c2d7-4d64-84c4-48da1a285d77","2021-12-30 11:37:53.566"
"AA","59.310","1","59.330","5","2","59.25","612377c4-2f62-4a55-b64e-976349209d31","2021-12-30 11:38:42.639"
"AA","59.320","2","59.350","1","2","59.25","5b2bd229-7f56-44a0-8262-9132aab0451c","2021-12-30 11:38:42.639"
"AA","59.340","2","59.370","4","2","59.25","65c360ea-3cd3-45ee-99dc-70531d0ea05b","2021-12-30 11:38:42.639"
"AA","59.350","3","59.370","1","2","59.25","0e0c2d20-3ae3-48a4-beaa-99bcfe2e6c8e","2021-12-30 11:38:42.639"
"AA","59.260","1","59.280","10","-2","59.28","5be9035a-e65d-41c6-a07a-45b4740caa43","2021-12-30 11:40:47.188"
"AA","59.260","1","59.280","10","-2","59.28","b94cba39-6e64-47fc-9bc4-9dfdfec8e808","2021-12-30 11:40:47.188"
"AA","59.260","1","59.290","1","-2","59.29","610f73a1-dc0b-4920-bad5-f3e53189b64a","2021-12-30 11:41:03.268"
"AA","59.280","2","59.310","3","-2","59.31","08c1caa2-d832-4ecd-9592-50272b9a681a","2021-12-30 11:41:03.352"
"AA","59.280","2","59.310","3","-2","59.31","abcc5ef8-bdb3-4ba2-829d-3eda76afc837","2021-12-30 11:41:03.352"
"AA","59.280","2","59.310","3","-2","59.31","b53c18e5-9ac4-4e1b-9d29-574b7471b9dc","2021-12-30 11:41:03.352"
"AA","59.310","2","59.340","5","2","59.23","f75060b6-798e-4921-b3cb-72fd6a5f6d7e","2021-12-30 11:42:29.619"
"AA","59.320","1","59.330","1","2","59.23","2c2f8b39-e7f9-4a4f-adc1-d687f86e8c37","2021-12-30 11:42:29.619"
"AA","59.300","2","59.320","1","2","59.23","55fe9af8-74b1-415b-b15c-e680cfced4aa","2021-12-30 11:42:29.619"
"AA","59.200","3","59.230","5","-2","59.23","1646efa7-2d83-400e-bce4-652bb62b8896","2021-12-30 11:43:35.791"
"AA","59.210","1","59.240","6","-2","59.24","b1964530-5bc7-4497-9ccc-5adf7679edf5","2021-12-30 11:43:38.186"
"AA","59.230","1","59.250","1","-2","59.25","cb88b6d0-b453-47df-83e3-7bb4bb3aa901","2021-12-30 11:43:41.155"
"AA","59.670","1","59.680","1","2","59.49","c2b7087e-40b1-4337-9cf7-af068d0e56a4","2021-12-30 12:26:00.863"
"AA","59.660","4","59.680","1","2","59.49","e1961bc3-83b8-4847-8188-094be2fee06a","2021-12-30 12:26:00.863"
"AA","59.660","3","59.690","4","2","59.49","ecb1b6fc-32ed-4608-9a5c-992ba21e7645","2021-12-30 12:26:00.863"
"AA","59.690","2","59.710","1","2","59.49","7f767cbd-9aac-4cc8-8172-8e2a6148b168","2021-12-30 12:26:00.863"
"AA","59.490","2","59.510","1","-2","59.51","6d73d4c5-6a6f-425a-985d-96fff48b69a6","2021-12-30 12:26:20.978"
"AA","59.490","2","59.510","1","-2","59.51","b0f84640-7e2c-463a-80e5-a06ce1f17fa3","2021-12-30 12:26:20.978"
"AA","59.480","30","59.510","2","-2","59.51","247c148d-4eaf-41a2-81f2-5f012182b915","2021-12-30 12:26:35.278"
"AA","59.500","2","59.530","2","-2","59.53","6e5741d6-ef3a-485c-af34-258a33287782","2021-12-30 12:26:52.613"
"AA","59.700","3","59.730","1","2","59.47","d027c8e6-fd34-43b7-95e9-aacc25f6051b","2021-12-30 12:31:08.805"
"AA","59.700","5","59.750","1","2","59.47","934b84b0-8e5d-4901-aa52-4c0448c07e4f","2021-12-30 12:31:08.805"
"AA","59.700","3","59.720","1","2","59.47","757aacc7-013c-4c46-98a5-389f8cef499c","2021-12-30 12:31:08.805"
"AA","59.700","3","59.720","1","2","59.47","ccc026ae-712f-4572-bcf1-1f6101e0500c","2021-12-30 12:31:08.805"
"AA","59.700","3","59.720","1","2","59.47","694bdefb-60ef-4814-8141-7ba73b3376b6","2021-12-30 12:31:08.805"
"AA","59.680","2","59.700","3","2","59.47","f6604c83-dc50-4afc-9528-fa4a2aabdf5a","2021-12-30 12:31:08.805"
"AA","59.690","2","59.710","1","2","59.47","c7a3e371-8883-4b24-8c2a-8ea9180142a0","2021-12-30 12:31:08.805"
"AA","59.700","6","59.730","5","2","59.46","e5cacd59-a710-4c7f-81f9-332ea8b7dad2","2021-12-30 12:31:16.125"
"AA","59.710","7","59.730","4","2","59.46","8aacf213-5c87-4092-a73d-4c1e09a23c18","2021-12-30 12:31:16.125"
"AA","59.720","1","59.740","1","2","59.46","3c1b2242-728e-4c84-b4bd-9f22cd5b82c3","2021-12-30 12:31:16.125"
"AA","59.450","2","59.480","3","-2","59.48","94295c36-dce2-42b0-8060-0d3de967e921","2021-12-30 12:33:00.025"
"AA","59.460","1","59.470","2","-2","59.47","94ec26d7-5267-4837-b90d-a1a64bb36c20","2021-12-30 12:34:08.806"
"AA","59.470","1","59.510","3","-2","59.51","f7b4d39b-8040-441d-a402-75b7abcca63e","2021-12-30 12:35:42.499"
"AA","59.470","1","59.510","3","-2","59.51","9865919b-8f01-4fa3-aeb0-1d52815a72eb","2021-12-30 12:35:42.499"
"AA","59.470","1","59.510","3","-2","59.51","be299ed0-2c76-426d-9132-3ded1f0faf86","2021-12-30 12:35:42.499"
"AA","59.470","1","59.490","2","-2","59.50","d7ffe1ea-21bf-4c52-acc7-818a6e259a9e","2021-12-30 12:36:30.438"
"AA","59.500","3","59.510","2","-2","59.51","b8e4bd67-ef29-4b76-90a6-bd529983be2f","2021-12-30 12:36:39.622"
"AA","59.500","3","59.510","2","-2","59.51","128a82b8-af9e-427c-8b5e-02b33c7f1cda","2021-12-30 12:36:39.622"
"AA","59.500","3","59.510","2","-2","59.51","970b9487-1b97-4dff-8c5d-780bdbc496fc","2021-12-30 12:36:39.622"
"AA","59.490","2","59.520","2","-2","59.52","bc923843-a3e0-4d28-8093-0ee53727a072","2021-12-30 12:36:50.476"
"AA","59.630","1","59.650","3","2","59.54","7c5fd596-ce6a-4eff-8ed8-c361e5eaaaa5","2021-12-30 13:54:57.211"
"AA","59.590","3","59.620","4","2","59.51","68604eb8-87ad-40a3-b782-362ab8880f2a","2021-12-30 13:57:12.566"
"AA","59.570","1","59.590","11","2","59.51","fd2161a3-44d7-4ecb-8591-2c52bc736280","2021-12-30 13:57:12.566"
"AA","59.550","2","59.570","1","2","59.51","8c8b08c3-489f-49b6-a70f-6ab6f27a68e2","2021-12-30 13:57:12.566"
"AA","59.570","1","59.590","11","2","59.50","ec920183-9e51-4cb6-9bd4-37665890d39c","2021-12-30 13:57:40.708"
"AA","59.560","4","59.570","1","2","59.50","2feaa59d-63b4-4788-81cc-9618a138c450","2021-12-30 13:57:40.708"
"AA","59.580","1","59.600","1","2","59.49","5b7fcd18-d3d4-4213-9b03-b620f7ccde0b","2021-12-30 13:57:56.635"
"AA","59.590","1","59.630","5","2","59.49","f51375a6-ff91-44c9-beb4-846739809542","2021-12-30 13:57:56.635"
"AA","59.590","1","59.610","1","2","59.49","f97a852a-b6d0-4805-934a-9a587ccd5830","2021-12-30 13:57:56.635"
"AA","59.590","1","59.610","6","2","59.49","45c2b52d-16e2-4692-b8df-eb631d6dffaf","2021-12-30 13:57:56.635"
"AA","59.590","1","59.610","6","2","59.49","e6f5a11a-1d9b-45cd-bcae-ad1d5a4de8b1","2021-12-30 13:57:56.635"
"AA","59.590","1","59.610","3","2","59.49","8b141234-815f-4659-8cb7-1a28b4e8ca8b","2021-12-30 13:57:56.635"
"AA","59.550","3","59.570","1","2","59.49","43722313-541a-4dc1-bf1f-abc152e4bc8c","2021-12-30 13:57:56.635"
"AA","59.450","4","59.480","1","-2","59.48","baf7938c-e5db-4166-8a33-5339c47b2233","2021-12-30 13:59:53.183"
"AA","59.400","111","59.420","1","-2","59.42","f7c5ded5-6b26-44ee-873c-ca59d9c82957","2021-12-30 14:00:41.500"
"AA","59.400","111","59.420","1","-2","59.42","02c4003f-16f9-46d3-9846-ce98d56580fd","2021-12-30 14:00:41.500"
"AA","59.410","2","59.430","4","-2","59.43","8a50be16-5552-49c1-bd76-0b2015572faf","2021-12-30 14:00:53.169"
"AA","59.410","2","59.430","4","-2","59.43","862c94ca-b1e5-421d-bb3b-da470fa34688","2021-12-30 14:00:53.169"
"AA","59.410","2","59.430","4","-2","59.43","e8440617-7239-46d2-a556-4710d752f349","2021-12-30 14:00:53.169"
"AA","59.410","2","59.430","1","-2","59.43","6b33c98e-f66b-48eb-a0e6-9f605fce42ab","2021-12-30 14:00:53.169"
"AA","59.330","1","59.330","1","-2","59.33","0924db30-8c23-4e8e-ae57-942052fffb1a","2021-12-30 14:04:30.006"
"AA","59.330","1","59.330","1","-2","59.33","634bd1b7-8adb-42bf-ab45-7506792f4d08","2021-12-30 14:04:30.006"
"AA","59.300","31","59.320","6","-2","59.32","c066544f-66dc-4ef6-8391-6f8d39560506","2021-12-30 14:05:04.618"
"AA","59.360","2","59.390","1","2","59.28","58e340e4-ae72-41da-9bad-f727a70ee240","2021-12-30 14:06:03.960"
"AA","59.370","1","59.390","1","2","59.28","850e45b7-1f1d-4b0d-b9e4-b8fc02a25463","2021-12-30 14:06:03.960"
"AA","59.400","4","59.410","2","2","59.28","27a07476-65ac-46ed-8d8c-0b83e361125b","2021-12-30 14:06:03.960"
"AA","59.390","2","59.430","3","2","59.28","cf248d8c-d2b8-4a79-89d1-25b4ad48bd40","2021-12-30 14:06:03.960"
"AA","59.250","2","59.270","2","-2","59.27","f65079f9-565f-427a-b80c-f6538bb11400","2021-12-30 14:06:41.838"
"AA","59.250","2","59.270","2","-2","59.27","2ba2b9ee-b2d9-49ec-b9e3-ad9c1b724ad8","2021-12-30 14:06:41.838"
"AA","59.250","2","59.270","2","-2","59.27","8e6b9e38-8e43-470c-ab80-8808205e106f","2021-12-30 14:06:41.838"
"AA","59.250","2","59.270","2","-2","59.27","e2c482a7-3eeb-4891-94e5-fedda0bd0db5","2021-12-30 14:06:41.838"
"AA","59.250","2","59.270","2","-2","59.27","a9ef3101-9ce1-4ad7-875f-87f716fa6db5","2021-12-30 14:06:41.838"
"AA","59.250","2","59.270","2","-2","59.27","6557cee0-02aa-408b-90b0-3a8089f2427e","2021-12-30 14:06:41.838"
"AA","59.250","2","59.270","3","-2","59.27","8069ae25-9316-4ccf-8888-cf96d683b6f2","2021-12-30 14:06:41.838"
"AA","59.330","1","59.360","1","2","59.25","b364f305-c118-4dc0-ad43-e1471858395c","2021-12-30 14:07:51.605"
"AA","59.340","1","59.350","1","2","59.25","ed6137c3-853b-41bc-832d-bc0623c52fe4","2021-12-30 14:07:51.605"
"AA","59.370","1","59.390","1","2","59.25","6c45587c-ee83-4a78-a73a-7dcb4607354f","2021-12-30 14:07:51.605"
"AA","59.330","13","59.360","1","2","59.25","3a43d6b7-4dc7-4895-8603-65b8a05d12e2","2021-12-30 14:07:51.605"
"AA","59.340","2","59.360","1","2","59.25","d645b143-8ee5-4f1e-95e4-d658c066c324","2021-12-30 14:07:51.605"
"AA","59.370","1","59.390","1","2","59.19","6da7ec35-9482-4ef8-8103-1dcea25c9184","2021-12-30 14:10:40.761"
"AA","59.380","1","59.390","1","2","59.19","00cad77f-83b0-4be9-b2a7-60438524a989","2021-12-30 14:10:40.761"
"AA","59.240","3","59.250","2","-2","59.25","65392a8f-42b7-4ec0-ae98-84419a528cc9","2021-12-30 14:13:54.553"
"AA","59.240","3","59.250","2","-2","59.25","83dc565e-1c22-4d0f-9158-95b388ce5b51","2021-12-30 14:13:54.553"
"AA","59.240","3","59.250","2","-2","59.25","a1782c96-0525-4e50-bfd2-92c75fcb441a","2021-12-30 14:13:54.553"
"AA","59.230","7","59.250","2","-2","59.25","3af81f98-3dbf-401b-b3d5-ae46e729b2da","2021-12-30 14:13:54.553"
"AA","59.230","7","59.250","1","-2","59.25","d512601c-521c-4a50-9dad-20e4193cbb26","2021-12-30 14:13:54.553"
"AA","59.220","1","59.250","20","-2","59.25","da1b2945-754d-42e2-ac83-fbcce6a906ed","2021-12-30 14:14:20.884"
"AA","59.230","4","59.250","2","-2","59.25","9a8271c4-ef16-4027-ae10-d3b3fca14458","2021-12-30 14:14:56.363"
"AA","59.480","4","59.500","1","2","59.42","8a9c9e6f-9d4a-4227-b9d8-a950b1f1d813","2021-12-30 15:05:16.550"
"AA","59.480","1","59.490","1","2","59.42","7ba4617e-d206-496c-a997-79ec71b48f4b","2021-12-30 15:05:16.550"
"AA","59.480","1","59.500","6","2","59.42","254c2d42-82fe-437a-b66c-a5bd64177f4f","2021-12-30 15:05:16.550"
"AA","59.480","4","59.500","2","2","59.42","aff4e75e-7193-477e-a052-3250c2d74893","2021-12-30 15:05:16.550"
"AA","59.470","2","59.490","2","2","59.42","f5709b23-2ca6-4bad-af72-0cb6225a92c0","2021-12-30 15:05:16.550"
"AA","59.480","1","59.500","3","2","59.42","595bf520-182a-4846-8133-e8599d4264b2","2021-12-30 15:05:16.550"
"AA","59.450","19","59.480","42","2","59.40","cc6d84cf-468c-4e35-8193-57077bdfcc66","2021-12-30 15:06:37.774"
"AA","59.470","1","59.480","40","2","59.40","09a5921f-02ec-4b68-a5d8-0e6a2f83217d","2021-12-30 15:06:37.774"
"AA","59.500","2","59.520","1","2","59.40","35a5bfd7-8418-40ec-b561-0c7aae46a798","2021-12-30 15:06:37.774"
"AA","59.490","1","59.500","3","2","59.40","69ccf4bd-9de9-42ba-9826-51b2f007f570","2021-12-30 15:06:37.774"
"AA","59.490","6","59.520","6","2","59.40","bc4db4c1-b135-4568-86bf-1f24511bf054","2021-12-30 15:06:37.774"
"AA","59.510","3","59.530","20","2","59.40","1006fc28-37f1-4a6b-8289-a11668596188","2021-12-30 15:06:37.774"
"AA","59.490","1","59.510","2","2","59.40","f5da01b2-7153-4b86-9cd9-02cb5766cbec","2021-12-30 15:06:37.774"
"AA","59.460","2","59.490","3","2","59.40","de52ea8e-c9db-40fd-8e61-d7283f19b1a1","2021-12-30 15:06:37.774"
"AA","59.480","1","59.490","3","2","59.40","3a7e0aff-e597-4b8d-9d35-20d7d25a040a","2021-12-30 15:06:37.774"
"AA","59.460","2","59.470","2","2","59.40","d5d786c8-f898-4ae5-83f6-ead14d04bc0f","2021-12-30 15:06:37.774"
"AA","59.450","2","59.460","1","2","59.40","0d673c9f-1cac-4ea3-93ea-cd9851e0a9a4","2021-12-30 15:06:37.774"
"AA","59.350","2","59.360","3","-2","59.36","22c97736-8f07-4349-be9b-5b6a9b26b022","2021-12-30 15:08:11.869"
"AA","59.350","3","59.370","3","-2","59.37","869e88d1-df0d-42bf-97fd-24aa83e19d65","2021-12-30 15:08:30.870"
"AA","59.350","3","59.370","3","-2","59.37","3a05827e-88d8-4ab4-a2a6-722aa0ea8fe1","2021-12-30 15:08:30.870"
"AA","59.350","3","59.370","3","-2","59.37","04628527-dddb-4695-9b3f-5eba6c01ea07","2021-12-30 15:08:30.870"
"AA","59.350","3","59.370","3","-2","59.37","1721532c-db97-4bea-8ce1-d5d18125d076","2021-12-30 15:08:30.870"
"AA","59.360","2","59.370","2","-2","59.37","977eb0af-3b10-44c4-a2e7-09b5219b3480","2021-12-30 15:08:43.111"
"AA","59.360","2","59.370","2","-2","59.37","a73d0726-52a3-4855-8086-21b605b8c737","2021-12-30 15:08:43.111"
"AA","59.360","2","59.370","2","-2","59.37","cee6e34e-87eb-448a-ac22-1581eb4183ce","2021-12-30 15:08:43.111"
"AA","59.360","2","59.370","2","-2","59.37","9bd1cb16-4bbb-4bb8-9db8-3e6da30f159a","2021-12-30 15:08:43.111"
"AA","59.360","2","59.370","2","-2","59.37","0d08a1ff-8d50-4f4c-a1c2-2afc11a89285","2021-12-30 15:08:43.111"
"AA","59.360","2","59.370","2","-2","59.37","7e590b8c-dc49-4e27-a4c8-155f154edd8f","2021-12-30 15:08:43.111"
"AA","59.350","3","59.370","2","-2","59.37","8d5e263f-f913-4348-ad62-1f762e31b7ad","2021-12-30 15:08:54.221"
"AA","59.350","3","59.370","2","-2","59.37","2ca43863-2cf9-49ed-b15c-f761489402d8","2021-12-30 15:08:54.221"
"AA","59.350","3","59.370","2","-2","59.37","f63e51b0-386a-4614-bdfe-b32efb08fece","2021-12-30 15:08:54.221"
"AA","59.350","2","59.380","6","-2","59.38","808d00c7-fd70-4571-b9ee-d369603358ab","2021-12-30 15:09:33.294"
"AA","59.400","1","59.420","2","-2","59.42","31ef59ca-4e6b-4b3a-b5f3-d1c966bf6305","2021-12-30 15:10:02.328"
"AA","59.400","2","59.420","4","-2","59.42","4913c4ee-7e0a-44f5-91f0-a64a6bacc05f","2021-12-30 15:10:52.807"
"AA","59.440","4","59.470","4","2","59.24","dbb291de-b9fa-4e5e-9ba8-18a0644cfc2c","2021-12-30 15:24:57.853"
"AA","59.240","2","59.260","4","-2","59.26","2b1d9e2b-6420-4f19-974f-ed00b68684cc","2021-12-30 15:25:20.801"
"AG","11.140","11","11.150","20","10","11.12","487b5066-dab8-41f2-bc0e-1d4e6d637d08","2021-12-30 10:21:33.898"
"AG","11.200","17","11.210","13","10","11.11","2d6eb27c-6d01-4154-a496-8b9263a26801","2021-12-30 10:21:45.453"
"AG","11.180","33","11.190","1","10","11.11","864c5b10-4a6e-44ca-a492-3b50cd35f0d1","2021-12-30 10:21:45.453"
"AG","11.180","2","11.190","39","10","11.11","8da731c9-4576-4eb9-a472-894d02da59e3","2021-12-30 10:21:45.453"
"AG","11.160","68","11.170","7","10","11.11","9310ceba-ed7b-4661-9968-7f37d091e41e","2021-12-30 10:21:45.453"
"AG","11.160","23","11.170","15","10","11.11","29449a86-ed94-4ca5-bb9e-1f0351d7cf12","2021-12-30 10:21:45.453"
"AG","11.160","16","11.170","36","10","11.11","10fb4aac-0a89-4ea3-90f6-f1de9b8360ae","2021-12-30 10:21:45.453"
"AG","11.170","21","11.180","9","10","11.11","fab40748-a011-43e1-afe4-4b132577fe4e","2021-12-30 10:21:45.453"
"AG","11.170","23","11.180","16","10","11.11","0ecd09b0-8a64-47cd-b958-215100347145","2021-12-30 10:21:45.453"
"AG","11.140","36","11.150","10","10","11.11","bcd9947b-12a1-4a7f-a25f-784f082084ef","2021-12-30 10:21:45.453"
"AG","11.140","36","11.150","6","10","11.11","49e24f0b-ed1d-49fc-a014-37da3c59885d","2021-12-30 10:21:45.453"
"AG","11.140","26","11.150","34","10","11.11","c4db0b72-e8c1-4a05-bbaf-1d9b481d25ae","2021-12-30 10:21:45.453"
"AG","11.150","24","11.160","43","10","11.11","570c5d53-4c20-44f0-bea8-935b95cffdfe","2021-12-30 10:21:45.453"
"AG","11.150","20","11.160","9","10","11.11","aabefd3f-0239-4b5e-87a4-a84104f5699a","2021-12-30 10:21:45.453"
"AG","11.170","19","11.180","14","10","11.10","b13ad0cb-a32a-4edc-ba38-8893111cfef3","2021-12-30 10:21:53.683"
"AG","11.180","7","11.190","58","10","11.10","ab24a170-03f1-4a8a-9c40-e757ebf66b36","2021-12-30 10:21:53.683"
"AG","11.190","26","11.200","56","10","11.10","6fd8c818-2354-4413-910b-2c2724a2d755","2021-12-30 10:21:53.683"
"AG","11.200","15","11.210","46","10","11.10","8328bc1f-f8d7-42e8-9566-e4c04cc57401","2021-12-30 10:21:53.683"
"AG","11.100","36","11.110","4","-10","11.11","2e9b075c-5716-487f-b896-a7c24c92d965","2021-12-30 10:21:59.407"
"AG","11.100","40","11.110","2","-10","11.11","fe8b052f-97be-46e7-b120-5213b80c5003","2021-12-30 10:22:00.622"
"AG","11.100","40","11.110","2","-10","11.11","ebdb3067-907d-4047-997a-9a157daba29f","2021-12-30 10:22:00.622"
"AG","11.100","40","11.110","2","-10","11.11","e823b565-4647-4569-9ba3-f00184200593","2021-12-30 10:22:00.622"
"AG","11.100","40","11.110","2","-10","11.11","05b3eacf-08a9-4252-92cb-7322ce881d77","2021-12-30 10:22:00.622"
"AG","11.100","40","11.110","2","-10","11.11","e065519e-10ed-480e-9bc7-d9f5dea3ecac","2021-12-30 10:22:00.622"
"AG","11.100","40","11.110","2","-10","11.11","d2c629cb-c7a8-43af-ab21-c74bd2ebf20c","2021-12-30 10:22:00.622"
"AG","11.100","40","11.110","2","-10","11.11","c2a658e0-280c-4d79-bda2-89116648a888","2021-12-30 10:22:00.622"
"AG","11.110","31","11.120","5","-10","11.12","1d4c91f2-81ff-4e6e-ae7a-ff81db40a487","2021-12-30 10:22:10.567"
"AG","11.110","31","11.120","5","-10","11.12","2320c2f7-1d69-4604-bebb-53514be5923f","2021-12-30 10:22:10.567"
"AG","11.110","31","11.120","5","-10","11.12","bd6bf8d8-5d20-4ccd-bc6a-950fb55fce32","2021-12-30 10:22:10.567"
"AG","11.110","31","11.120","5","-10","11.12","8e5324b0-1475-4c3d-8391-29678e8f6dca","2021-12-30 10:22:10.567"
"AG","11.110","31","11.120","5","-10","11.12","18c9cfac-c25a-4a67-afba-3d4c150d7786","2021-12-30 10:22:10.567"
"AG","11.100","27","11.110","13","-10","11.11","c0c2cbe1-977a-4439-9b74-c471fbf0b61a","2021-12-30 10:22:30.156"
"AG","11.100","27","11.110","11","-10","11.11","5f4cc190-ea0b-4bd5-8ef4-dd8aa40543e6","2021-12-30 10:23:41.443"
"AG","11.110","35","11.120","1","-10","11.12","740f191b-5db1-4ea9-b29a-65588bd69711","2021-12-30 10:24:21.288"
"AG","11.110","35","11.120","1","-10","11.12","b3176667-a353-486c-bdac-ae28bb989e6e","2021-12-30 10:24:21.288"
"AG","11.110","8","11.120","35","-10","11.12","b6a1165e-5428-45fe-bcc3-659b07f63de1","2021-12-30 10:24:54.222"
"AG","11.110","26","11.120","8","10","11.06","4278b2cd-1a87-47bc-95e8-3da06ebef9a8","2021-12-30 10:33:36.396"
"AG","11.120","1","11.120","11","10","11.06","7a8823fe-c907-40d3-aad2-0b03b66fef6a","2021-12-30 10:33:36.396"
"AG","11.060","30","11.070","24","-10","11.07","9f2d1bd6-0088-4878-934f-db0831156d4b","2021-12-30 10:34:36.517"
"AG","11.040","74","11.050","15","-10","11.05","0d4cf689-9396-4814-900c-d9c090d4cf4c","2021-12-30 10:36:25.099"
"AG","11.110","27","11.120","22","10","11.04","e9bd5b4a-cd15-4d71-98d7-e13601aeef5c","2021-12-30 10:43:08.853"
"AG","11.110","23","11.120","43","10","11.04","d929ec0f-24a8-4d84-a909-9eab82547492","2021-12-30 10:43:08.853"
"AG","11.100","34","11.110","43","10","11.04","45d26aea-e8bd-461f-a79f-1879eb1ffa2a","2021-12-30 10:43:08.853"
"AG","11.120","24","11.130","23","10","11.04","e4ae3b44-2d43-4704-9c7b-7c6acc918ca6","2021-12-30 10:43:08.853"
"AG","11.010","29","11.020","22","-10","11.02","0db6ab8e-89dd-47d6-b8f6-03017c06e146","2021-12-30 10:44:14.087"
"AG","11.010","29","11.020","22","-10","11.02","4e48a07a-9ab5-467e-b8a9-d80c10abb49b","2021-12-30 10:44:14.087"
"AG","11.010","20","11.020","28","-10","11.02","abadb247-ae9e-45ff-97a1-950417207ef3","2021-12-30 10:44:21.889"
"AG","11.020","1","11.020","36","-10","11.02","01ba5344-a7fc-4aab-af1e-64ec013535c6","2021-12-30 10:44:30.006"
"AG","11.100","89","11.110","2","10","11.00","df360aaa-5045-4e0c-8fb0-f8940da6863c","2021-12-30 10:50:06.981"
"AG","11.110","37","11.120","29","10","10.99","a05b604b-cd0b-425a-b9f0-c17bb6d20a26","2021-12-30 10:50:06.986"
"AG","10.980","30","10.990","35","-10","10.99","36b0acec-997e-4322-98b8-50a859c33672","2021-12-30 10:50:30.682"
"AG","10.980","29","10.990","33","-10","10.99","dff1d5d2-39ad-44fb-b359-9b82a2a195b3","2021-12-30 10:50:45.491"
"AG","11.030","13","11.040","29","10","11.04","eb99896f-109d-4783-ad16-da03707456e0","2021-12-30 10:56:32.918"
"AG","10.970","22","10.980","30","-10","10.98","6453372f-c5cd-494d-b977-60f7527284a6","2021-12-30 11:01:33.891"
"AG","11.130","20","11.140","18","10","11.13","b88c3d3f-ff87-420b-95fd-619f351871e3","2021-12-30 12:19:03.981"
"AG","11.130","19","11.140","13","10","11.13","1199a8fe-02f7-4504-9444-18875c5c88f4","2021-12-30 12:19:03.981"
"AG","11.130","30","11.140","13","10","11.13","fd42458d-de77-4855-8aa4-f42fb18e74a1","2021-12-30 12:19:03.981"
"AG","11.130","33","11.140","43","-10","11.14","6ccfcdbe-386d-4b4e-a1a9-284231491826","2021-12-30 12:19:40.347"
"AG","11.140","19","11.150","46","10","11.11","db1bc15d-05a9-410a-8d42-bdf5149f001f","2021-12-30 12:21:13.171"
"AG","11.140","19","11.150","46","10","11.11","1e480b33-a1ee-4ca7-a6a4-fa15b8d9e136","2021-12-30 12:21:13.171"
"AG","11.140","9","11.150","72","10","11.11","f71ac61c-8990-4755-9b8b-c93d6df6b1af","2021-12-30 12:21:13.171"
"AG","11.120","20","11.130","16","10","11.10","34ece327-ea8b-4058-9d7f-857e9a5bb479","2021-12-30 12:22:54.765"
"AG","11.140","15","11.150","57","10","11.10","fd0b126f-52d3-4d92-8247-30f8bc0339c6","2021-12-30 12:22:54.765"
"AG","11.140","15","11.150","50","10","11.10","208ae07c-5579-45d7-8a30-61fe90320835","2021-12-30 12:22:54.765"
"AG","11.140","36","11.150","46","10","11.10","45c592c3-39a5-480a-b1c5-967946e6bd0e","2021-12-30 12:22:54.765"
"AG","11.140","25","11.150","46","10","11.10","09b86bb9-e69b-498e-8a4e-56d85f484494","2021-12-30 12:22:54.765"
"AG","11.090","18","11.100","18","-10","11.10","5898997c-fe51-4c38-b3bd-933ca7f6cf63","2021-12-30 12:25:00.449"
"AG","11.090","18","11.100","18","-10","11.10","c36100f4-142a-41f3-a4c8-a22b5511de62","2021-12-30 12:25:00.449"
"AG","11.090","18","11.100","18","-10","11.10","66831629-6ac4-43c1-be59-fd672f91ada8","2021-12-30 12:25:00.449"
"AG","11.090","18","11.100","18","-10","11.10","b512e0d3-7f10-4818-8667-21d6de8ab816","2021-12-30 12:25:00.449"
"AG","11.090","18","11.100","18","-10","11.10","22940d74-8d10-4122-a95c-4b94d1e93a01","2021-12-30 12:25:00.449"
"AG","11.120","1","11.120","23","10","11.09","1c18e115-b3a5-414b-b6ee-7875008ea769","2021-12-30 12:28:26.240"
"AG","11.120","19","11.130","15","10","11.09","93595715-2269-4f68-a2d7-00582b5a7e7f","2021-12-30 12:28:26.240"
"AG","11.120","19","11.130","15","10","11.09","c9424f61-59be-4fb1-a9dc-fcb4ef9a2700","2021-12-30 12:28:26.240"
"AG","11.120","10","11.130","40","10","11.09","c8b45374-ac7f-4cc6-8b5d-360cce51cc1e","2021-12-30 12:28:26.240"
"AG","11.120","10","11.130","40","10","11.09","b75d4673-038a-4655-a2db-21aa8bf84e8d","2021-12-30 12:28:26.240"
"AG","11.120","33","11.130","27","10","11.09","21246188-1a97-4e55-874c-ada975f701cc","2021-12-30 12:28:26.240"
"AG","11.120","21","11.130","16","10","11.09","2d44a0ea-79c4-4b97-9063-bbd8610d579b","2021-12-30 12:28:26.240"
"AG","11.090","31","11.100","16","-10","11.10","fb0fda0d-65c8-4ae6-8a39-37e847501e98","2021-12-30 12:31:00.086"
"AG","11.090","31","11.100","16","-10","11.10","9e3b03c5-c877-4814-b44d-046d6d718847","2021-12-30 12:31:00.086"
"AG","11.090","31","11.100","16","-10","11.10","e4b1bce2-f132-4812-9759-0810c54c4f9c","2021-12-30 12:31:00.086"
"AG","11.090","31","11.100","16","-10","11.10","053aec76-7413-440e-a189-cfdb0aab5397","2021-12-30 12:31:00.086"
"AG","11.090","28","11.100","18","-10","11.10","9e80c5e8-101a-4e1c-8652-4d4e3b54f1d3","2021-12-30 12:31:00.086"
"AG","11.090","28","11.100","18","-10","11.10","e5744d76-3e14-43cc-8067-af2913b346f8","2021-12-30 12:31:00.086"
"AG","11.090","28","11.100","18","-10","11.10","f48d201b-9b12-4024-a7f4-6ffd51c94c58","2021-12-30 12:31:00.086"
"AG","11.090","28","11.100","18","-10","11.10","82239f9e-fc65-4d84-86b1-b7699234c857","2021-12-30 12:31:00.086"
"AG","11.090","28","11.100","18","-10","11.10","dff0d4ef-fc39-4c0b-91ef-c7f21312ce6b","2021-12-30 12:31:00.086"
"AG","11.090","28","11.100","18","-10","11.10","63c2d67a-d182-4843-b2ca-63b5311a6dec","2021-12-30 12:31:00.086"
"AG","11.090","27","11.100","13","-10","11.10","0910306d-b14a-40ee-b4e1-4d6113f53670","2021-12-30 12:31:28.358"
"AG","11.090","37","11.100","13","-10","11.10","25ddc770-dec9-47d6-8dbe-c0888c511c42","2021-12-30 12:31:28.358"
"AG","11.070","21","11.080","14","10","11.07","7ddd497b-46b8-420a-8eed-95d14d5a6f7d","2021-12-30 12:59:24.659"
"AG","11.070","21","11.080","14","10","11.07","d00a8362-90f0-4f55-b579-1741c9b51664","2021-12-30 12:59:24.659"
"AG","11.070","21","11.080","14","10","11.07","cf00918e-da66-432c-a31d-d7ac0e252847","2021-12-30 12:59:24.659"
"AG","11.080","30","11.090","57","10","11.07","4b94cc58-133d-411c-81ab-f2ca38d7a513","2021-12-30 12:59:24.659"
"AG","11.040","39","11.050","12","-10","11.05","25b777ce-b851-47ef-8306-35d303fcd1ad","2021-12-30 13:00:56.860"
"AG","11.040","39","11.050","12","-10","11.05","67cf5b8c-8bab-4c46-9cb6-151fdd760d27","2021-12-30 13:00:56.860"
"AG","11.040","31","11.050","5","-10","11.05","39ed7f1a-9671-4b2c-9a8d-da103b2ddaae","2021-12-30 13:01:07.482"
"AG","11.040","62","11.050","4","-10","11.05","a5ce8252-5a77-4553-bdf5-111585e8f5b6","2021-12-30 13:01:17.839"
"AG","11.060","15","11.070","22","10","11.07","b50a820c-8d17-46f5-8c7d-1a4fd5f6c001","2021-12-30 13:08:00.006"
"AG","11.050","65","11.060","2","-10","11.06","71f83071-1fc2-4120-b445-6d91cba82aef","2021-12-30 13:16:41.633"
"AG","11.050","13","11.060","31","10","11.04","b11e3dea-7719-4bf0-a0ad-c5eb32039ce3","2021-12-30 13:28:20.582"
"AG","11.040","26","11.050","18","-10","11.05","f76eb1a8-c3f4-4480-a0aa-da9c016f42f4","2021-12-30 13:32:07.239"
"AG","11.060","14","11.070","38","10","11.05","226b185c-caae-493b-87de-a0387641cc80","2021-12-30 13:35:22.700"
"AG","11.060","10","11.070","25","10","11.04","6e9b51b5-f552-4354-bb91-456b2f4f89fa","2021-12-30 13:46:04.497"
"AG","11.030","82","11.040","13","-10","11.04","abf8c548-2158-412e-a66e-a3da6da80eff","2021-12-30 13:50:40.658"
"AG","11.030","89","11.040","6","-10","11.04","5107496e-841c-4a4c-8eeb-51968ac087a4","2021-12-30 13:50:55.579"
"AG","11.020","42","11.030","5","10","11.03","a0b4a88a-bf50-4636-945e-45b18b6b4b4e","2021-12-30 14:11:40.006"
"AG","11.030","17","11.040","38","-10","11.04","a1d1bd4a-a9f0-48ed-9a7a-203d84b7cf1b","2021-12-30 14:16:10.504"
"AG","11.040","26","11.050","19","10","11.03","8945f92b-64d3-4a64-b51e-d27c19387c50","2021-12-30 14:20:07.283"
"AG","11.040","26","11.050","19","10","11.03","9b272d6d-113d-4616-a9ce-e4e5179b9b44","2021-12-30 14:20:07.283"
"AG","11.040","11","11.050","25","10","11.03","6bd0ec16-deb1-4996-a2d4-26deb6cf14f2","2021-12-30 14:20:07.283"
"AG","11.040","11","11.050","28","10","11.03","cdd6247a-b280-40d6-8d27-8006cfcfd635","2021-12-30 14:20:07.283"
"AG","11.040","21","11.050","38","10","11.03","fbfa56ab-7fab-40e1-afe5-6c0994510f9b","2021-12-30 14:20:07.283"
"AG","11.040","11","11.050","24","10","11.03","2815948d-32d5-4c5d-9abb-98f600ef56b5","2021-12-30 14:20:07.283"
"AG","11.050","35","11.060","10","-10","11.06","cdb32222-7991-4e59-8009-478d66fa47a7","2021-12-30 14:31:20.533"
"AG","11.050","35","11.060","10","-10","11.06","af2e3a1f-11ca-4493-8804-94df75f62e57","2021-12-30 14:31:20.533"
"AG","11.060","35","11.070","8","-10","11.07","acc2c397-3174-439c-9e1f-9666e909f738","2021-12-30 14:32:17.690"
"AG","11.060","35","11.070","8","-10","11.07","72aee108-f47e-4c3f-88eb-c49c0bf67eb3","2021-12-30 14:32:17.690"
"AG","11.060","35","11.070","5","-10","11.07","6a18f360-4d65-4a01-8eaa-046b215aaf38","2021-12-30 14:32:21.261"
"AG","11.060","27","11.070","8","-10","11.07","c30142dd-6b14-4392-924a-5c7e692d8085","2021-12-30 14:32:50.380"
"AG","11.080","67","11.090","19","10","11.05","89502de7-2d7d-4ce7-b08d-2995421ca0d9","2021-12-30 15:08:40.979"
"AG","11.080","67","11.090","19","10","11.05","a76579f8-0b63-43a3-aa9d-30c6d23df98a","2021-12-30 15:08:40.979"
"AG","11.080","67","11.090","22","10","11.05","2e94119d-4d62-438f-96c9-b25ba75a93d4","2021-12-30 15:08:40.979"
"AG","11.070","40","11.080","19","10","11.05","4abd00f6-a3ac-45a7-a3ae-745c1df3938e","2021-12-30 15:08:40.979"
"AG","11.070","32","11.080","47","10","11.05","7043c3ed-a9b6-48dc-a26a-12639817ff6d","2021-12-30 15:08:40.979"
"AG","11.070","30","11.080","37","10","11.05","9edbcfa0-732e-419e-aae1-1cf9f2da289d","2021-12-30 15:08:40.979"
"AG","11.070","30","11.080","36","10","11.05","37dc0da4-ae9f-481b-9180-2a4c88354bbe","2021-12-30 15:08:40.979"
"AG","11.040","38","11.050","31","-10","11.05","39173b47-1550-44df-b119-f37ed6685eb5","2021-12-30 15:14:15.603"
"AG","11.040","38","11.050","31","-10","11.05","ec605e4d-8f2b-43b0-8f12-be1b16b57438","2021-12-30 15:14:15.603"
"AG","11.040","38","11.050","31","-10","11.05","7450a629-3c0e-4d48-9e88-b630927ad2ba","2021-12-30 15:14:15.603"
"AG","11.040","38","11.050","31","-10","11.05","4ba69512-b51e-48ae-95ac-0c03042cb0df","2021-12-30 15:14:15.603"
"AG","11.040","41","11.050","11","-10","11.05","78bd87fd-d952-4302-8d12-c84ea6675e27","2021-12-30 15:14:15.603"
"AG","11.040","41","11.050","11","-10","11.05","60406d00-9746-4d48-a9a3-ef53756b79b2","2021-12-30 15:14:15.603"
"AG","11.040","38","11.050","36","-10","11.05","3a65232c-b0fc-4d2b-9208-a64e5ef6a1b9","2021-12-30 15:14:15.603"
"AG","11.070","37","11.080","12","10","11.03","b202eb6a-7f4e-484b-9a17-3ca41cd5d7b0","2021-12-30 15:21:28.243"
"AG","11.030","29","11.040","14","-10","11.04","ccc6e5b3-bc03-460e-af8a-e413562b6ecf","2021-12-30 15:25:11.068"
"AG","11.040","61","11.050","13","10","11.05","b401e2e9-9bec-49af-a70d-aa8b7ebe0d27","2021-12-30 15:25:50.006"
"AG","11.040","22","11.050","68","-10","11.04","cfbbd238-fd8f-4567-8522-794c3924abb3","2021-12-30 15:48:00.006"
"ABB","38.450","21","38.460","42","3","38.42","a5c4bd24-85d1-4f6f-8c7e-7a5194cbf2a9","2021-12-30 09:55:05.257"
"ABB","38.370","16","38.380","13","-3","38.38","dd07681e-0899-4211-a5b2-486e766e866b","2021-12-30 10:04:23.518"
"ABB","38.420","25","38.430","7","3","38.40","5098fb06-db9b-41dc-96ae-650d6d278ed9","2021-12-30 10:15:28.826"
"ABB","38.400","15","38.410","45","-3","38.41","e541a49a-57df-40dc-b992-97e2b8b3581e","2021-12-30 10:16:03.554"
"ABB","38.410","18","38.420","51","3","38.38","8257e257-cf15-435b-aab8-0a63c43faef6","2021-12-30 10:21:29.495"
"ABB","38.410","18","38.420","51","3","38.38","0a4bb633-1d90-4441-be87-83b7fef19e8b","2021-12-30 10:21:29.495"
"ABB","38.380","32","38.390","10","-3","38.39","650af52b-1d8e-4830-96da-9e580c764ac4","2021-12-30 10:22:18.165"
"ABB","38.380","32","38.390","10","-3","38.39","4fb1efeb-b99e-4d42-8d45-b87f68018f63","2021-12-30 10:22:18.165"
"ABB","38.340","1","38.350","58","3","38.35","b7b1395d-f0c1-49dd-b3af-a3d55fe4fe6e","2021-12-30 10:43:00.006"
"ABB","38.330","15","38.340","40","-3","38.34","121bbcf0-8b0e-4c77-b1b8-423e9f72f690","2021-12-30 10:44:14.254"
"ABB","38.330","17","38.340","39","3","38.31","b9301894-2c70-4515-a2c2-1a72aa2f03b5","2021-12-30 11:03:18.080"
"ABB","38.320","10","38.330","45","3","38.31","1e8eeb6b-fddf-4946-96bf-5018d85ca8e3","2021-12-30 11:03:18.080"
"ABB","38.320","10","38.330","45","3","38.31","25ace9bb-3ca1-4d1c-9afa-3b0a7113231a","2021-12-30 11:03:18.080"
"ABB","38.320","14","38.330","42","3","38.31","a107c11d-aa2a-417a-87cd-990562eeb1f7","2021-12-30 11:03:18.080"
"ABB","38.320","31","38.330","29","3","38.31","514679dd-1172-47e5-8f02-0767dca5f532","2021-12-30 11:03:18.080"
"ABB","38.330","7","38.340","43","3","38.31","4346aaea-fab2-45f6-bec9-5333f9de646e","2021-12-30 11:03:18.080"
"ABB","38.330","7","38.340","43","3","38.31","72022933-ce74-4560-b8aa-66248392c916","2021-12-30 11:03:18.080"
"ABB","38.330","16","38.340","32","3","38.30","e347aea6-c104-4be4-9303-23bae87937fd","2021-12-30 11:07:02.656"
"ABB","38.330","14","38.340","41","3","38.30","f472a715-c296-4b8b-b038-6802d08a7206","2021-12-30 11:07:02.656"
"ABB","38.330","14","38.340","41","3","38.30","cc149f2d-bd54-453b-9cc9-2ac4d9186b3c","2021-12-30 11:07:02.656"
"ABB","38.330","12","38.340","42","3","38.30","e17c9db8-40c8-4099-9a51-d53e04868b06","2021-12-30 11:07:02.656"
"ABB","38.330","12","38.340","42","3","38.30","511d3e2e-f581-468b-8eac-95b39c6a3c8c","2021-12-30 11:07:02.656"
"ABB","38.340","19","38.350","51","3","38.30","45e0878e-67d1-4227-acde-9a75ec23d5aa","2021-12-30 11:07:02.656"
"ABB","38.340","19","38.350","51","3","38.30","a7fca294-6c58-4681-bfe6-0c7a4478d482","2021-12-30 11:07:02.656"
"ABB","38.340","26","38.350","28","3","38.30","84ac4843-e237-4226-bdb5-33cf640525a3","2021-12-30 11:07:02.656"
"ABB","38.350","23","38.360","38","3","38.30","c782827d-4f1c-4fc4-ac22-63be5de8baf8","2021-12-30 11:07:02.656"
"ABB","38.350","32","38.360","4","3","38.30","b439a11f-7d01-46dd-a517-8c63b30c341a","2021-12-30 11:07:02.656"
"ABB","38.350","25","38.360","18","3","38.30","b4271137-ed5d-4603-a520-b003939a956d","2021-12-30 11:07:02.656"
"ABB","38.340","17","38.350","18","3","38.30","3c082ecb-d0d0-44d1-82ab-cd5c2761a79c","2021-12-30 11:07:02.656"
"ABB","38.350","10","38.360","57","3","38.30","1f19e34a-2f4f-4dde-aff6-9d2013b438d4","2021-12-30 11:07:02.656"
"ABB","38.340","16","38.350","19","3","38.30","b6e1d0a2-4a91-4480-8aa4-19cba5d1bc7d","2021-12-30 11:07:02.656"
"ABB","38.340","12","38.350","49","3","38.30","c92c551a-27f9-4fd6-a291-cc78c4279360","2021-12-30 11:07:02.656"
"ABB","38.340","11","38.350","49","3","38.30","454c75fd-40ad-4f0a-b6c1-e428157624f0","2021-12-30 11:07:02.656"
"ABB","38.330","17","38.340","39","3","38.30","d3be174b-dcdf-4f9e-8c72-7f9f553c9403","2021-12-30 11:07:02.656"
"ABB","38.280","20","38.290","15","-3","38.29","78fe87bf-7886-458e-8d57-2b663de19db4","2021-12-30 11:08:10.543"
"ABB","38.280","20","38.290","15","-3","38.29","7e96066a-bedb-4ea6-a07a-86ee954f8359","2021-12-30 11:08:10.543"
"ABB","38.280","23","38.290","44","-3","38.29","459a96f1-4e10-45a6-8967-e132bdce25af","2021-12-30 11:08:10.543"
"ABB","38.290","20","38.300","33","-3","38.30","8c766276-070e-487e-bae0-99dffa8e9ad1","2021-12-30 11:09:06.195"
"ABB","38.290","20","38.300","33","-3","38.30","db851c3e-507d-433b-92c9-65dc0fb10323","2021-12-30 11:09:06.195"
"ABB","38.290","20","38.300","33","-3","38.30","89f51a23-fa23-4f29-9f69-aceb841d7fd5","2021-12-30 11:09:06.195"
"ABB","38.290","20","38.300","33","-3","38.30","fb17d6cd-4d9c-4184-8b69-69b9730311dd","2021-12-30 11:09:06.195"
"ABB","38.290","20","38.300","33","-3","38.30","8ccc48e0-dfa3-4e9a-8811-d12eadbc6ac2","2021-12-30 11:09:06.195"
"ABB","38.290","20","38.300","33","-3","38.30","c9bad47e-b3b7-4019-8831-c2565842921e","2021-12-30 11:09:06.195"
"ABB","38.290","20","38.300","33","-3","38.30","9d680ee5-0ff4-4eb6-9f33-6b960a8c5808","2021-12-30 11:09:06.195"
"ABB","38.290","20","38.300","33","-3","38.30","cb829535-ab86-413b-836b-460a7e6cc7ab","2021-12-30 11:09:06.195"
"ABB","38.290","20","38.300","33","-3","38.30","c8382bee-c639-4aea-84d6-4aa23b3b0b25","2021-12-30 11:09:06.195"
"ABB","38.290","20","38.300","33","-3","38.30","e451df5b-8e55-455d-8639-36832a5706f6","2021-12-30 11:09:06.195"
"ABB","38.290","20","38.300","33","-3","38.30","49176aac-69b5-4b6f-8920-bbf8dc98567a","2021-12-30 11:09:06.195"
"ABB","38.290","20","38.300","33","-3","38.30","aa5d99cf-ebbc-4e6a-9233-279c20a70b99","2021-12-30 11:09:06.195"
"ABB","38.290","20","38.300","39","-3","38.30","f7620a4f-64f2-427d-9e9f-cd37e6bf738f","2021-12-30 11:09:06.195"
"ABB","38.290","20","38.300","39","-3","38.30","01bc5074-65bf-43d6-94a3-3addaf1eaf6b","2021-12-30 11:09:06.195"
"ABB","38.290","20","38.300","39","-3","38.30","2af9e7a4-389b-4350-a6e4-4e149ea6a3a1","2021-12-30 11:09:06.195"
"ABB","38.290","20","38.300","39","-3","38.30","6a12ae68-ab23-40fd-b6c6-a7179a41945e","2021-12-30 11:09:06.195"
"ABB","38.290","20","38.300","39","-3","38.30","4b873bcb-6402-4b23-bfd7-755489156615","2021-12-30 11:09:06.195"
"ABB","38.290","20","38.300","39","-3","38.30","ea5c482b-7b48-44f5-9c33-b0d1c69d1b44","2021-12-30 11:09:06.195"
"ABB","38.290","16","38.300","39","-3","38.30","7404f7d1-bdde-4bbb-a0c1-8e0bcd40b75e","2021-12-30 11:09:06.195"
"ABB","38.290","16","38.300","39","-3","38.30","4de2d4f8-6bcc-4c1e-9035-1ec2a94b5a9b","2021-12-30 11:09:06.195"
"ABB","38.290","16","38.300","39","-3","38.30","ef465139-669b-430d-9ad3-9017eb37ad2b","2021-12-30 11:09:06.195"
"ABB","38.320","26","38.330","11","3","38.32","49d42f8b-20d9-449b-9363-ccee674a5b04","2021-12-30 11:17:47.453"
"ABB","38.330","8","38.340","51","-3","38.34","5e61a287-6be1-49b8-9b6d-f868abc90c41","2021-12-30 11:19:59.443"
"ABB","38.330","15","38.340","21","3","38.31","2880cedb-bfc8-44e2-8750-98b0bc6e76e3","2021-12-30 11:21:01.578"
"ABB","38.330","3","38.340","62","3","38.31","33e26526-04b6-4ada-8971-d21099ba9e3f","2021-12-30 11:21:01.578"
"ABB","38.330","8","38.340","25","3","38.31","3967895f-2a67-4f0b-b55d-7c6c6fb6d015","2021-12-30 11:21:01.578"
"ABB","38.330","8","38.340","25","3","38.31","24fd600d-caf3-4eaf-a78f-34636277f3a7","2021-12-30 11:21:01.578"
"ABB","38.230","18","38.240","8","-3","38.24","b9ada856-a962-47ab-a2de-561021bcc1ac","2021-12-30 11:39:32.215"
"ABB","38.230","18","38.240","8","-3","38.24","50fff980-0a30-4290-8869-342bdded6de5","2021-12-30 11:39:32.215"
"ABB","38.230","13","38.240","32","-3","38.24","c5bbac27-cefc-43d2-a9e6-9657ce91e5d1","2021-12-30 11:39:45.488"
"ABB","38.230","13","38.240","31","-3","38.24","48ce0774-35ed-4323-a0b8-17b95c502fbb","2021-12-30 11:41:03.102"
"ABB","38.230","33","38.240","7","3","38.24","99c17b00-f01e-4f0e-b407-359917c2ff74","2021-12-30 11:41:20.006"
"ABB","38.210","14","38.220","10","-3","38.22","6c64de65-2662-415d-a9b9-429573ef1243","2021-12-30 11:49:26.988"
"ABB","38.170","8","38.180","29","3","38.15","021943c9-d4b3-4fcb-84a0-12251c8bdbb9","2021-12-30 13:02:31.751"
"ABB","38.170","5","38.180","20","3","38.15","1c6f4cc9-4824-4007-8f3f-d77f56a5443d","2021-12-30 13:02:31.751"
"ABB","38.170","8","38.180","14","3","38.15","f66315f8-a72c-496e-bf8b-fc06d45cb847","2021-12-30 13:02:31.751"
"ABB","38.170","5","38.180","30","3","38.15","f100ac53-e046-4c4e-8b89-4c612082e3d6","2021-12-30 13:02:31.751"
"ABB","38.160","18","38.170","13","3","38.15","12ba2288-3a7e-49c5-94cd-ab2f9ac9973b","2021-12-30 13:02:31.751"
"ABB","38.160","18","38.170","13","3","38.15","a1165e4f-9a23-477a-8160-f4e8527eb31b","2021-12-30 13:02:31.751"
"ABB","38.150","8","38.160","33","3","38.14","109503af-157a-45ac-8fed-64574beb4608","2021-12-30 13:05:59.160"
"ABB","38.150","10","38.160","34","3","38.14","c7f5d307-5285-4c0e-9015-940ac95c8fee","2021-12-30 13:05:59.160"
"ABB","38.150","16","38.160","28","3","38.14","e513235c-85fd-45bf-9c7a-1a06b1741513","2021-12-30 13:05:59.160"
"ABB","38.150","16","38.160","28","3","38.14","7f51ca4d-48ce-4fd4-a7b0-c1e02979d7da","2021-12-30 13:05:59.160"
"ABB","38.170","23","38.180","20","3","38.14","b051e6ab-15fa-4b65-af4c-fc1d66090e10","2021-12-30 13:05:59.160"
"ABB","38.170","19","38.180","8","3","38.14","54b825fc-4ace-4cca-9859-97b519159866","2021-12-30 13:05:59.160"
"ABB","38.170","8","38.180","21","3","38.13","ec7c74e3-908c-425a-ac29-7efbdd32d769","2021-12-30 13:06:25.453"
"ABB","38.170","2","38.180","45","3","38.13","65e96758-16fc-4557-9b67-7eb68384cde8","2021-12-30 13:06:25.453"
"ABB","38.170","8","38.180","25","3","38.13","2b06ce81-ff10-4ec1-ab6d-4f286fa74221","2021-12-30 13:06:25.453"
"ABB","38.170","8","38.180","25","3","38.13","e1477de9-5760-43d5-91eb-1876ddd9743d","2021-12-30 13:06:25.453"
"ABB","38.170","8","38.180","23","3","38.13","29cdf166-a7f3-4f8a-929c-a590728928fa","2021-12-30 13:06:25.453"
"ABB","38.170","8","38.180","18","3","38.13","ec3e7c94-8a9b-4f8f-8243-b0ad2baf98d7","2021-12-30 13:06:25.453"
"ABB","38.140","13","38.150","9","-3","38.15","f0906816-7103-44b1-a5a6-5af120d11133","2021-12-30 13:09:31.724"
"ABB","38.140","13","38.150","9","-3","38.15","b60213ee-8f88-4d4a-9f32-0904272ab22f","2021-12-30 13:09:31.724"
"ABB","38.140","13","38.150","9","-3","38.15","5a422880-51bc-4166-896c-538700f49108","2021-12-30 13:09:31.724"
"ABB","38.140","13","38.150","9","-3","38.15","af014799-2c15-4b79-aeff-a89e89f84e55","2021-12-30 13:09:31.724"
"ABB","38.140","13","38.150","9","-3","38.15","1233f253-b0b5-4af4-a75a-3756e88a3c55","2021-12-30 13:09:31.724"
"ABB","38.140","14","38.150","7","-3","38.15","4c984872-c27e-427a-a366-cd9190ebcdb8","2021-12-30 13:09:31.724"
"ABB","38.140","14","38.150","7","-3","38.15","930775fc-5eda-4d72-9a77-efdf2587d5d3","2021-12-30 13:09:31.724"
"ABB","38.140","12","38.150","12","-3","38.15","1d2dbffa-0bb8-4fe8-bc02-abd74b3638c3","2021-12-30 13:10:10.833"
"ABB","38.140","12","38.150","12","-3","38.15","29d70f2c-05d1-485a-98b5-9c8b1cee1c86","2021-12-30 13:10:10.833"
"ABB","38.140","12","38.150","12","-3","38.15","c83fdb13-7d9f-4fd4-a87b-86e2ab5a6d56","2021-12-30 13:10:10.833"
"ABB","38.140","12","38.150","12","-3","38.15","68729a6d-b8e4-47f4-bb7a-0e42465a407a","2021-12-30 13:10:10.833"
"ABB","38.140","5","38.150","34","-3","38.15","e88bca3d-929e-476d-b2bf-05d8158bd51d","2021-12-30 13:13:13.849"
"ABB","38.140","5","38.150","34","-3","38.15","8f17a618-e474-4013-95b0-92428df1cc1c","2021-12-30 13:13:13.849"
"ABB","38.140","3","38.140","32","-3","38.14","f5ef3c26-4ceb-4f47-9d37-18094efd246f","2021-12-30 13:13:40.006"
"ABB","38.140","3","38.140","32","-3","38.14","2dfc0ca8-2492-4bfd-952e-1e42d2dd7ed4","2021-12-30 13:13:40.006"
"ABB","38.130","15","38.140","16","-3","38.14","c7b752f5-7d02-498f-8432-e61c30f44471","2021-12-30 13:15:28.619"
"ABB","38.130","15","38.140","16","-3","38.14","904d700f-3c5c-476e-9d96-07467f6475e6","2021-12-30 13:15:28.619"
"ABB","38.130","15","38.140","16","-3","38.14","6b59c1f3-4853-46c7-a247-297225484b7e","2021-12-30 13:15:28.619"
"ABB","38.150","2","38.160","38","3","38.14","1e91fc03-e83d-427d-acce-619810fbd8ea","2021-12-30 14:05:04.295"
"ABB","38.150","14","38.160","15","-3","38.16","834adda6-d4bc-4899-979b-884f29db86d5","2021-12-30 14:07:58.257"
"ABB","38.160","14","38.170","11","3","38.17","f49a749a-a5ab-4fef-ac54-f7b3a4d98527","2021-12-30 14:15:30.006"
"ABB","38.200","9","38.210","18","-3","38.21","1eba7314-2d06-4bff-b11f-72e396bfeb3f","2021-12-30 14:31:54.161"
"ABB","38.200","17","38.210","28","3","38.19","6c99e3e9-9949-416f-bd2b-5d51bf8c9663","2021-12-30 14:51:09.787"
"ABB","38.200","22","38.210","28","3","38.19","98b53a6f-834f-440c-939a-04eec9d9e4b0","2021-12-30 14:51:09.787"
"ABB","38.200","22","38.210","28","3","38.19","f5706e2e-40b3-46b7-bd0c-0992487bc640","2021-12-30 14:51:09.787"
"ABB","38.200","20","38.210","28","3","38.19","c222dd81-85ce-4f50-b86c-1f1685d498f4","2021-12-30 14:51:09.787"
"ABB","38.200","5","38.200","32","3","38.18","116aaf1b-f83b-442a-ab4f-169d79b415c9","2021-12-30 14:53:11.870"
"ABB","38.190","24","38.200","8","3","38.18","80cc155a-e3aa-45bf-871a-1cf396a2aa4a","2021-12-30 14:53:11.870"
"ABB","38.190","21","38.200","21","3","38.18","2e9f4487-2fd0-4538-8f9d-9acd99931132","2021-12-30 14:53:11.870"
"ABB","38.190","21","38.200","21","3","38.18","58dec200-32cb-4ce1-b1f5-62736dbc75a4","2021-12-30 14:53:11.870"
"ABB","38.200","25","38.210","31","3","38.18","3393e971-c6b3-4808-a95c-b912a1f0d4e8","2021-12-30 14:53:11.870"
"ABB","38.200","28","38.210","16","3","38.18","6228cbb0-3600-49ab-a5df-f1f3356c69d9","2021-12-30 14:53:11.870"
"ABB","38.200","28","38.210","16","3","38.18","3ae1d059-c84d-461f-a2df-de97838c78d2","2021-12-30 14:53:11.870"
"ABB","38.200","20","38.210","29","3","38.18","5e015178-233e-4f33-b8b0-6331dede913f","2021-12-30 14:53:11.870"
"ABB","38.200","27","38.210","26","3","38.18","c3300bc2-d598-46f3-9425-f68ae8424e2a","2021-12-30 14:53:11.870"
"ABB","38.200","27","38.210","26","3","38.18","a7657915-1d5c-47fc-ae9e-df744b177872","2021-12-30 14:53:11.870"
"ABB","38.210","32","38.220","15","3","38.18","9bb3cf55-4a62-43b5-93fc-339580fc6b5c","2021-12-30 14:53:11.870"
"ABB","38.210","15","38.220","20","3","38.18","0646981f-a98b-4145-b5b4-390b8d48c007","2021-12-30 14:53:11.870"
"ABB","38.210","3","38.220","36","3","38.18","2901005a-b1db-4179-83b5-aeb5d99a03cf","2021-12-30 14:53:11.870"
"ABB","38.210","3","38.220","36","3","38.18","0edff512-fca2-4d11-a6df-fbc9ede6b714","2021-12-30 14:53:11.870"
"ABB","38.180","18","38.190","15","-3","38.19","e6e159b8-f6dd-46fe-82f8-e11ae8812c69","2021-12-30 14:57:15.417"
"ABB","38.180","18","38.190","15","-3","38.19","107ce8fe-b087-49a6-a7e2-af007fa7d408","2021-12-30 14:57:15.417"
"ABB","38.180","18","38.190","15","-3","38.19","3457412a-8f39-4f5d-a255-93f90e1bbe57","2021-12-30 14:57:15.417"
"ABB","38.180","18","38.190","15","-3","38.19","595404e0-04ed-4684-8bad-e0226e456ceb","2021-12-30 14:57:15.417"
"ABB","38.180","18","38.190","15","-3","38.19","b7ecbb52-4b00-40d4-a5d0-0b62c3512b90","2021-12-30 14:57:15.417"
"ABB","38.180","18","38.190","15","-3","38.19","cde57081-200d-4bce-9a20-5b50507e46ce","2021-12-30 14:57:15.417"
"ABB","38.180","18","38.190","15","-3","38.19","61b5e1cb-88d1-4ce9-8e82-c70a2e73b924","2021-12-30 14:57:15.417"
"ABB","38.180","18","38.190","15","-3","38.19","54524c9f-797a-4703-bfd0-2ba8732f2ba0","2021-12-30 14:57:15.417"
"ABB","38.180","18","38.190","15","-3","38.19","f03a93c6-901a-43f8-b42f-48081b0abc06","2021-12-30 14:57:15.417"
"ABB","38.180","18","38.190","15","-3","38.19","dccf9d14-c838-4930-a552-0ca54c42fc98","2021-12-30 14:57:15.417"
"ABB","38.180","18","38.190","15","-3","38.19","0c70785f-8e9e-4db8-9ba8-b8b764ec2c98","2021-12-30 14:57:15.417"
"ABB","38.180","18","38.190","15","-3","38.19","066ecb32-0f90-4acf-8938-12eae6bf918c","2021-12-30 14:57:15.417"
"ABB","38.180","18","38.190","15","-3","38.19","2def6fae-556b-4a0f-84ba-8afd3ff3e6ed","2021-12-30 14:57:15.417"
"ABB","38.180","18","38.190","15","-3","38.19","a67dfccc-c9b3-4a60-9219-8affbfe6535b","2021-12-30 14:57:15.417"
"ABB","38.180","18","38.190","15","-3","38.19","62044b41-c8d2-4dbe-9da8-021a3d15b66d","2021-12-30 14:57:15.417"
"ABB","38.180","18","38.190","15","-3","38.19","a3fc577e-06b3-426e-a1e0-d67137e41b58","2021-12-30 14:57:15.417"
"ABB","38.180","18","38.190","15","-3","38.19","72f7f047-98dc-48d1-b66d-0466912862c8","2021-12-30 14:57:15.417"
"ABB","38.180","18","38.190","23","-3","38.19","42019b6a-1edb-4001-8fd7-084ba99c051c","2021-12-30 14:57:15.417"
"ABB","38.190","30","38.200","8","3","38.19","9866c9e4-9400-423f-a232-f50a0f453a81","2021-12-30 15:03:10.446"
"ABB","38.190","26","38.200","15","3","38.19","a018e4c1-bc70-4c77-9c86-a0bfaeb25104","2021-12-30 15:03:10.446"
"ABB","38.200","17","38.210","13","3","38.19","28d6a804-33d0-416e-a594-eca26efe1b10","2021-12-30 15:03:10.446"
"ABB","38.190","21","38.200","14","3","38.19","3825b84e-c2d0-4b18-bba8-5d3b9ebbcc75","2021-12-30 15:03:10.446"
"ABB","38.190","21","38.200","14","3","38.19","530ffb20-6e92-4e9d-a973-b23c98b3b9d5","2021-12-30 15:03:10.446"
"ABB","38.190","21","38.200","14","3","38.19","dd052b97-92cf-4055-af9b-6c21b966e186","2021-12-30 15:03:10.446"
"ABB","38.190","21","38.200","14","3","38.19","bcbac11e-f85c-4ece-8a8a-891cf852de30","2021-12-30 15:03:10.446"
"ABB","38.200","17","38.210","10","-3","38.21","9afd38c4-ad17-4f09-b35d-98e26a35bf56","2021-12-30 15:03:57.503"
"ABB","38.200","17","38.210","10","-3","38.21","26c821e9-15c2-45c5-ab2a-7107d547b907","2021-12-30 15:03:57.503"
"ABB","38.200","17","38.210","10","-3","38.21","ba0937b9-40de-490d-b2b7-b431445d9291","2021-12-30 15:03:57.503"
"ABB","38.200","17","38.210","10","-3","38.21","e4e7eb6a-c050-41c0-8005-10c4bd3da81b","2021-12-30 15:03:57.503"
"ABB","38.210","19","38.220","18","-3","38.22","4d367deb-5e78-45a8-b20d-da8efda663f0","2021-12-30 15:04:37.860"
"ABB","38.210","11","38.220","21","-3","38.22","5b88ff72-ab71-46bb-a64a-8bd43225b437","2021-12-30 15:05:26.310"
"ABB","38.210","1","38.210","20","-3","38.21","7c8a860d-d196-489e-8552-46e5af94b8fd","2021-12-30 15:07:10.006"
"ALC","88.300","8","88.380","1","2","88.30","4756915b-cf34-4c53-913d-7c02a1193ecb","2021-12-30 09:54:39.685"
"ALC","88.240","9","88.290","3","-2","88.29","e47889a7-6b0e-47d4-b0be-bfce20186a85","2021-12-30 10:03:31.857"
"ALC","88.320","10","88.400","8","2","88.34","2c9165d0-29f2-4486-8ac9-f99462050839","2021-12-30 10:06:00.719"
"ALC","88.180","7","88.240","1","-2","88.24","34a3c083-766d-4360-8775-a6e87ad52314","2021-12-30 10:16:39.877"
"ALC","88.220","7","88.260","1","2","88.18","6a76f5aa-8820-4ad1-897b-6271da5b27a9","2021-12-30 10:36:08.783"
"ALC","88.220","7","88.260","1","2","88.18","d3f07333-81e6-4ac2-b21c-015173975595","2021-12-30 10:36:08.783"
"ALC","88.220","7","88.260","1","2","88.18","5c01eb47-8436-49d4-98ce-54fd302d7bd1","2021-12-30 10:36:08.783"
"ALC","88.220","7","88.280","1","2","88.18","79dd0258-a660-4f06-90a7-f27026ab7e00","2021-12-30 10:36:08.783"
"ALC","88.220","7","88.280","1","2","88.18","943d8f15-3031-47ca-a91f-5f097beb59e6","2021-12-30 10:36:08.783"
"ALC","88.220","7","88.280","1","2","88.18","72ca7f7f-cb46-4291-8caa-626bf4708f13","2021-12-30 10:36:08.783"
"ALC","88.220","7","88.280","1","2","88.18","b64d6cd9-0233-4c75-90d2-fee5c17cf68c","2021-12-30 10:36:08.783"
"ALC","88.220","7","88.280","1","2","88.18","76f05174-7691-4d7e-a54a-909aa0458391","2021-12-30 10:36:08.783"
"ALC","88.220","8","88.280","1","2","88.18","2ef6e57c-6d57-447d-87f6-21f21c7ac81e","2021-12-30 10:36:08.783"
"ALC","88.220","8","88.280","1","2","88.18","c3ec8281-36db-4343-8fda-433ee56f4697","2021-12-30 10:36:08.783"
"ALC","88.200","7","88.250","2","-2","88.25","de7ad018-f1c0-4bf9-892f-c492d1b4b41b","2021-12-30 10:38:11.766"
"ALC","88.200","7","88.250","2","-2","88.25","d63f0fcc-ccce-4664-9e8b-1f750e7c9ea7","2021-12-30 10:38:11.766"
"ALC","88.200","7","88.250","2","-2","88.25","d5d64677-07cd-466a-8462-03bb04528a2e","2021-12-30 10:38:11.766"
"ALC","88.200","7","88.250","2","-2","88.25","89b83bb9-0ca5-4728-b0e2-0f28b0326d5f","2021-12-30 10:38:11.766"
"ALC","88.260","10","88.320","2","-2","88.32","f41fed47-d29e-4c64-8ec2-1618e83d8aab","2021-12-30 10:42:08.815"
"ALC","88.260","10","88.320","2","-2","88.32","4612c2b5-2d55-475b-8be6-e717ef7d1ec2","2021-12-30 10:42:08.815"
"ALC","88.240","7","88.280","1","-2","88.28","0c4a0a82-b87f-4178-88d2-a56381783742","2021-12-30 10:45:11.799"
"ALC","88.240","7","88.280","1","-2","88.28","298f4be8-fe96-4c4d-a477-29187166e727","2021-12-30 10:45:11.799"
"ALC","88.240","7","88.300","1","-2","88.30","38995775-ddf7-4132-993d-76f9ccb770e8","2021-12-30 10:46:34.626"
"ALC","88.200","7","88.270","4","2","88.16","2474e133-50e9-4ee0-804e-10773505be8b","2021-12-30 10:49:16.082"
"ALC","88.210","3","88.260","1","2","88.16","4481b99e-0a0d-4826-8ff4-9dd300870cc6","2021-12-30 10:49:16.082"
"ALC","88.200","1","88.260","7","2","88.16","08fe4f8b-e91c-42ba-a221-22b7a4a227f6","2021-12-30 10:49:16.082"
"ALC","88.200","1","88.260","7","2","88.16","8acf043e-a67a-4f50-a8b6-386fb244014d","2021-12-30 10:49:16.082"
"ALC","88.200","1","88.260","7","2","88.16","28302b16-4170-45e8-aede-22d6632cb53e","2021-12-30 10:49:16.082"
"ALC","88.180","7","88.200","2","-2","88.20","018d66d8-d4b8-48bf-ae59-77a00c98c775","2021-12-30 10:51:18.628"
"ALC","88.180","7","88.200","2","-2","88.20","92155e50-264d-45fb-9fb4-fde3e5674653","2021-12-30 10:51:18.628"
"ALC","88.200","7","88.210","1","-2","88.21","4f4fe4d4-bc11-4c9f-8cd1-262a6be0487f","2021-12-30 10:51:27.616"
"ALC","88.200","7","88.210","1","-2","88.21","00fc5219-72c3-4f01-a97c-d7c16f3bbd36","2021-12-30 10:51:27.616"
"ALC","88.200","7","88.250","1","-2","88.25","7c71115b-4505-4a67-83c7-b1c8334c8c11","2021-12-30 10:51:38.378"
"ALC","88.260","7","88.290","1","-2","88.29","82df6338-2311-49a5-97f1-23ed369e730d","2021-12-30 10:51:40.332"
"ALC","88.340","7","88.390","1","2","88.24","884eebaf-e53c-4d22-a3d9-f1a34e609510","2021-12-30 11:12:14.287"
"ALC","88.360","7","88.390","2","2","88.24","2bb26061-dfae-4f0f-a461-7014de354dac","2021-12-30 11:12:14.287"
"ALC","88.360","7","88.390","2","2","88.24","a2d00f33-229a-419b-9801-8c0d3756ac4c","2021-12-30 11:12:14.287"
"ALC","88.360","7","88.400","1","2","88.24","8a9e4460-65f3-4e2f-b29f-95378f0e413b","2021-12-30 11:12:14.287"
"ALC","88.360","7","88.400","1","2","88.24","dd9ff1ae-10a8-4c6f-a236-859860784394","2021-12-30 11:12:14.287"
"ALC","88.360","7","88.400","1","2","88.24","b03a7c82-7c6d-46fd-9c4b-407fe188d87c","2021-12-30 11:12:14.287"
"ALC","88.330","2","88.400","7","2","88.24","d13f92d7-601b-4adc-a182-a86763d50c3a","2021-12-30 11:12:14.287"
"ALC","88.340","7","88.400","2","2","88.24","fff05e06-0ac3-4d2c-bd3b-df5715ab79ba","2021-12-30 11:12:14.287"
"ALC","88.340","7","88.400","2","2","88.23","4c4416b5-c2f3-4195-833a-d9dcba816c73","2021-12-30 11:12:58.723"
"ALC","88.340","7","88.400","2","2","88.23","520e22e7-737b-4210-8f4f-fc9231de7dba","2021-12-30 11:12:58.723"
"ALC","88.340","7","88.400","2","2","88.22","5c0ad884-04dd-491d-8dba-c24ea7ed1e88","2021-12-30 11:14:07.824"
"ALC","88.260","7","88.290","2","-2","88.29","57e00b94-3480-47f9-b584-01d0ecc6f21a","2021-12-30 11:16:38.416"
"ALC","88.260","7","88.290","2","-2","88.29","e63e1e12-7d81-44ef-93e7-e4e30ffabe2a","2021-12-30 11:16:38.416"
"ALC","88.260","7","88.290","2","-2","88.29","7837af9b-1537-4180-834d-40b74a1cfcc4","2021-12-30 11:16:38.416"
"ALC","88.260","7","88.290","2","-2","88.29","0fe14d33-542e-4adf-8906-7b58659a2ff3","2021-12-30 11:16:38.416"
"ALC","88.260","7","88.290","2","-2","88.29","52795402-35b6-4ceb-8ca4-fbc81b7bfa93","2021-12-30 11:16:38.416"
"ALC","88.260","7","88.290","2","-2","88.29","0366c311-830a-4f78-b6e7-f65a9138f260","2021-12-30 11:16:38.416"
"ALC","88.280","8","88.310","1","2","88.20","89bd8892-2cf5-4297-b09f-0ed05375fe18","2021-12-30 11:18:22.993"
"ALC","88.280","8","88.310","1","2","88.20","5c3ee815-6bee-496e-ae17-5fde56e0cda0","2021-12-30 11:18:22.993"
"ALC","88.280","8","88.310","1","2","88.20","36c29a21-96d8-401d-b53b-ef507e414a0c","2021-12-30 11:18:22.993"
"ALC","88.280","8","88.310","1","2","88.20","2ff2426f-88a8-4a7f-a700-dac0397571c2","2021-12-30 11:18:22.993"
"ALC","88.280","9","88.310","3","2","88.20","5e0fab1c-d5cb-4f5a-b129-8ffd78d00e4d","2021-12-30 11:18:22.993"
"ALC","88.280","9","88.310","3","2","88.20","09fd9fd7-4058-4846-b7c4-1750ab5f3f7d","2021-12-30 11:18:22.993"
"ALC","88.360","3","88.400","1","2","88.20","ad24c477-e920-49fc-ac3e-e5fc8904273e","2021-12-30 11:18:22.993"
"ALC","88.360","9","88.420","1","2","88.20","976aa725-d9c0-49ff-a7b9-63c520a31c4d","2021-12-30 11:18:22.993"
"ALC","88.360","9","88.420","1","2","88.20","722f7cac-9932-4608-af28-284cedde843b","2021-12-30 11:18:22.993"
"ALC","88.360","9","88.420","1","2","88.20","da1ca244-f652-453a-abe9-cbeb5826c0e2","2021-12-30 11:18:22.993"
"ALC","88.400","9","88.440","2","2","88.20","21749aec-8b74-448a-82e3-cfdadf912051","2021-12-30 11:18:22.993"
"ALC","88.200","8","88.250","3","-2","88.25","1934d05d-668e-459f-b4cf-d1fe9d929a5d","2021-12-30 11:19:40.095"
"ALC","88.200","8","88.250","3","-2","88.25","f0b8ebea-29ae-4ff7-8497-a32d5e7100e0","2021-12-30 11:19:40.095"
"ALC","88.200","8","88.250","3","-2","88.25","6941cb3e-01c3-48f3-8d17-e020874256fe","2021-12-30 11:19:40.095"
"ALC","88.200","8","88.250","3","-2","88.25","27130b21-8ca3-4609-84a4-de74b7643161","2021-12-30 11:19:40.095"
"ALC","88.200","8","88.250","3","-2","88.25","b1b09064-1a8b-4753-961b-382efea502a3","2021-12-30 11:19:40.095"
"ALC","88.200","8","88.250","3","-2","88.25","e252a69f-00f2-4d51-a410-bdc9900f492f","2021-12-30 11:19:40.095"
"ALC","88.200","8","88.250","3","-2","88.25","6005383a-aa91-417a-b873-7c94a1508187","2021-12-30 11:19:40.095"
"ALC","88.200","8","88.250","3","-2","88.25","0998068a-8416-4d84-8de5-c4a39a7ae499","2021-12-30 11:19:40.095"
"ALC","88.170","5","88.240","3","-2","88.24","16762ba0-4a25-41b5-b5da-0ee62621622b","2021-12-30 11:24:32.031"
"ALC","88.170","5","88.240","3","-2","88.24","679e26d2-5111-4ac0-9c99-e77785be567e","2021-12-30 11:24:32.031"
"ALC","88.170","5","88.240","3","-2","88.24","7c7bb164-8d82-46ea-b87c-198fd6d261e7","2021-12-30 11:24:32.031"
"ALC","88.180","2","88.240","3","-2","88.24","336b0bdd-19e0-44a3-b329-52215a8d9772","2021-12-30 11:24:32.031"
"ALC","88.180","2","88.240","3","-2","88.24","988da327-6717-44c7-8894-ebfa1f85b2dc","2021-12-30 11:24:32.031"
"ALC","88.180","1","88.220","3","-2","88.22","d1c29c81-07e1-41cd-822d-bda14cff0bb3","2021-12-30 11:27:15.441"
"ALC","88.200","1","88.240","2","-2","88.24","93d940b2-a6a2-4c09-b475-b494ec7c20bd","2021-12-30 11:27:20.757"
"ALC","88.200","1","88.240","2","-2","88.24","e1ccda1f-d754-4279-a0c3-2fef5b73c43f","2021-12-30 11:27:20.757"
"ALC","88.260","1","88.330","1","2","88.19","3c910efd-d3d0-4ff4-bdf1-5623b29218c6","2021-12-30 11:31:55.305"
"ALC","88.360","8","88.400","2","2","88.14","82bbce3b-2367-4ba4-8819-840a67ead7d4","2021-12-30 11:33:30.273"
"ALC","87.920","1","87.990","3","-2","87.99","82c138c8-8ca8-4dcf-9b33-683006b43fc9","2021-12-30 11:56:28.026"
"ALC","87.920","1","88.000","3","-2","88.00","2bdd1269-ff4e-497b-b296-dd7158ee0e78","2021-12-30 12:01:52.242"
"ALC","88.070","2","88.160","3","2","88.02","eedb7e22-008f-4210-9199-860d07ba9942","2021-12-30 12:05:35.708"
"ALC","88.070","1","88.130","2","2","88.02","bb230e19-e99d-4e6d-8eb7-2eb2c3f24f5f","2021-12-30 12:05:35.708"
"ALC","88.070","1","88.130","2","2","88.02","5681983e-ff16-4649-834e-b18556499b23","2021-12-30 12:05:35.708"
"ALC","88.070","1","88.130","2","2","88.02","40e57617-5376-407a-bf03-ddbb6efa3fc9","2021-12-30 12:05:35.708"
"ALC","88.060","3","88.130","3","2","88.02","fb1349dd-2716-42bc-be39-0f74bf6e36a7","2021-12-30 12:05:35.708"
"ALC","88.060","3","88.130","3","2","88.01","5dc25895-cf0c-4b05-b15a-868c3f356d4f","2021-12-30 12:05:42.825"
"ALC","87.970","1","88.010","3","-2","88.01","c6fe46fb-fc75-43d0-92f9-69d0f60c9d20","2021-12-30 12:08:09.798"
"ALC","87.970","1","88.010","3","-2","88.01","beeaa422-3618-440c-920f-0a8a2bb04236","2021-12-30 12:08:09.798"
"ALC","87.900","1","88.000","3","-2","88.00","01a0ad43-e899-4dde-9052-d0faf8758318","2021-12-30 12:11:03.518"
"ALC","87.920","2","88.000","3","-2","88.00","2752a8c5-84da-43d7-bdb6-d59b49c39445","2021-12-30 12:11:03.518"
"ALC","87.920","2","88.000","3","-2","88.00","ea6b5735-7a31-49fe-b9e6-b90071980c13","2021-12-30 12:11:03.518"
"ALC","87.920","1","88.000","3","-2","88.00","dc26bb5e-b465-415c-bd91-3ab3302ff120","2021-12-30 12:11:03.518"
"ALC","88.020","3","88.080","2","2","87.99","3aabab77-455f-4129-b476-a6ccb643b72f","2021-12-30 12:24:03.140"
"ALC","88.020","3","88.080","2","2","87.99","ecf704cf-d29d-4647-aa5e-a87a803c45d4","2021-12-30 12:24:03.140"
"ALC","87.970","7","88.010","1","-2","88.01","003b057a-f4a0-4da7-990f-28a8ae153b1c","2021-12-30 12:25:27.845"
"ALC","87.970","5","88.010","1","-2","88.01","407c8f31-5084-49b4-a090-69dc8a338f12","2021-12-30 12:25:27.845"
"ALC","88.220","3","88.260","1","2","88.26","9bede77a-5dc5-49ba-b21b-6e3ddd7597a3","2021-12-30 13:08:20.006"
"ALC","88.160","1","88.210","3","-2","88.21","0c2ba802-3e62-499f-867d-3edc36285d86","2021-12-30 13:19:38.307"
"ALC","88.180","1","88.230","1","2","88.13","e9f9e1b1-891e-4513-be10-bcb0e8ac4cb2","2021-12-30 13:30:04.883"
"ALC","88.180","1","88.230","1","2","88.13","142f7b90-c972-443e-a793-30f6b725df52","2021-12-30 13:30:04.883"
"ALC","88.180","1","88.230","1","2","88.13","1bccce08-875c-4411-b93c-7fb06f2805a0","2021-12-30 13:30:04.883"
"ALC","88.180","1","88.230","1","2","88.13","e21f81b9-ab16-4aac-aa3b-c7347b6ddad9","2021-12-30 13:30:04.883"
"ALC","88.180","1","88.230","1","2","88.13","4ee6a6b7-5def-42cd-a164-781186fca731","2021-12-30 13:30:04.883"
"ALC","88.180","1","88.230","1","2","88.13","29213403-92ab-40e3-bff2-d80b083cdd77","2021-12-30 13:30:04.883"
"ALC","88.070","1","88.120","1","-2","88.12","9245393a-2d7c-4c01-979a-6497019a0848","2021-12-30 13:40:28.679"
"ALC","88.070","1","88.120","1","-2","88.12","58243cb5-7c55-4f7a-8f32-711e6a469956","2021-12-30 13:40:28.679"
"ALC","88.070","1","88.120","1","-2","88.12","afbd8cd3-245a-47ad-b7a7-2c225b30e3be","2021-12-30 13:40:28.679"
"ALC","88.070","1","88.120","1","-2","88.12","f710e109-843b-4d1f-9539-b3da02b6582a","2021-12-30 13:40:28.679"
"ALC","88.070","1","88.120","1","-2","88.12","54fef600-d959-44fa-b794-565a364b1ea4","2021-12-30 13:40:28.679"
"ALC","88.070","1","88.120","1","-2","88.12","efc25153-2190-47d6-a470-740c8113fee3","2021-12-30 13:40:28.679"
"ALC","88.210","16","88.290","4","2","88.29","512bd23f-09e7-49f2-8ea9-975a998b5f92","2021-12-30 14:15:20.006"
"ALC","88.250","4","88.280","2","-2","88.28","7c873294-2768-43e5-8fe6-2ef490c8150c","2021-12-30 14:31:31.379"
"ALC","88.390","3","88.440","1","2","88.36","8fc82205-05bc-4698-9465-b716e91f0eb8","2021-12-30 15:07:12.830"
"ALC","88.390","3","88.440","1","2","88.36","75163e0a-8802-4564-ba90-a49e6faf72ca","2021-12-30 15:07:12.830"
"ALC","88.390","3","88.440","1","2","88.36","c0b675ed-31d7-4701-8a92-92fa1ee87884","2021-12-30 15:07:12.830"
"ALC","88.390","3","88.450","2","2","88.36","55012be2-8938-4243-8b28-004478e4d0a6","2021-12-30 15:07:12.830"
"ALC","88.390","3","88.450","2","2","88.36","0604a3a6-a183-4af5-97a3-b2fb7ebb5b5e","2021-12-30 15:07:12.830"
"ALC","88.390","3","88.450","2","2","88.36","55c0e096-c032-43e2-a843-c6e176241a49","2021-12-30 15:07:12.830"
"ALC","88.390","3","88.450","2","2","88.36","1b066c6d-9e0e-46a5-a877-3ff800743949","2021-12-30 15:07:12.830"
"ALC","88.340","3","88.380","2","-2","88.38","02e615af-6987-46c3-a7d5-1bd95bf526e8","2021-12-30 15:09:15.395"
"ALC","88.340","3","88.380","2","-2","88.38","af103dae-b5a0-4436-a2ac-6e431dc18336","2021-12-30 15:09:15.395"
"ALC","88.360","2","88.390","1","-2","88.39","e7e335c4-71e7-4ec5-a7da-300bc28eed9e","2021-12-30 15:10:52.053"
"ALC","88.360","2","88.390","1","-2","88.39","df35ba3f-1a4b-48df-8b0d-152c72b204be","2021-12-30 15:12:55.489"
"ALC","88.490","1","88.530","2","2","88.33","87fee9a7-e47d-4ce2-a35f-581175aa5fde","2021-12-30 15:14:51.790"
"ALC","88.370","3","88.400","1","-2","88.40","bfa1fff1-4697-4038-9e77-5a940390686f","2021-12-30 15:15:31.106"
"ALC","88.310","1","88.350","3","-2","88.35","76b8af80-1681-461c-a1d9-175c5a3aa470","2021-12-30 15:16:00.708"
"ALC","88.310","2","88.360","3","-2","88.36","ef87308a-bf89-4baa-bca7-5b0b2166546a","2021-12-30 15:16:47.748"
"ALC","88.310","2","88.360","3","-2","88.36","b248ac1c-da80-4038-81b9-da403e0c6c59","2021-12-30 15:16:47.748"
"ALC","88.370","3","88.390","1","2","88.34","d79a0146-aff4-43eb-8cd5-8cfadd76a3a9","2021-12-30 15:37:59.479"
"ALC","88.380","1","88.400","2","2","88.34","1e96fc65-72a9-4acc-af97-c40967ba8a7d","2021-12-30 15:38:22.759"
"ALC","88.370","4","88.400","2","2","88.34","cd93b3da-7810-47af-8f46-9f7f7b2a5963","2021-12-30 15:38:22.759"
"ALC","88.370","1","88.390","1","2","88.34","f5fa63f1-3d56-4dd5-8a86-8ac67bff95c3","2021-12-30 15:38:22.759"
"ALC","88.200","2","88.260","2","-8","88.20","ec84461e-095c-428a-8887-35eea1a78b68","2021-12-30 15:48:00.006"
"AEE","89.190","1","89.300","3","2","88.92","5aa6c234-7823-4aa0-8741-4851f34de734","2021-12-30 10:00:07.576"
"AEE","89.190","1","89.300","3","2","88.92","abf7cfae-4cd7-4c05-8821-b326045248ec","2021-12-30 10:00:07.576"
"AEE","89.190","1","89.300","4","2","88.92","88aee60a-9fed-45c0-a584-825f79bb8368","2021-12-30 10:00:07.576"
"AEE","88.790","3","88.890","2","-2","88.89","88078d83-c40d-432d-9a82-522d2f54ec65","2021-12-30 10:04:06.590"
"AEE","88.790","3","88.890","2","-2","88.89","a72b9ef5-e2a4-4ab4-a681-fcd88e3c1789","2021-12-30 10:04:06.590"
"AEE","88.790","3","88.890","2","-2","88.89","2d744dc5-b890-4d89-9c07-31ee909ff296","2021-12-30 10:04:06.590"
"AEE","88.750","1","88.790","3","2","88.79","40a83282-f7bb-4648-bc35-2179104a6038","2021-12-30 10:33:40.006"
"AEE","88.720","2","88.770","2","-2","88.77","bbba1a95-ccfd-4363-9453-051553bf3364","2021-12-30 10:38:05.342"
"AEE","88.750","1","88.780","5","2","88.77","2239a3eb-601a-436f-80c8-c227eec10949","2021-12-30 10:51:40.836"
"AEE","88.750","2","88.810","5","2","88.77","9f751a19-62a0-416a-a62f-f2762784e49c","2021-12-30 10:51:40.836"
"AEE","88.760","1","88.810","1","2","88.77","f88b39ee-414a-44ff-825b-0692124face9","2021-12-30 10:51:40.836"
"AEE","88.740","2","88.780","1","-2","88.78","308a97b8-e637-4c04-b16f-1fa7ddb1009f","2021-12-30 10:54:33.445"
"AEE","88.740","2","88.780","1","-2","88.78","27c9be02-40cd-4738-b9fa-195bd6b16664","2021-12-30 10:54:33.445"
"AEE","88.740","2","88.780","2","-2","88.78","49ead931-c309-4d06-abc6-f0d7a25ef9c0","2021-12-30 10:54:33.445"
"AEE","89.000","3","89.020","1","2","88.90","b4c6dfd7-d8c0-4e5a-94d1-494ecca40571","2021-12-30 11:47:43.385"
"AEE","89.000","2","89.030","1","2","88.90","452418ee-ac3b-4855-94fc-2603948f9e71","2021-12-30 11:47:43.385"
"AEE","88.980","3","89.010","2","2","88.90","76a51eec-7c4b-4d2e-83e9-b77f2921a76f","2021-12-30 11:47:43.385"
"AEE","88.970","1","88.990","1","2","88.89","e30a2e25-9644-4515-bd9b-1cc8723a5259","2021-12-30 11:49:51.756"
"AEE","88.960","3","88.990","1","2","88.89","766ea2fa-58bd-4ff8-a467-e3916ebb0273","2021-12-30 11:49:51.756"
"AEE","89.000","1","89.030","3","2","88.89","151f6f40-858e-4114-b4ee-23f01f9bd9d5","2021-12-30 11:49:51.756"
"AEE","88.990","2","89.030","4","2","88.89","65075609-dee9-4936-87bc-0dccb9af31ba","2021-12-30 11:49:51.756"
"AEE","88.980","4","89.010","3","2","88.89","e0b56a37-09cb-495f-badd-08908309d671","2021-12-30 11:49:51.756"
"AEE","88.980","4","89.020","1","2","88.89","48e19001-8cdb-4322-8f0a-1f9c40ead430","2021-12-30 11:49:51.756"
"AEE","89.000","3","89.020","3","2","88.89","5a61f695-41e3-44ff-8ee1-0d5fdb7dd825","2021-12-30 11:49:51.756"
"AEE","89.000","3","89.020","3","2","88.89","dcb467b8-4f04-4ea7-ae48-b6c2dc644b67","2021-12-30 11:49:51.756"
"AEE","88.910","5","88.940","1","-2","88.94","e3554f3c-a9ac-4a6d-9001-1a31f2da9a34","2021-12-30 11:55:23.470"
"AEE","88.910","5","88.940","1","-2","88.94","9770dc2c-2b9e-4667-9c9a-0c63e8881cea","2021-12-30 11:55:23.470"
"AEE","88.910","5","88.940","1","-2","88.94","32c7edff-5b01-414a-81ea-db186e5a919b","2021-12-30 11:55:23.470"
"AEE","88.910","5","88.940","1","-2","88.94","586121dd-e65d-4860-9311-1cdcaab34e5b","2021-12-30 11:55:23.470"
"AEE","88.910","3","88.950","2","-2","88.95","af6e42dc-2deb-4869-81d1-9922eb544367","2021-12-30 11:57:10.030"
"AEE","88.910","3","88.950","2","-2","88.95","7fb7c908-bca4-4aa7-942a-f40a8d635ee2","2021-12-30 11:57:10.030"
"AEE","88.910","3","88.950","2","-2","88.95","c5f1dba3-7647-4cee-95e4-8486c00f22b9","2021-12-30 11:57:10.030"
"AEE","88.880","1","88.910","5","-2","88.91","978b9e78-96d6-44bf-8239-472f3cdd852b","2021-12-30 11:58:36.505"
"AEE","88.890","1","88.920","3","-2","88.92","05b94dc0-2648-4148-a314-3b718f871843","2021-12-30 11:59:51.831"
"AEE","88.890","1","88.920","3","-2","88.92","5cdbdf4d-5a57-4c0b-ab7e-ec2b16a8ec67","2021-12-30 11:59:51.831"
"AEE","88.960","3","88.990","2","2","88.79","97255b1e-d080-4391-aa16-37b82bfd1d39","2021-12-30 12:11:45.044"
"AEE","88.780","1","88.800","3","-2","88.80","17fca25f-812b-42bf-8232-d7acf004b170","2021-12-30 12:12:51.619"
"AEE","88.800","3","88.820","1","-2","88.82","6a5ab21c-8e2b-4169-bfb6-b6544655e666","2021-12-30 12:14:31.891"
"AEE","89.070","2","89.090","2","2","89.04","02102873-a602-4ead-aa6a-579f43f51714","2021-12-30 13:17:48.053"
"AEE","89.070","3","89.080","1","2","89.03","3a74ad12-f482-4670-adcb-5f7b54b1fab4","2021-12-30 13:21:08.449"
"AEE","89.080","1","89.100","2","2","89.03","f74a488f-9db8-4a3a-8366-7b125beedf8b","2021-12-30 13:21:08.449"
"AEE","89.070","1","89.100","3","2","89.03","68bd7a38-bc25-420b-8e51-305af56bbfbe","2021-12-30 13:21:08.449"
"AEE","89.040","1","89.060","2","-2","89.06","d3044012-f54c-4805-80f1-18c13a53a036","2021-12-30 13:29:52.803"
"AEE","89.060","3","89.090","3","-2","89.09","4ae8d152-a1e3-4b6e-8dcc-b963467ff477","2021-12-30 13:30:27.971"
"AEE","89.040","4","89.080","3","-2","89.08","fb671088-b97b-4c7b-ad4a-edf1ba1efcf9","2021-12-30 13:31:15.987"
"AEE","89.050","2","89.070","2","-2","89.07","2b905fbe-91ee-469f-9c69-6088c731912e","2021-12-30 13:32:15.380"
"AEE","89.080","1","89.100","1","2","89.05","17a629a5-141f-43e2-98f6-69d9b9104173","2021-12-30 13:33:14.064"
"AEE","89.020","1","89.060","3","-2","89.07","75316c69-5f25-4760-8665-877acb8dc219","2021-12-30 13:36:45.380"
"AEE","89.040","4","89.060","1","2","89.01","26647275-4d8d-45d3-b8ff-3561990d6425","2021-12-30 13:41:35.319"
"AEE","89.100","3","89.120","2","-2","89.12","a4d8d764-a210-488d-8ed9-adc6f33c3af4","2021-12-30 13:47:47.358"
"AEE","89.320","2","89.330","2","2","89.31","19ecc7b6-fbfc-443d-acd8-737d014f0bdb","2021-12-30 14:33:44.441"
"AEE","89.330","1","89.340","1","2","89.31","c401dd70-1474-4552-a902-7bcebe636b2c","2021-12-30 14:33:44.441"
"AEE","89.330","1","89.340","2","2","89.31","ebb4b569-42c2-4bda-b421-83f04ca2d494","2021-12-30 14:33:44.441"
"AEE","89.330","3","89.350","2","-2","89.35","99d98a8c-ab10-4541-910e-fdf86fb75fee","2021-12-30 14:34:45.731"
"AEE","89.330","3","89.360","4","-2","89.36","b38d70e0-b467-47d9-acbe-7124be98d91d","2021-12-30 14:35:50.679"
"AEE","89.350","1","89.370","2","-2","89.37","985f4ae4-d85f-46f5-932f-ac100b9bfefb","2021-12-30 14:35:50.684"
"AEE","89.340","4","89.380","3","2","89.34","33881fe0-b135-4d90-b62f-b86b8b35d56f","2021-12-30 14:57:30.535"
"AEE","89.340","4","89.380","3","2","89.34","4205a102-34e1-40a4-b1f2-ec7e17287ee4","2021-12-30 14:57:30.535"
"AEE","89.340","2","89.370","5","2","89.34","c88158bb-be5b-4537-966e-ef9dbba83c28","2021-12-30 14:57:30.535"
"AEE","89.350","2","89.370","2","2","89.34","9cf80a44-3e20-4fe3-8806-3ae870435522","2021-12-30 14:57:30.535"
"AEE","89.340","2","89.360","2","2","89.34","e46de0fa-98d6-46fa-801d-29f432a79b9b","2021-12-30 14:57:30.535"
"AEE","89.350","2","89.380","2","2","89.34","845e3082-3cfb-4e85-a3fd-3944f5acff69","2021-12-30 14:57:30.535"
"AEE","89.350","2","89.370","1","2","89.31","8efff280-d231-48d2-b45f-a8737d9578cf","2021-12-30 14:59:04.772"
"AEE","89.320","2","89.370","4","2","89.31","77d31156-7fd9-4b4e-8c91-4b6dd69189bf","2021-12-30 14:59:04.772"
"AEE","89.320","2","89.370","4","2","89.31","15d2ef29-8383-49db-9f57-fb990363d0b8","2021-12-30 14:59:04.772"
"AEE","89.320","2","89.370","4","2","89.31","d5c0aeb4-b74d-47b5-914d-d7da66a07456","2021-12-30 14:59:04.772"
"AEE","89.330","3","89.350","1","2","89.31","cc0a5fa5-cb02-440b-b77a-f0ccb225a5a9","2021-12-30 14:59:04.772"
"AEE","89.330","4","89.360","4","2","89.31","3d4527be-3c60-45bd-b1b4-f992fbdb285c","2021-12-30 14:59:04.772"
"AEE","89.320","2","89.350","3","2","89.31","3b40929a-7d75-466f-a72d-bafa27211ded","2021-12-30 14:59:04.772"
"AEE","89.330","2","89.350","3","-2","89.35","074e6c41-5007-4c33-a535-b0108eaef333","2021-12-30 15:00:11.688"
"AEE","89.330","2","89.350","3","-2","89.35","ece76cc9-d5db-47bf-b17e-9e731630c4b8","2021-12-30 15:00:11.688"
"AEE","89.330","2","89.350","3","-2","89.35","9668a53f-8848-4050-8296-2e0f7752f219","2021-12-30 15:00:11.688"
"AEE","89.330","2","89.350","3","-2","89.35","58e1a182-59d6-40b3-b8c3-69d92e64123f","2021-12-30 15:00:11.688"
"AEE","89.340","3","89.360","2","-2","89.36","17d5d804-f668-45f0-b70c-cc34da1681be","2021-12-30 15:00:48.988"
"AEE","89.340","3","89.360","2","-2","89.36","b1bc73ca-f568-4f4d-add3-889b173e338d","2021-12-30 15:00:48.988"
"AEE","89.340","3","89.360","2","-2","89.36","84b48139-4b85-48db-bc10-ccb3afc1a11d","2021-12-30 15:00:48.988"
"AEE","89.340","3","89.360","2","-2","89.36","0d867ecb-2d05-49ff-afa6-7315cfedd7de","2021-12-30 15:00:48.988"
"AEE","89.290","4","89.320","2","-2","89.32","f17bb869-317b-408d-9259-8148a36806ab","2021-12-30 15:01:10.529"
"AEE","89.350","2","89.370","1","2","89.30","3622f77d-2374-4fd9-a75b-706c5422a265","2021-12-30 15:01:31.251"
"AEE","89.310","6","89.350","3","-2","89.35","18cf10e4-02be-4d02-8ace-d5e0d6430051","2021-12-30 15:02:03.036"
"AEE","89.310","6","89.350","3","-2","89.35","c57eaeb7-f6f8-4dc0-9ecb-58d2ff33a5d1","2021-12-30 15:02:03.036"
"AEE","89.310","6","89.350","3","-2","89.35","e7514635-6b5d-48a6-8288-0b8bf70b747a","2021-12-30 15:02:03.036"
"AEE","89.350","1","89.370","2","2","89.29","6d9f1a97-04b6-44b1-a210-7415818269c2","2021-12-30 15:03:12.851"
"AEE","89.310","2","89.330","4","-2","89.33","ebaa37da-441a-4a5d-8d5a-3c1b975cd48a","2021-12-30 15:05:12.781"
"AEE","89.310","2","89.330","4","-2","89.33","b08d5333-55bf-4a23-9fa5-4a580bbd828e","2021-12-30 15:05:12.781"
"AEE","89.310","2","89.330","4","-2","89.33","28f242d2-e86b-4320-96f0-0d4da9699caf","2021-12-30 15:05:12.781"
"AEE","89.380","1","89.400","1","2","89.31","6536de8d-0215-4cc2-9326-3b88abba9763","2021-12-30 15:23:30.433"
"AEE","89.380","3","89.400","1","2","89.31","fa497a96-7189-4ba8-9b85-a45b73e82455","2021-12-30 15:23:30.433"
"AEE","89.390","2","89.400","1","2","89.31","9f60aa5c-f04c-4cd7-9f18-a3b8458382e0","2021-12-30 15:23:30.433"
"AEE","89.390","5","89.400","1","2","89.31","b805570e-3efd-48e1-8521-43bb1efb2956","2021-12-30 15:23:30.433"
"AEE","89.390","5","89.400","1","2","89.31","0504984e-1f23-442f-9b5d-31cf9220c1a8","2021-12-30 15:23:30.433"
"AEE","89.390","2","89.410","1","2","89.31","bbde6141-14b8-448e-b142-4df678b2e269","2021-12-30 15:23:30.433"
"AEE","89.360","2","89.390","3","2","89.31","ce363ea1-9984-4914-9822-e163a1b39ec3","2021-12-30 15:23:30.433"
"AEE","89.400","1","89.420","2","2","89.30","2889589f-21bf-487e-897f-f70ca0b79ab3","2021-12-30 15:23:48.750"
"AEE","89.390","2","89.410","3","2","89.30","b6f7949f-7899-47dc-bb32-5302b2fe3746","2021-12-30 15:23:48.750"
"AEE","89.410","3","89.430","1","2","89.30","dd919967-bfb0-4c72-a85f-52c67e879666","2021-12-30 15:23:48.750"
"AEE","89.410","3","89.440","2","2","89.30","1135a19c-da1f-4ba9-ae95-971722eb5863","2021-12-30 15:23:48.750"
"AEE","89.410","3","89.440","2","2","89.30","1855ccc0-404c-476c-a02d-c4b670cc941c","2021-12-30 15:23:48.750"
"AEE","89.410","3","89.430","2","2","89.30","0e777a1d-d116-4e10-8ed9-ad061ac91a0b","2021-12-30 15:23:48.750"
"AEE","89.410","1","89.440","6","2","89.30","ebcfc7f6-685d-4aca-a3e7-39561124b4e9","2021-12-30 15:23:48.750"
"AEE","89.310","3","89.340","1","2","89.30","b6cb692b-4da0-4dd2-8945-3e366b5aecd4","2021-12-30 15:23:48.750"
"AEE","89.310","1","89.330","1","-2","89.33","9e0d125c-0121-4c4c-92f7-8bcf4a17161f","2021-12-30 15:24:32.536"
"AEE","89.310","1","89.330","1","-2","89.33","c53fb277-ebf5-4e8f-89e2-4930516db5f4","2021-12-30 15:24:32.536"
"AEE","89.310","1","89.330","1","-2","89.33","a1650748-92a0-4e5f-8fd9-ae8fc0ea4415","2021-12-30 15:24:32.536"
"AEE","89.310","1","89.330","1","-2","89.33","a11b579d-21f2-420d-8e24-43ed71d2db88","2021-12-30 15:24:32.536"
"AEE","89.310","1","89.330","1","-2","89.33","166122fc-cf3f-43ac-9fab-69c55b39e033","2021-12-30 15:24:32.536"
"AEE","89.310","1","89.330","1","-2","89.33","f65138f4-4392-48e4-a245-a97ca1163911","2021-12-30 15:24:32.536"
"AEE","89.310","1","89.330","1","-2","89.33","776b558c-0eaf-43f8-a765-ece114774d76","2021-12-30 15:24:32.536"
"AEE","89.310","1","89.330","1","-2","89.33","5ff7b02c-5fcd-43bb-ac48-856c9e282af2","2021-12-30 15:24:32.536"
"AEE","89.300","1","89.330","1","-2","89.33","865eec96-50e3-4e5e-b518-ac3fa2d54181","2021-12-30 15:24:32.536"
"AEE","89.300","1","89.330","1","-2","89.33","129302a0-49d5-4fdf-8570-fd44e4bcbb15","2021-12-30 15:24:32.536"
"AEE","89.300","1","89.330","1","-2","89.33","120b4e25-21a5-44c1-80cc-032fb3c5cf8a","2021-12-30 15:24:32.536"
"AEE","89.300","1","89.330","1","-2","89.33","f9eca0f6-a6ae-404a-b171-6ab0d16fbd2e","2021-12-30 15:24:32.536"
"AEE","89.300","1","89.330","1","-2","89.33","9f31bc1c-962d-472a-b661-626778751dcd","2021-12-30 15:24:32.536"
"AEE","89.300","1","89.330","1","-2","89.33","c0bce175-b5e7-40ee-8a76-2cbde7f191ad","2021-12-30 15:24:32.536"
"AEE","89.310","4","89.330","1","-2","89.33","13581f72-85c9-4c7a-b951-84606a8c9d2c","2021-12-30 15:25:39.967"
"ACI","30.410","3","30.470","1","4","30.38","e4f4c821-93d8-48e5-8302-ed386c6db351","2021-12-30 10:14:24.268"
"ACI","30.370","1","30.440","5","4","30.35","f9f330c6-5b7a-407c-ac90-44ba7ff59c5f","2021-12-30 10:14:24.319"
"ACI","30.370","1","30.440","5","4","30.34","69d9f27c-aa2d-4a08-b9be-8f8334ed5f56","2021-12-30 10:14:24.319"
"ACI","30.400","1","30.470","1","4","30.34","7ccd46ef-0342-4edf-a5de-8f032daa322f","2021-12-30 10:14:24.319"
"ACI","30.400","1","30.470","1","4","30.34","8bce4de4-8101-4a58-81f6-f3f542e1148a","2021-12-30 10:14:24.319"
"ACI","30.430","2","30.490","1","4","30.32","ba3c4f98-ff62-43db-a0f9-20b179617a18","2021-12-30 10:14:24.321"
"ACI","30.460","2","30.500","5","4","30.32","59d9f39e-070d-4531-9456-52b967611008","2021-12-30 10:14:24.321"
"ACI","30.400","1","30.470","1","4","30.32","becfc4f3-1317-48ec-a9b4-e751b11a89c3","2021-12-30 10:14:24.321"
"ACI","30.390","1","30.450","1","-4","30.45","ef00fa2e-5270-4f47-a865-7ce394151f42","2021-12-30 10:17:30.100"
"ACI","30.390","1","30.450","1","-4","30.45","7a6ab136-4ae5-4c93-a4ad-5fa64afe31ae","2021-12-30 10:17:30.100"
"ACI","30.390","1","30.450","1","-4","30.45","a2935244-23ed-4969-8412-b80d1588edbd","2021-12-30 10:17:30.100"
"ACI","30.390","3","30.430","1","-4","30.43","6c849047-dc45-4b9d-ac59-f84f4717aed3","2021-12-30 10:18:30.319"
"ACI","30.390","3","30.430","1","-4","30.43","20968ccd-ee06-4319-b61c-d70ddce6b350","2021-12-30 10:18:30.319"
"ACI","30.420","1","30.480","3","-4","30.48","6e89914f-be1a-458e-8f3c-c3ac185bb989","2021-12-30 10:18:45.583"
"ACI","30.420","1","30.480","3","-4","30.48","ba1ac977-8e77-4c6c-8174-19454a684793","2021-12-30 10:18:45.583"
"ACI","30.500","3","30.550","4","4","30.28","833889e7-0647-4bcf-bd20-ae40df5766d4","2021-12-30 10:22:20.727"
"ACI","30.500","3","30.550","4","4","30.28","d358c25c-0d8d-4e60-8e98-043f2cc6c01e","2021-12-30 10:22:20.727"
"ACI","30.500","3","30.550","4","4","30.28","bf063110-0aae-4441-ac54-ca4a3215abd2","2021-12-30 10:22:20.727"
"ACI","30.300","3","30.360","1","-4","30.36","2e04f598-89a4-4ded-8581-75def1e550a7","2021-12-30 10:24:12.461"
"ACI","30.300","3","30.360","1","-4","30.36","95f0a46d-db16-42a0-8837-b5d55bd7cebe","2021-12-30 10:24:12.461"
"ACI","30.320","2","30.360","2","-4","30.36","978fa803-42ca-43ae-ac8d-46fcc129f1c6","2021-12-30 10:25:48.034"
"ACI","30.430","2","30.500","8","4","30.23","539b1bda-d19f-4486-956b-bf77eb95dfee","2021-12-30 10:26:44.346"
"ACI","30.440","3","30.500","7","4","30.23","dbf88c5f-aae6-4ea5-8933-08b6d0319b83","2021-12-30 10:26:44.346"
"ACI","30.440","3","30.500","7","4","30.23","b8403fd9-8c55-492c-b2bd-bf7fb9a4d39d","2021-12-30 10:26:44.346"
"ACI","30.490","1","30.540","1","4","30.23","bc14a218-848b-434a-804e-1a92b275bf2b","2021-12-30 10:26:44.346"
"ACI","30.490","1","30.540","1","4","30.23","5629ab71-cc38-4846-b8bb-c48238325ad3","2021-12-30 10:26:44.346"
"ACI","30.510","3","30.550","1","4","30.23","99b2c1fa-3d9c-4fc8-920c-da4efe27faaf","2021-12-30 10:26:44.346"
"ACI","30.510","1","30.550","1","4","30.23","8af58a0d-65c3-4739-b531-9174a84b6f19","2021-12-30 10:26:44.346"
"ACI","30.530","1","30.570","2","4","30.23","91e0c29b-6a40-4046-99ba-2c1c6498b5f8","2021-12-30 10:26:44.346"
"ACI","30.520","2","30.570","2","4","30.23","1d058bf6-050f-488b-a04a-c9ec7bfa7413","2021-12-30 10:26:44.346"
"ACI","30.210","1","30.250","1","-4","30.25","cbc5ea93-5d19-463d-8d42-b65f7bfbdc7b","2021-12-30 10:27:32.938"
"ACI","30.210","1","30.250","1","-4","30.25","fffabbc1-8fa6-45fb-99a3-43a31eeffe34","2021-12-30 10:27:32.938"
"ACI","30.220","2","30.270","2","-4","30.27","9295df20-b71a-478a-919d-413a7446ea07","2021-12-30 10:31:05.002"
"ACI","30.220","2","30.270","2","-4","30.27","01a01837-6d3a-4d7e-892b-9cd7790becdb","2021-12-30 10:31:05.002"
"ACI","30.220","2","30.270","2","-4","30.27","f641d269-39f0-4783-96f2-ef694be6e4b4","2021-12-30 10:31:05.002"
"ACI","30.220","2","30.270","1","-4","30.27","dba0224c-1bf4-467a-ae54-7664c9dd547b","2021-12-30 10:31:05.002"
"ACI","30.220","2","30.260","2","-4","30.26","c5e0e352-5126-4d70-8c65-e051b8936191","2021-12-30 10:31:35.411"
"ACI","30.220","2","30.260","2","-4","30.26","0523e70e-93ac-49cb-831d-423abb2a66bf","2021-12-30 10:31:35.411"
"ACI","30.220","1","30.260","2","-4","30.26","063b275b-57f4-4e49-b06c-6fad4d547a64","2021-12-30 10:31:35.411"
"ACI","30.220","1","30.260","2","-4","30.26","fd2e8c7b-aa2f-42af-a6f5-34bc07177f17","2021-12-30 10:31:58.090"
"ACI","30.250","1","30.300","2","4","30.28","80868bdc-da12-4334-89b0-dea14a38212b","2021-12-30 11:03:24.931"
"ACI","30.250","1","30.300","2","4","30.28","e0f7db34-1ceb-43aa-bb3a-48d5c9f42294","2021-12-30 11:03:24.931"
"ACI","30.290","4","30.340","2","4","30.21","56e50a09-4832-450e-8efb-cdd3839801a1","2021-12-30 11:05:44.100"
"ACI","30.290","3","30.340","2","4","30.21","8c87bb15-f1d8-4d26-89a2-7332688f4d83","2021-12-30 11:05:44.100"
"ACI","30.340","2","30.370","2","4","30.21","30d4f6fd-c472-4288-849f-3714073fa1c2","2021-12-30 11:05:44.100"
"ACI","30.340","2","30.370","2","4","30.21","ff14c62d-c7d7-4262-aa4b-ae79bcc373f7","2021-12-30 11:05:44.100"
"ACI","30.340","2","30.370","2","4","30.21","a4170cb2-c680-4e5b-a8df-f1541a1122f4","2021-12-30 11:05:44.100"
"ACI","30.340","3","30.370","1","4","30.21","663154c2-18b3-4c50-9667-46c3463678b7","2021-12-30 11:05:44.100"
"ACI","30.260","3","30.300","1","-4","30.31","09320bb7-145e-4c29-adfa-ac444fa2f6e8","2021-12-30 11:10:30.535"
"ACI","30.260","3","30.300","1","-4","30.31","f7ca695e-6896-4718-ada4-5bd7ef29e3f8","2021-12-30 11:10:30.535"
"ACI","30.260","3","30.300","1","-4","30.31","7d09eccc-52f9-4bd6-a990-a425e19dd81d","2021-12-30 11:10:30.535"
"ACI","30.260","3","30.310","2","-4","30.31","af102b71-797a-466d-8502-f6fc21f45c7f","2021-12-30 11:10:48.062"
"ACI","30.260","3","30.310","2","-4","30.31","dbc08aad-5306-4693-b9c3-de34e6a80867","2021-12-30 11:10:48.062"
"ACI","30.260","3","30.310","2","-4","30.31","a3c67286-9142-4807-819f-3e1db13d8344","2021-12-30 11:10:48.062"
"ACI","30.300","2","30.340","1","-4","30.34","856e2b48-fa52-4ebe-845c-6a7ad04b3cb8","2021-12-30 11:11:04.517"
"ACI","30.330","4","30.380","3","-4","30.38","69a19bb0-abe8-4643-8a89-b24cb8f996dd","2021-12-30 11:21:32.345"
"ACI","30.470","4","30.500","2","4","30.47","9f1f937e-b6f6-4669-a84b-432973217b27","2021-12-30 12:25:24.994"
"ACI","30.470","2","30.500","3","4","30.47","bbc668fa-d9d5-4806-8852-163b0de45b52","2021-12-30 12:25:24.994"
"ACI","30.460","4","30.480","2","-4","30.48","0632b67f-a664-4442-9dc3-8680b0a4edb2","2021-12-30 12:26:20.023"
"ACI","30.460","4","30.480","2","-4","30.48","86fd0aec-542d-4de0-bfa7-8ebf131775d0","2021-12-30 12:26:20.023"
"ACI","30.430","2","30.480","1","4","30.45","d588bca8-b103-4984-9d69-af1963e9b4ec","2021-12-30 12:34:25.307"
"ACI","30.470","3","30.490","1","4","30.41","daeef8a6-1a82-4fff-a992-caf41ee7b2de","2021-12-30 12:39:26.330"
"ACI","30.470","3","30.490","1","4","30.41","177d9343-7e7c-44ed-9250-8dbc1ce3391f","2021-12-30 12:39:26.330"
"ACI","30.470","3","30.490","1","4","30.41","f19a2cfa-2c37-4c2d-a763-cc897d0f7476","2021-12-30 12:39:26.330"
"ACI","30.470","4","30.490","1","4","30.41","d966f7ef-59de-4996-920c-a72c26009870","2021-12-30 12:39:26.330"
"ACI","30.470","4","30.490","1","4","30.41","8e049d50-8e00-42fa-9f08-edda13ea0832","2021-12-30 12:39:26.330"
"ACI","30.460","6","30.490","4","4","30.41","3bc39515-0357-43b9-84a2-7c9159b25140","2021-12-30 12:39:26.330"
"ACI","30.460","5","30.490","4","4","30.41","106b23d8-b68e-4c12-8d82-a5e4d9d8425b","2021-12-30 12:39:26.330"
"ACI","30.460","5","30.490","4","4","30.41","38fd6f0c-ecb6-4039-9060-a409650bde3d","2021-12-30 12:39:26.330"
"ACI","30.460","5","30.490","5","4","30.41","5cf3aa1e-6022-476e-afa7-318072d75172","2021-12-30 12:39:26.330"
"ACI","30.460","5","30.490","5","4","30.41","cbc019c5-1e1d-4fae-91b3-36d2e233b7c0","2021-12-30 12:39:26.330"
"ACI","30.400","1","30.420","7","-4","30.42","8d79fb8e-ca8d-4970-a154-fa25fb5218ed","2021-12-30 12:40:19.852"
"ACI","30.400","1","30.420","7","-4","30.42","0450f890-d80e-46ed-8d2a-0213af611a3a","2021-12-30 12:40:19.852"
"ACI","30.400","1","30.420","7","-4","30.42","e0a39940-a9a2-40ec-862a-7b3b2add9c17","2021-12-30 12:40:19.852"
"ACI","30.400","1","30.420","7","-4","30.42","379e276d-d538-44f7-acb7-c31ec9793bd7","2021-12-30 12:40:19.852"
"ACI","30.400","1","30.420","7","-4","30.42","e41b1bc9-4534-4dce-9952-00f766c974b7","2021-12-30 12:40:19.852"
"ACI","30.400","1","30.420","7","-4","30.42","e4b0a236-f499-4713-ba39-07f785245410","2021-12-30 12:40:19.852"
"ACI","30.400","2","30.420","7","-4","30.42","ad3661ab-1723-4066-9ec3-3b328d9aabce","2021-12-30 12:40:19.852"
"ACI","30.400","2","30.420","7","-4","30.42","59b3d44b-6c86-408b-8af2-9326c4b7553a","2021-12-30 12:40:19.852"
"ACI","30.400","2","30.420","7","-4","30.42","c7e2fe45-04e1-446f-bf2d-e555843db976","2021-12-30 12:40:19.852"
"ACI","30.400","3","30.420","7","-4","30.42","a55cfad6-116c-4a1d-8e18-1242f9a6867b","2021-12-30 12:40:22.735"
"ACI","30.410","2","30.420","4","-4","30.42","1aa27ac4-c622-4435-bdbf-9947ce7e37ed","2021-12-30 12:41:23.097"
"ACI","30.290","4","30.330","5","4","30.33","ba555802-b76c-4962-a9ed-0cec131f7849","2021-12-30 13:01:10.006"
"ACI","30.330","2","30.350","2","-4","30.35","1b92b50d-7298-402e-819d-ed1b90a3056b","2021-12-30 13:18:52.541"
"ACI","30.410","4","30.440","4","4","30.44","edd666e1-915b-46bb-aa3f-bcea2523253b","2021-12-30 14:14:20.006"
"ACI","30.460","2","30.480","3","-4","30.48","02d1bffd-9b4b-4226-beb7-87bda5e685b3","2021-12-30 14:32:20.678"
"ACI","30.460","3","30.490","2","4","30.43","5f57ba41-14e9-496b-bbe9-f844109c49f3","2021-12-30 14:39:03.954"
"ACI","30.460","3","30.490","2","4","30.43","38f11286-ea40-406d-a25b-407c88d38289","2021-12-30 14:39:03.954"
"ACI","30.460","3","30.500","3","4","30.43","6fd2ff9e-6adb-40b4-b171-7c5fbf5c8038","2021-12-30 14:39:03.954"
"ACI","30.460","4","30.490","1","4","30.41","b91d28cd-a1aa-4bc7-81a2-0d77979ab4b8","2021-12-30 14:39:03.957"
"ACI","30.460","3","30.480","25","4","30.41","68c7fc57-b376-4a75-af4d-15dd2fc4de24","2021-12-30 14:39:03.957"
"ACI","30.460","3","30.480","25","4","30.41","701eac64-69d3-413d-a7be-d57b518c0b49","2021-12-30 14:39:03.957"
"ACI","30.460","3","30.480","25","4","30.41","40e5d547-c9d4-4fe1-9def-585cf3890223","2021-12-30 14:39:03.957"
"ACI","30.460","3","30.480","25","4","30.41","3fcc85ba-ea12-407c-91e6-6a85406581e7","2021-12-30 14:39:03.957"
"ACI","30.480","1","30.500","2","4","30.41","ea7c8589-40ee-475e-808c-bb10657b9ac3","2021-12-30 14:39:03.957"
"ACI","30.460","3","30.490","3","4","30.41","8c59b320-9ed3-4b93-8133-547fa24170ce","2021-12-30 14:39:03.957"
"ACI","30.440","6","30.470","3","4","30.39","f5057bc7-4be5-4c0d-920b-c2cbeaecaf88","2021-12-30 14:39:14.028"
"ACI","30.460","3","30.480","25","4","30.39","6bc79954-b459-4110-aab4-773aea82ba30","2021-12-30 14:39:14.028"
"ACI","30.380","4","30.420","6","-4","30.42","76322368-7de5-44ca-8cf3-307890602ed1","2021-12-30 14:41:33.272"
"ACI","30.380","4","30.420","6","-4","30.42","7f96e23a-9f56-4fe7-9218-b3361eacb1af","2021-12-30 14:41:33.272"
"ACI","30.380","4","30.420","6","-4","30.42","eafd1a9e-ceba-43af-9199-9b051f12e802","2021-12-30 14:41:33.272"
"ACI","30.380","4","30.420","6","-4","30.42","be28dcbc-85ff-4748-91bb-9afa7d843e79","2021-12-30 14:41:33.272"
"ACI","30.380","4","30.420","6","-4","30.42","010f9b68-5f6f-4b73-93fe-1d9e08a6e459","2021-12-30 14:41:33.272"
"ACI","30.380","4","30.420","6","-4","30.42","8a10e06c-b114-425a-8586-71021faae8c3","2021-12-30 14:41:33.272"
"ACI","30.380","4","30.420","6","-4","30.42","d9e6767d-1ca7-4eb6-a955-bc28df63d4ef","2021-12-30 14:41:33.272"
"ACI","30.380","4","30.420","6","-4","30.42","fc922b0f-3f59-4082-8afb-98343adaac1f","2021-12-30 14:41:33.272"
"ACI","30.380","4","30.420","6","-4","30.42","41ca0afb-1a5f-4afa-a70c-ae089c75c476","2021-12-30 14:41:33.272"
"ACI","30.380","4","30.420","6","-4","30.42","53dfd598-35aa-40ce-bab4-03c5c7de54e8","2021-12-30 14:41:33.272"
"ACI","30.380","4","30.420","6","-4","30.42","187bbb70-a815-40d4-b225-647ee6c4ee0d","2021-12-30 14:41:33.272"
"ACI","30.380","4","30.420","6","-4","30.42","b1544216-a631-442d-9389-fec6541021a6","2021-12-30 14:41:33.272"
"ACI","30.270","5","30.290","17","4","30.29","ce50b146-49df-43d5-aff6-fc3dcb298ed3","2021-12-30 14:56:10.006"
"ACI","30.280","1","30.320","3","4","30.20","7600395f-b6c6-4a68-b2d8-7a0957b40e5d","2021-12-30 15:04:48.714"
"ACI","30.320","3","30.350","1","4","30.20","cb8ac833-589d-45a3-a482-b13f2b164fbe","2021-12-30 15:04:48.714"
"ACI","30.330","1","30.370","1","4","30.20","584ff467-55a1-4c47-a53d-75238a6300ef","2021-12-30 15:04:48.714"
"ACI","30.330","1","30.370","1","4","30.18","f6c427de-3fd1-4084-8985-b906a414c0b5","2021-12-30 15:08:08.787"
"ACI","30.330","1","30.370","2","4","30.18","0f1c4d05-5dbd-4a28-b6ac-00c27024d94b","2021-12-30 15:08:08.787"
"ACI","30.180","2","30.210","12","-4","30.21","39151e7c-8d2c-4a62-a1b6-153edb79d7f9","2021-12-30 15:08:27.262"
"ACI","30.180","2","30.210","12","-4","30.21","1e425aa2-ed4c-4845-8355-81f6490e2cc9","2021-12-30 15:08:27.262"
"ACI","30.180","2","30.210","12","-4","30.21","3649ec7d-2374-4a35-8d78-e0eaa8734193","2021-12-30 15:08:27.262"
"ACI","30.180","4","30.210","9","-4","30.21","b3942c72-facf-4ac6-92e3-2eb8f1c1579a","2021-12-30 15:09:33.535"
"ACI","30.180","3","30.210","10","-4","30.21","7dd47852-9aa9-4db9-a4ec-090c1c974807","2021-12-30 15:09:33.535"
"ACI","30.150","2","30.180","16","-4","30.18","472d3332-934c-4a61-84f9-2f08a2cdba04","2021-12-30 15:10:41.162"
"ACI","30.250","2","30.310","3","4","30.14","587adabd-d352-463b-a637-bee71dc3c26f","2021-12-30 15:12:58.449"
"ACI","30.250","2","30.310","3","4","30.14","814d5390-5f43-4ca1-b60c-715652e57137","2021-12-30 15:12:58.449"
"ACI","30.250","3","30.310","2","4","30.14","ce50f55a-6633-4c48-94d8-9b857a31556a","2021-12-30 15:12:58.449"
"ACI","30.260","5","30.330","3","4","30.14","3dcb48a6-a111-45e3-877b-65731367f5de","2021-12-30 15:12:58.449"
"ACI","30.260","5","30.330","3","4","30.14","7e9b122d-b0fa-4c2e-9d9a-7d71badb65e9","2021-12-30 15:12:58.449"
"ACI","30.270","1","30.330","3","4","30.14","d42e843e-363d-42c8-8955-561d352eb377","2021-12-30 15:12:58.449"
"ACI","30.170","2","30.190","1","-4","30.19","132f8e3d-00c1-4008-82b5-0bc61a94456d","2021-12-30 15:17:37.862"
"ACI","30.170","2","30.190","1","-4","30.19","2a29b224-7ea6-47a7-b1fa-ae890e8c9342","2021-12-30 15:17:37.862"
"ACI","30.170","2","30.190","1","-4","30.19","73ff2996-c99e-4a98-9847-08a8dd6d4fa5","2021-12-30 15:17:37.862"
"ACI","30.180","4","30.200","2","-4","30.20","f4e4627b-a328-4273-adfb-a25de270d4ee","2021-12-30 15:18:25.772"
"ACI","30.180","5","30.200","3","-4","30.20","c174e73e-eeed-4578-89ca-67381408e80e","2021-12-30 15:19:21.856"
"ACI","30.200","2","30.220","3","-4","30.22","983a33ea-dd91-486c-ad11-a1f2093abc5e","2021-12-30 15:19:38.493"
"ACI","30.190","2","30.210","10","4","30.14","1e7a99d6-4814-43b0-9b3c-6af08eaf648e","2021-12-30 15:31:13.296"
"ACI","30.140","4","30.160","2","-4","30.31","baa6d0dd-b7fc-41fb-b47e-438610bfd0f6","2021-12-30 15:43:11.372"
"AAL","18.250","25","18.260","37","6","18.22","15572b27-cc0a-4231-a38b-080e833ad8aa","2021-12-30 10:12:57.458"
"AAL","18.270","32","18.280","23","6","18.19","9c50a39e-79ea-4225-8749-2b6836cd489e","2021-12-30 10:14:05.429"
"AAL","18.270","35","18.280","10","6","18.19","120457a5-83a8-4330-8553-e5c06f0ae2b8","2021-12-30 10:14:05.429"
"AAL","18.180","14","18.190","81","-6","18.19","e4fe1ec7-ea97-4622-b882-53f90745b344","2021-12-30 10:15:11.382"
"AAL","18.200","26","18.210","15","-6","18.21","26a283d0-c3bb-4a02-975d-95b98a629c5c","2021-12-30 10:15:25.962"
"AAL","18.190","71","18.200","5","-6","18.20","9a533c38-e86b-406d-9b77-379c277880e3","2021-12-30 10:15:50.100"
"AAL","18.230","11","18.240","21","6","18.16","d0bb96e8-99ed-4ad5-84a3-08bc926a5f62","2021-12-30 10:17:11.725"
"AAL","18.160","30","18.170","45","-6","18.17","794ddcc2-5970-4324-9742-2747010fbf8b","2021-12-30 10:18:00.076"
"AAL","18.250","46","18.260","38","6","18.14","66bbe2c9-9c62-4951-8cb1-81ef08eae2b8","2021-12-30 10:18:21.681"
"AAL","18.250","23","18.260","13","6","18.14","4c674f53-5a1c-4a9a-b0ae-632f1cfe9e9a","2021-12-30 10:18:21.681"
"AAL","18.260","18","18.270","44","6","18.14","0801b1e7-21a5-4d41-81bb-da41b8f296f3","2021-12-30 10:18:21.681"
"AAL","18.280","29","18.290","93","6","18.14","e35b15d8-c42f-4140-a031-e9b322600d73","2021-12-30 10:18:21.681"
"AAL","18.230","75","18.240","37","6","18.14","157e61c7-94b5-4b0c-a8ed-557e3dbc1320","2021-12-30 10:18:21.681"
"AAL","18.250","31","18.260","26","6","18.14","e08eedb6-5769-4b08-a25b-387bb342c318","2021-12-30 10:18:21.681"
"AAL","18.290","26","18.300","13","6","18.14","66c5c4cc-e0ef-4278-900a-0ba69ad94af2","2021-12-30 10:18:21.681"
"AAL","18.280","69","18.290","8","6","18.14","b0ffd89d-bdeb-4259-a598-c5426770b6ed","2021-12-30 10:18:21.681"
"AAL","18.290","51","18.300","16","6","18.14","5ea73bee-db1b-4067-be1e-680d4feee53d","2021-12-30 10:18:21.681"
"AAL","18.280","20","18.290","49","6","18.14","f59342c7-4d49-4987-a7c1-6ff526f5db33","2021-12-30 10:18:21.681"
"AAL","18.270","26","18.280","42","6","18.14","5066a815-af05-4d34-abcc-dbaf25401a45","2021-12-30 10:18:21.681"
"AAL","18.270","34","18.280","33","6","18.14","94630725-3c52-4aa3-af61-f6ea23f2fb59","2021-12-30 10:18:21.681"
"AAL","18.140","206","18.150","42","-6","18.15","b4dcb12a-0e9f-4829-bc66-2e8112b982b1","2021-12-30 10:18:44.581"
"AAL","18.140","206","18.150","42","-6","18.15","ccda5ab9-6e02-4307-b43c-70075f456061","2021-12-30 10:18:44.581"
"AAL","18.140","206","18.150","42","-6","18.15","36ba370b-3095-47aa-9f4c-8e27ada9b5f4","2021-12-30 10:18:44.581"
"AAL","18.140","206","18.150","42","-6","18.15","d4f32d2b-15c0-411c-bdbc-f586dd1b9704","2021-12-30 10:18:44.581"
"AAL","18.140","206","18.150","42","-6","18.15","86117a19-7642-4bd9-aded-2713dde7d464","2021-12-30 10:18:44.581"
"AAL","18.140","206","18.150","42","-6","18.15","3a56e465-026b-4ba7-8e50-995eb13bab36","2021-12-30 10:18:44.581"
"AAL","18.160","38","18.170","32","-6","18.17","5d66629c-6e2b-49e6-846b-8974047d849a","2021-12-30 10:18:55.126"
"AAL","18.160","38","18.170","32","-6","18.17","cefe506a-bf37-40ee-8387-6e8916049d54","2021-12-30 10:18:55.126"
"AAL","18.160","38","18.170","32","-6","18.17","a0125f9b-192a-49b8-bc93-429aebec512c","2021-12-30 10:18:55.126"
"AAL","18.160","39","18.170","6","-6","18.17","8ab7c197-399c-438b-89ea-365a2bad35c5","2021-12-30 10:19:00.582"
"AAL","18.160","39","18.170","6","-6","18.17","482b0fc8-e021-4551-b89a-a139fbd12c2a","2021-12-30 10:19:00.582"
"AAL","18.170","57","18.180","25","-6","18.18","77f5b865-0e49-4334-80e6-781773ef2377","2021-12-30 10:19:10.120"
"AAL","18.210","12","18.220","23","6","18.18","e65c6a49-7088-4963-836f-432e282a06f8","2021-12-30 10:38:26.055"
"AAL","18.210","55","18.220","4","6","18.16","bffec805-5925-4f92-8deb-cf700f47291e","2021-12-30 10:39:26.473"
"AAL","18.230","11","18.240","38","6","18.16","07cc0dc9-c266-46ca-92ba-e89ad6888bb4","2021-12-30 10:39:26.473"
"AAL","18.190","41","18.200","11","6","18.16","76781135-18e2-49d6-9e3f-91b8d30a81a5","2021-12-30 10:39:26.473"
"AAL","18.200","44","18.210","17","6","18.16","b5be6657-fefc-45f3-9c3c-08fc0dcbc271","2021-12-30 10:39:26.473"
"AAL","18.190","44","18.200","32","6","18.16","40137959-a30b-4205-b0d5-119e8250816e","2021-12-30 10:39:26.473"
"AAL","18.160","40","18.170","28","-6","18.17","ce3579fc-a961-4635-a21a-5db64a6e9f5a","2021-12-30 10:41:15.290"
"AAL","18.160","40","18.170","28","-6","18.17","95ec34b1-6ad5-494f-a7e1-a57e854cb76a","2021-12-30 10:41:15.290"
"AAL","18.160","40","18.170","28","-6","18.17","f48d6a4f-0db1-485f-a245-88255d4f510e","2021-12-30 10:41:15.290"
"AAL","18.160","33","18.170","12","-6","18.17","e8762ea4-0db8-4d0a-b3ca-f5aec181375c","2021-12-30 10:41:28.245"
"AAL","18.160","33","18.170","12","-6","18.17","fc4b64f4-6135-4ab3-8956-a97b9c4cf127","2021-12-30 10:41:28.245"
"AAL","18.160","41","18.170","11","-6","18.17","42644b93-0683-4bac-96ed-e563cb9cc09a","2021-12-30 10:41:36.376"
"AAL","18.270","17","18.280","28","6","18.24","2efddae9-8205-4329-b94b-d72dba47bff2","2021-12-30 11:25:45.148"
"AAL","18.270","97","18.280","41","6","18.24","b22da35b-72b9-4cf5-83a8-e3b8f657b106","2021-12-30 11:25:45.148"
"AAL","18.270","64","18.280","41","6","18.24","7f1027fb-43d5-436e-9397-369e90575530","2021-12-30 11:25:45.148"
"AAL","18.270","25","18.280","42","6","18.24","f644f8a4-b7a2-488f-9059-b47227a3ed22","2021-12-30 11:25:45.148"
"AAL","18.260","29","18.270","47","6","18.24","1c51a500-b772-4220-87ec-7e337aefbf66","2021-12-30 11:25:45.148"
"AAL","18.260","36","18.270","26","6","18.24","7453f83d-f6f7-4085-b8ab-072f45ce40d0","2021-12-30 11:25:45.148"
"AAL","18.270","19","18.280","50","6","18.24","d867c427-2429-41cd-9e4e-3492c3b0c840","2021-12-30 11:25:45.148"
"AAL","18.270","23","18.280","37","6","18.24","63f5ac43-e7fd-4067-a7f7-e40ba1f0ccac","2021-12-30 11:25:45.148"
"AAL","18.250","44","18.260","30","-6","18.26","8053e825-955c-4106-aa4f-e7754977f3c5","2021-12-30 11:26:04.133"
"AAL","18.250","44","18.260","30","-6","18.26","3e0c30d4-e8a0-49a0-af44-2b560f6fb8f3","2021-12-30 11:26:04.133"
"AAL","18.250","44","18.260","30","-6","18.26","63f7e14e-5494-4343-9fd2-80f75b4f3746","2021-12-30 11:26:04.133"
"AAL","18.250","44","18.260","30","-6","18.26","11b5cb7e-2466-4c96-a415-106626e0dde6","2021-12-30 11:26:04.133"
"AAL","18.250","44","18.260","42","-6","18.26","773b9cce-0caf-4e31-8320-012734ea0461","2021-12-30 11:26:19.646"
"AAL","18.250","44","18.260","42","-6","18.26","b4f34b94-c3dd-493e-9371-bef96ae47ae1","2021-12-30 11:26:19.646"
"AAL","18.250","46","18.260","33","-6","18.26","a6775931-0305-4378-8477-a52beeb4f848","2021-12-30 11:26:20.672"
"AAL","18.250","44","18.260","30","-6","18.26","211f8407-33a0-45c8-9cbe-246e9b830fbe","2021-12-30 11:26:31.169"
"AAL","18.330","15","18.340","44","6","18.29","17116d39-cc23-46cc-9ca8-221e2e7634c6","2021-12-30 12:08:20.040"
"AAL","18.340","16","18.350","55","6","18.29","d1288c2d-601d-46c2-9659-8e3ccba5db31","2021-12-30 12:08:20.040"
"AAL","18.340","16","18.350","47","6","18.29","7549f7c5-5abd-4b66-9b93-2fd099eeee47","2021-12-30 12:08:20.040"
"AAL","18.340","6","18.350","54","6","18.29","da99e494-4c48-4656-a8b2-f2011b4b1c08","2021-12-30 12:08:20.040"
"AAL","18.340","68","18.350","11","6","18.29","1ef867b4-9e24-4b73-b067-ae98fc059f7e","2021-12-30 12:08:20.040"
"AAL","18.340","11","18.350","58","6","18.29","23cc7446-d6ef-4ed8-ac90-156c18dda0f3","2021-12-30 12:08:20.040"
