"Symbol","Bid","Bid Sz","Ask","Ask Sz","Shares","Price","Order ID","Timestamp"
"AA","58.260","2","58.320","1","205","58.27","5947012d-7698-461d-a725-1c8f74ebe9fc","2021-12-22 09:58:11.380"
"AA","58.240","5","58.290","1","206","58.20","6fc569fc-07ec-41b1-854b-16172c71a3d5","2021-12-22 09:58:29.720"
"AA","57.810","1","57.860","3","-205","57.89","43fcabb3-b814-4d12-b910-f064d9430170","2021-12-22 10:00:22.278"
"AA","57.880","1","57.910","3","-206","57.91","acb6333b-de8f-42c7-850b-69a8f199dc65","2021-12-22 10:00:24.014"
"AA","58.120","3","58.170","2","205","58.17","c39e4cac-8056-448e-9c8d-f52a2b5b977c","2021-12-22 10:02:50.006"
"AA","58.280","1","58.330","3","-205","58.33","41aa02a6-330c-4d2d-8d0e-d160f362a94b","2021-12-22 10:04:40.251"
"AA","58.340","1","58.410","10","206","58.25","6274f2b4-2b63-4d3e-b145-aad08b3a78fe","2021-12-22 10:06:04.896"
"AA","58.020","1","58.050","1","-206","58.05","0dc63472-9566-4710-bdac-cf9e82e052da","2021-12-22 10:08:06.338"
"AA","59.050","1","59.080","1","204","58.82","4bb3c765-d639-46ec-85e1-ecf4a8a30c37","2021-12-22 11:22:15.693"
"AA","59.050","1","59.080","1","204","58.82","ebf27f6e-0105-41d1-859c-2fd1adcc12d3","2021-12-22 11:22:15.693"
"AA","59.050","1","59.060","1","204","58.82","c51d3160-0835-4ca3-a5f7-1475de90f5f1","2021-12-22 11:22:15.693"
"AA","59.050","3","59.080","2","204","58.82","71e3503a-eaa7-462f-9356-f880f9b0bf92","2021-12-22 11:22:15.693"
"AA","59.090","4","59.110","6","204","58.82","4a5745ab-e8e8-43f1-81a4-eb6cd33c3fdd","2021-12-22 11:22:15.693"
"AA","59.090","2","59.110","6","204","58.82","efc7b682-aafb-4711-84c1-685c04451e5a","2021-12-22 11:22:15.693"
"AA","59.070","1","59.090","1","204","58.82","3aba152c-1a57-4925-8014-faacc8828244","2021-12-22 11:22:15.693"
"AA","58.870","2","58.910","2","-204","58.91","e08875af-6168-44f6-9cee-392ce0cd15ea","2021-12-22 11:22:33.437"
"AA","58.870","2","58.910","2","-204","58.91","e2c63523-3ab1-4077-a13f-bc2bb9c7cbd9","2021-12-22 11:22:33.437"
"AA","58.870","2","58.910","2","-204","58.91","c033e6fc-5019-4e3e-bd8f-ef1c2929addd","2021-12-22 11:22:33.437"
"AA","58.870","2","58.910","2","-204","58.91","555255e1-d96a-4f79-92fc-5c85d348b9d2","2021-12-22 11:22:33.437"
"AA","58.800","4","58.830","1","-204","58.83","a67499ac-699e-4f48-8db6-b47a22339b02","2021-12-22 11:23:01.131"
"AA","58.770","1","58.810","1","-204","58.81","5fd9f74a-171d-4f16-9833-07c31cd80945","2021-12-22 11:23:20.433"
"AA","58.750","2","58.770","1","-204","58.77","57c2aab5-bcfb-4e54-a645-2b0226585746","2021-12-22 11:24:01.189"
"AA","59.150","3","59.170","4","203","58.97","38b4b307-7b48-4718-a15b-4934fd71bc6d","2021-12-22 11:41:45.374"
"AA","59.160","2","59.180","2","203","58.97","ebadc670-3316-4c77-931a-b7cc0d1e9038","2021-12-22 11:41:45.374"
"AA","59.210","4","59.230","1","203","58.97","cf47ecd1-828b-4a6b-8d40-3e1a5267d739","2021-12-22 11:41:45.374"
"AA","59.210","5","59.240","2","203","58.97","a8b06625-397a-4242-b696-5d076fa9ca64","2021-12-22 11:41:45.374"
"AA","59.190","4","59.210","5","203","58.97","48207cfd-3bc0-4c18-9680-2fb5e9322027","2021-12-22 11:41:45.374"
"AA","59.170","1","59.190","26","203","58.97","2f22b54d-d061-4c09-b320-02e7c6fd50da","2021-12-22 11:41:45.374"
"AA","59.160","5","59.180","3","203","58.97","3c44b775-6f6d-421e-976f-8d0149a34ad5","2021-12-22 11:41:45.374"
"AA","59.050","2","59.060","1","-203","59.06","411b7ea4-539f-401d-929b-d72092e906d2","2021-12-22 11:42:00.023"
"AA","59.050","2","59.060","1","-203","59.06","e592ddc3-8b6d-4454-bb6c-45bbca2b0236","2021-12-22 11:42:00.023"
"AA","59.050","2","59.060","1","-203","59.06","090e534f-9ce9-4474-a349-74748bfe58af","2021-12-22 11:42:00.023"
"AA","59.050","2","59.060","1","-203","59.06","52efe026-5954-4921-a236-5bd8ece2464a","2021-12-22 11:42:00.023"
"AA","59.070","1","59.080","1","-203","59.08","4b804078-ed2b-4eed-a917-ae28b56e19e0","2021-12-22 11:42:40.255"
"AA","59.110","1","59.140","1","-203","59.14","f0cf88f0-41ea-4c8f-8435-ba475820dda6","2021-12-22 11:43:01.043"
"AA","59.100","2","59.120","1","-203","59.12","952b6de0-f108-40f4-8518-d29fb4404a7f","2021-12-22 11:43:12.769"
"AA","59.700","3","59.720","2","201","59.61","ca307aed-0aaf-4dc6-bb5e-77b36c64fa11","2021-12-22 12:22:13.065"
"AA","59.700","2","59.730","4","201","59.61","ba93102e-95e0-454f-81ba-d675a094dcc2","2021-12-22 12:22:13.065"
"AA","59.700","1","59.710","2","201","59.61","e8cdab3e-af12-4883-a216-6d06aee0853d","2021-12-22 12:22:13.065"
"AA","59.670","1","59.690","1","-201","59.69","ca21e8b0-2c87-411b-91ff-f464d625bf0b","2021-12-22 12:22:54.798"
"AA","59.670","1","59.690","1","-201","59.69","2c275eba-d53f-46b7-93a9-ae1a86650e1d","2021-12-22 12:22:54.798"
"AA","59.670","3","59.700","2","-201","59.70","d166345c-04cb-4be9-999c-26aa038ee6a2","2021-12-22 12:23:00.030"
"AA","59.600","1","59.630","1","201","59.56","154b13e0-5f79-488d-aed3-9c2b62056754","2021-12-22 12:24:01.372"
"AA","59.630","6","59.660","1","201","59.56","4594b9e3-71a9-484d-99e8-ac57ce325d01","2021-12-22 12:24:01.372"
"AA","59.640","1","59.670","1","201","59.56","3caf067b-f17b-47e7-b718-0871908a55dd","2021-12-22 12:24:01.372"
"AA","59.700","1","59.720","1","201","59.56","09d533fc-3853-48fd-be50-560e6b9e9f78","2021-12-22 12:24:01.372"
"AA","59.630","2","59.660","3","-201","59.66","f5f62c48-e006-40c3-843c-f029684fce28","2021-12-22 12:24:42.750"
"AA","59.630","2","59.660","3","-201","59.66","74d7634a-681d-4338-93b8-681367cd7b62","2021-12-22 12:24:42.750"
"AA","59.630","3","59.650","1","-201","59.66","0f7a1d88-c85f-44d9-860f-3571ea99b309","2021-12-22 12:24:50.836"
"AA","59.670","1","59.690","3","-201","59.69","8cf28b6d-09d8-48e5-94e6-caa7bb97bb3c","2021-12-22 12:25:00.490"
"AA","59.670","2","59.710","4","201","59.63","53cff3f6-4ee3-4a6f-9438-f8a54f969623","2021-12-22 12:30:42.175"
"AA","59.700","2","59.730","5","201","59.63","53693b53-0b9a-4bfe-b038-8ca8510823d8","2021-12-22 12:30:42.175"
"AA","59.720","2","59.750","16","201","59.63","51a87642-ad41-47d9-840c-d9f63b7c392e","2021-12-22 12:30:42.175"
"AA","59.690","3","59.710","1","-201","59.71","f92e701e-d92e-4995-ab2b-31ae4d6dd949","2021-12-22 12:31:56.455"
"AA","59.720","2","59.750","30","-201","59.75","7a10afd2-aca7-40a5-a6a1-8d4e242a82bd","2021-12-22 12:32:21.636"
"AA","59.750","1","59.780","10","-201","59.78","b83a1523-578c-4b0c-b345-6436e2d2f7d6","2021-12-22 12:32:30.469"
"AA","60.260","1","60.290","1","199","60.27","13ba535a-26a0-4a7b-a396-bd0d1560f65a","2021-12-22 13:09:01.509"
"AA","60.230","6","60.270","1","-199","60.27","629183b7-6d93-4e72-b585-87869d8d687c","2021-12-22 13:12:00.225"
"AA","60.270","3","60.300","1","199","60.03","41811ee9-ec91-4828-9513-81ff1aeaf034","2021-12-22 13:24:55.459"
"AA","60.330","1","60.340","1","199","60.03","bae39c21-7d40-4847-8eec-c50867e70b37","2021-12-22 13:24:55.459"
"AA","60.280","1","60.320","6","199","60.03","b1952222-73f7-4230-b149-e77a9bbb9d68","2021-12-22 13:24:55.459"
"AA","60.280","1","60.320","2","199","60.03","bd6684aa-6a68-46d8-9ecc-3b499661c3c4","2021-12-22 13:24:55.459"
"AA","60.320","1","60.360","5","199","60.03","7478bcd9-8070-4b10-a9c9-7eda1d9a808e","2021-12-22 13:24:55.459"
"AA","60.320","1","60.360","1","199","60.03","c59c5d6e-4a3e-4e98-853c-448fd2034c6e","2021-12-22 13:24:55.459"
"AA","60.310","2","60.350","2","199","60.03","37be50fd-78f8-464b-8513-8e113f1f2230","2021-12-22 13:24:55.459"
"AA","60.290","5","60.330","1","199","60.03","f926fd3e-50e8-4f7f-896d-67759ba21ae3","2021-12-22 13:24:55.459"
"AA","60.280","1","60.310","1","199","60.03","11fe1651-ac44-49ca-b6ed-c4eff0210756","2021-12-22 13:24:55.459"
"AA","59.970","10","60.000","3","-199","60.00","e1234098-d821-49d3-8e0f-6271878452e8","2021-12-22 13:26:51.334"
"AA","59.970","10","60.000","3","-199","60.00","a49157d4-9dd8-4253-9407-9f7db4e4714c","2021-12-22 13:26:51.334"
"AA","59.970","10","60.000","3","-199","60.00","01000b54-8673-4235-8cb6-a3f97e64c8d0","2021-12-22 13:26:51.334"
"AA","59.970","10","60.000","3","-199","60.00","b9a259a8-5e40-4370-872b-da8f5aa9be55","2021-12-22 13:26:51.334"
"AA","59.970","10","60.000","3","-199","60.00","19abbe6f-9a83-4c82-a078-b68265b5e3e8","2021-12-22 13:26:51.334"
"AA","60.010","1","60.020","1","-199","60.02","02e31582-9c9a-4e2c-ae0e-fec8981741f7","2021-12-22 13:27:03.841"
"AA","60.010","1","60.020","1","-199","60.02","e1113418-7b02-430e-af53-9da977e441c5","2021-12-22 13:27:03.841"
"AA","59.980","2","60.020","3","-199","60.02","bc3e7570-aa9e-44f4-9bdc-41872161f6dd","2021-12-22 13:27:21.668"
"AA","60.010","1","60.040","2","-199","60.04","311610cc-9cc4-4265-a9f7-cf3b74cbb07f","2021-12-22 13:27:22.672"
"AA","60.350","1","60.370","1","200","59.72","e459b11f-a9ae-48e7-b899-43af7cf8104b","2021-12-22 13:39:40.314"
"AA","59.660","1","59.680","2","-200","59.68","8cc7b05d-29d3-4fe2-96e1-92d18bedffd1","2021-12-22 13:42:00.376"
"AA","59.700","5","59.730","2","201","59.61","0241599e-54ac-4a74-8af5-1cbdbc138151","2021-12-22 14:28:03.199"
"AA","59.770","1","59.780","1","201","59.57","ccd7207a-f970-4073-97b2-5ffbd0e73112","2021-12-22 14:28:07.509"
"AA","59.780","1","59.800","2","201","59.57","67de8ae1-e935-48c8-a239-bc1ba61842d6","2021-12-22 14:28:07.509"
"AA","59.750","6","59.790","2","201","59.57","f84ec405-53c1-45ca-94e9-a6723fb12b31","2021-12-22 14:28:07.509"
"AA","59.750","4","59.770","3","201","59.57","5fceee2c-5f14-4c44-90e4-ea12cbfe233d","2021-12-22 14:28:07.509"
"AA","59.720","5","59.740","3","201","59.57","3f1d70e3-2e75-4c03-b7fa-fb5a917667e7","2021-12-22 14:28:07.509"
"AA","59.740","2","59.760","2","201","59.57","471882a2-072c-4221-86bf-ede384555fe2","2021-12-22 14:28:07.509"
"AA","59.740","2","59.760","3","201","59.57","f97acb4d-3b85-47c4-8a67-f21457331d14","2021-12-22 14:28:07.509"
"AA","59.500","1","59.510","4","-201","59.51","211d5d03-5e50-4177-a1c1-a455e7ec7e70","2021-12-22 14:28:43.996"
"AA","59.500","1","59.510","4","-201","59.51","d04a7dfe-29b2-4cdd-8f3a-a754cb5fc165","2021-12-22 14:28:43.996"
"AA","59.480","1","59.500","3","-201","59.50","7d5f12ce-86de-4b46-a25e-ebc5e9c0b147","2021-12-22 14:28:55.192"
"AA","59.470","2","59.490","4","-201","59.49","023c8922-8952-4633-b7dc-b09e19039473","2021-12-22 14:29:00.386"
"AA","59.480","2","59.500","2","-201","59.50","30f22245-69b1-49e9-b581-1853f608d228","2021-12-22 14:29:23.096"
"AA","59.480","2","59.500","2","-201","59.50","c5144b5f-53c0-4276-8e8b-1cf4227dc60b","2021-12-22 14:29:23.096"
"AA","59.530","4","59.540","1","-201","59.54","fca076cd-17cb-4d36-8150-3f8ed2282ee1","2021-12-22 14:29:41.870"
"AA","59.520","1","59.550","1","-201","59.57","d2580a42-d1c3-4fa0-8a11-79df9065abc1","2021-12-22 14:29:43.871"
"AA","59.690","3","59.720","4","200","59.71","19c13083-c693-47f9-b1a1-0cf66cf9ba83","2021-12-22 14:41:45.336"
"AA","59.700","2","59.730","1","-200","59.73","0e1c5c90-d1ef-4bfc-a703-03e6e578d421","2021-12-22 14:46:20.844"
"AA","59.770","1","59.790","1","200","59.73","e10658aa-1cf1-460c-9cf4-9272e858b12c","2021-12-22 15:07:16.049"
"AA","59.810","2","59.820","2","201","59.68","554becba-b056-4170-990f-1b029fbb3281","2021-12-22 15:07:29.702"
"AA","59.840","2","59.850","2","201","59.65","35ef8266-fed9-402a-95d0-cb3bfd872e2a","2021-12-22 15:07:52.000"
"AA","59.840","2","59.860","5","201","59.65","59a54b62-f449-43fa-a4d4-79fc2abeafad","2021-12-22 15:07:52.000"
"AA","59.830","1","59.840","1","201","59.65","abe9c511-ce85-4a34-b89b-3b43cc792fbd","2021-12-22 15:07:52.000"
"AA","59.810","1","59.830","3","201","59.65","f85b85bd-907f-45fe-b9b7-8027afa2d60e","2021-12-22 15:07:52.000"
"AA","59.820","2","59.840","5","201","59.65","47a0a90a-954b-42a4-88e6-013359df5d1f","2021-12-22 15:07:52.000"
"AA","59.840","1","59.860","3","201","59.65","6bd42029-c2b4-43da-9493-8c8e68149959","2021-12-22 15:07:52.000"
"AA","59.820","1","59.830","4","201","59.65","a2dc165e-c981-42f4-b5ae-1f178390c9e0","2021-12-22 15:07:52.000"
"AA","59.830","1","59.840","2","201","59.65","d18b3e78-8650-4d36-812f-4f1d7e2bcf22","2021-12-22 15:07:52.000"
"AA","59.830","4","59.840","4","201","59.65","5a69d528-469b-4225-9d33-86dfbe81da67","2021-12-22 15:07:52.000"
"AA","59.830","4","59.850","4","201","59.65","1e8879bb-1e7b-4916-a1f7-3a0224844d48","2021-12-22 15:07:52.000"
"AA","59.750","2","59.780","4","201","59.65","c79d035d-567b-4d60-8eff-8723acdb33a8","2021-12-22 15:07:52.000"
"AA","59.780","2","59.800","4","201","59.65","bee9f52f-d943-4308-adf6-4fea46a4c5ec","2021-12-22 15:07:52.000"
"AA","59.790","1","59.800","1","201","59.65","f64ba67a-89ff-41e9-bbaf-b1cbbb42b978","2021-12-22 15:07:52.000"
"AA","59.790","1","59.800","1","201","59.65","c8fe241e-c957-4a62-8b02-3a65ce314c3c","2021-12-22 15:07:52.000"
"AA","59.780","2","59.800","5","201","59.65","25223582-e954-417f-a479-28c31d3fc328","2021-12-22 15:07:52.000"
"AA","59.680","3","59.690","1","-201","59.69","a3866b70-0314-449c-8fee-60eb0d2f9e1a","2021-12-22 15:08:10.138"
"AA","59.680","3","59.690","1","-201","59.69","0762eb41-d8d4-49f3-9d54-c9419237a87e","2021-12-22 15:08:10.138"
"AA","59.680","3","59.690","1","-201","59.69","81436d21-dea4-44fd-9cdd-daa893d411e7","2021-12-22 15:08:10.138"
"AA","59.680","3","59.690","1","-201","59.69","8cd98529-c925-4ed0-a9bc-4638d89e4732","2021-12-22 15:08:10.138"
"AA","59.680","3","59.690","1","-201","59.69","f8c3eb7d-a6ea-4caf-8e24-84a0105f3843","2021-12-22 15:08:10.138"
"AA","59.680","3","59.690","1","-201","59.69","785d512c-3886-43f7-b38c-11068a04fb6a","2021-12-22 15:08:10.138"
"AA","59.680","3","59.690","1","-201","59.69","19c49d1e-dc29-4f7c-8073-9f3dc2dc814f","2021-12-22 15:08:10.138"
"AA","59.680","3","59.690","1","-200","59.69","16a40ef2-f313-4498-b61b-5b00f7d09b10","2021-12-22 15:08:10.138"
"AA","59.680","3","59.690","1","-201","59.69","ac2123db-a694-49d6-a203-d3a9a700ed93","2021-12-22 15:08:10.138"
"AA","59.680","3","59.700","2","-201","59.70","c6f20273-d4b9-49db-bfd1-23d9bb712026","2021-12-22 15:08:51.273"
"AA","59.680","3","59.700","2","-201","59.70","a7651e80-4972-4342-a1cf-a2e749607756","2021-12-22 15:08:51.273"
"AA","59.680","3","59.700","2","-201","59.70","65faf842-2630-4567-abbb-4b68cb176987","2021-12-22 15:08:51.273"
"AA","59.680","3","59.700","1","-201","59.70","41f9ba3c-211f-42b7-9016-07bbf02bd4c7","2021-12-22 15:09:00.950"
"AA","59.680","3","59.700","1","-201","59.70","fe47697f-994f-4eec-b077-df9bc0e9d1ff","2021-12-22 15:09:00.950"
"AA","59.680","3","59.700","1","-201","59.70","ff48e872-5cca-4e77-a9c7-e1f4288b3920","2021-12-22 15:09:00.950"
"AA","59.710","3","59.730","2","-201","59.73","bfb494d2-9fa7-46c1-9b4c-7c485903b65c","2021-12-22 15:09:25.772"
"AA","59.710","3","59.730","3","-201","59.73","38b31772-6771-48cd-b285-fa95835c1df6","2021-12-22 15:09:30.905"
"AA","59.820","1","59.830","5","200","59.76","3fa9e533-1c11-49a4-bd6d-1a052efa32fa","2021-12-22 15:12:07.746"
"AA","59.840","6","59.880","2","-200","59.88","5e4feb80-e202-46c0-9bdb-54b28f70ca9a","2021-12-22 15:15:39.810"
"AA","59.870","1","59.880","9","200","59.71","cd54dcdd-7393-435f-b63c-fe22629ea1f1","2021-12-22 15:17:17.125"
"AA","59.850","2","59.870","1","200","59.71","a303b745-0256-40a7-8faa-85946eb7a7d9","2021-12-22 15:17:17.125"
"AA","59.810","4","59.840","1","200","59.71","b96e87a6-e493-40f0-9e2c-d91b095a086c","2021-12-22 15:17:17.125"
"AA","59.780","1","59.810","5","200","59.71","36aefe2d-89f3-47cc-a046-a6c6c2a38fad","2021-12-22 15:17:17.125"
"AA","59.770","2","59.800","12","200","59.71","fcaa1f02-f6d1-4b91-82c0-fafa70878023","2021-12-22 15:17:17.125"
"AA","59.780","2","59.790","2","200","59.71","c543297c-849f-410a-bca1-91575293590d","2021-12-22 15:17:17.125"
"AA","59.650","1","59.680","5","-200","59.68","01680b4c-2479-4035-a86c-34248ac48262","2021-12-22 15:19:03.705"
"AA","59.650","1","59.680","5","-200","59.68","230b6642-fa1b-419b-a484-9405c841eb44","2021-12-22 15:19:03.705"
"AA","59.650","1","59.680","5","-200","59.68","0084b0b5-dd6a-4b6a-aeec-2e8e5e984ce4","2021-12-22 15:19:03.705"
"AA","59.680","2","59.690","1","-200","59.69","f2e50272-f5e8-4704-9cc7-a0cb67ed89ef","2021-12-22 15:19:12.171"
"AA","59.680","2","59.690","1","-200","59.69","0604c2a4-4a4e-485d-aecc-7dd891cf68d7","2021-12-22 15:19:12.171"
"AA","59.600","1","59.620","4","-200","59.62","b7ed3cd2-8fed-4a03-ad18-a98bad57fe45","2021-12-22 15:20:17.431"
"AA","59.760","2","59.790","2","201","59.53","f5ea2958-09ff-4710-891f-20efb85a8122","2021-12-22 15:21:14.964"
"AA","59.560","2","59.590","3","-201","59.59","060ac27e-eb8c-4636-9863-46dd7764a8fa","2021-12-22 15:23:08.251"
"AG","11.310","34","11.320","12","1,063","11.28","0c30e810-638b-4846-b489-aae02471e969","2021-12-22 11:22:42.419"
"AG","11.310","33","11.320","14","1,064","11.28","691be29d-fa06-42f5-8fa1-5893bfa1628f","2021-12-22 11:22:42.419"
"AG","11.310","34","11.320","20","1,064","11.28","c81ab1c0-6567-4627-841e-9a0234ce2470","2021-12-22 11:22:42.419"
"AG","11.310","34","11.320","11","1,063","11.28","7b2be2b5-a6ff-43b0-aec8-b8861cedc539","2021-12-22 11:22:42.419"
"AG","11.310","4","11.320","34","1,064","11.28","55b0776e-ace4-43ae-bf1a-703296efe536","2021-12-22 11:22:42.419"
"AG","11.280","1","11.290","40","-1,064","11.29","a4e19ca3-d090-40b9-a249-60732593f08e","2021-12-22 11:23:31.414"
"AG","11.280","1","11.290","40","-1,064","11.29","e2938b60-df70-412e-8edc-a0496d36a23d","2021-12-22 11:23:31.414"
"AG","11.280","1","11.290","40","-1,063","11.29","495bfc59-a5a0-4ac4-bcc8-d8803ae86b25","2021-12-22 11:23:31.414"
"AG","11.280","58","11.290","9","-1,063","11.29","6ff90c79-80d2-4c6e-b94b-1e3449af90df","2021-12-22 11:23:31.414"
"AG","11.290","10","11.300","28","-1,064","11.30","b4bffd27-b983-4772-a556-e399d38bfd21","2021-12-22 11:23:53.907"
"AG","11.300","31","11.310","7","1,060","11.31","e820259f-4db8-4344-8d1a-5868faa302fc","2021-12-22 11:27:10.006"
"AG","11.290","34","11.300","15","-1,060","11.30","cf16e0a8-7e3b-4839-a6bb-a24f7772d39d","2021-12-22 11:29:01.074"
"AG","11.310","34","11.320","15","1,065","11.27","7d8a6dbc-1988-4eed-b0cc-6eb782f47c47","2021-12-22 11:31:25.327"
"AG","11.280","58","11.290","5","-1,065","11.29","9a67502b-14c0-40d5-9b06-b77e33982f95","2021-12-22 11:33:57.251"
"AG","11.340","35","11.350","43","1,065","11.26","295ed472-7e63-43cb-b86c-f9410c56b142","2021-12-22 11:40:23.607"
"AG","11.330","53","11.340","22","1,065","11.26","bc4be6e3-134a-4b00-bd0d-a4a32ae8ed17","2021-12-22 11:40:23.607"
"AG","11.240","18","11.250","31","-1,065","11.25","1fc19039-c5dd-44c0-85eb-24d934195e3a","2021-12-22 11:44:00.191"
"AG","11.240","30","11.250","31","-1,065","11.25","5cbd0812-5422-4e82-a04a-ad0a64841648","2021-12-22 11:44:49.413"
"AG","11.280","15","11.290","12","1,064","11.28","1403dbe2-02b9-4d66-be66-52bfaefc3830","2021-12-22 11:52:05.336"
"AG","11.280","15","11.290","12","1,063","11.28","1b6c7c6b-150d-4291-b8d5-0e46da7f789c","2021-12-22 11:52:05.336"
"AG","11.280","27","11.290","7","1,063","11.28","1e6d5102-1c85-44f7-8d9b-c93c9627cb9c","2021-12-22 11:52:05.336"
"AG","11.280","38","11.290","17","-1,063","11.29","4acfefe1-dd69-44c7-a30e-27fb63b1de43","2021-12-22 11:57:55.808"
"AG","11.290","15","11.300","12","-1,063","11.30","85981d84-0319-4e73-ab19-7418f9f0b5dc","2021-12-22 11:58:25.664"
"AG","11.290","41","11.300","12","-1,064","11.30","f1943ec6-4a4d-4014-ba84-79d63de931ae","2021-12-22 12:03:19.056"
"AG","11.270","4","11.280","32","1,064","11.27","ba5fc67f-54e0-4a8a-a48d-fdd9ac2a2192","2021-12-22 12:18:13.199"
"AG","11.270","22","11.280","7","-1,064","11.28","9cc96ea1-ac4a-4982-a528-8dbf4b7e7136","2021-12-22 12:23:44.286"
"AG","11.290","27","11.300","28","1,065","11.26","db31b853-7cde-48e8-96f4-6a67c10704a4","2021-12-22 12:25:24.850"
"AG","11.290","30","11.300","15","1,065","11.26","650ea745-d7e6-43db-ad3c-ffa5f764d40a","2021-12-22 12:25:24.850"
"AG","11.290","30","11.300","15","1,066","11.26","66b825e3-c4e6-47cf-968a-2b308439e859","2021-12-22 12:25:24.850"
"AG","11.290","30","11.300","15","1,066","11.26","35be5ae1-03eb-4333-923e-135f733798e9","2021-12-22 12:25:24.850"
"AG","11.270","19","11.280","47","-1,066","11.28","538152da-7186-474d-9171-f7903cc5e7b0","2021-12-22 12:27:21.914"
"AG","11.270","19","11.280","47","-1,065","11.28","12bd5cfe-9865-4ec3-a6c1-e5db1b09398b","2021-12-22 12:27:21.914"
"AG","11.270","26","11.280","40","-1,066","11.28","08dee0e9-265b-44f4-91d9-3646bc8558a8","2021-12-22 12:28:14.691"
"AG","11.270","30","11.280","13","-1,065","11.28","83e8cd95-be17-45a4-85ee-f03a76e0ea28","2021-12-22 12:28:27.775"
"AG","11.320","29","11.330","30","1,063","11.29","c92abe2e-c1b1-42a0-9c22-bd0a7b996f77","2021-12-22 13:48:08.969"
"AG","11.320","46","11.330","18","1,063","11.29","1796b098-ba03-453d-b133-3aec00508da1","2021-12-22 13:48:08.969"
"AG","11.320","46","11.330","18","1,063","11.29","5d617556-e11a-405b-b527-cb60c7c568ce","2021-12-22 13:48:08.969"
"AG","11.320","46","11.330","18","1,063","11.29","1c97a735-90d7-4836-9e85-d9687742344d","2021-12-22 13:48:08.969"
"AG","11.320","18","11.330","27","1,063","11.29","0666fa0a-3de0-4bcb-a282-820129e1fae9","2021-12-22 13:48:08.969"
"AG","11.320","17","11.330","40","1,062","11.29","c28e245d-16e4-415e-adab-6e97167a50be","2021-12-22 13:48:08.969"
"AG","11.320","16","11.330","27","1,063","11.29","c656be83-52a7-4ff7-9e07-88b837b0061c","2021-12-22 13:48:08.969"
"AG","11.320","16","11.330","27","1,062","11.29","b06f783e-d5f8-45f2-badd-7b4c606fed08","2021-12-22 13:48:08.969"
"AG","11.280","37","11.290","22","-1,063","11.29","7d30f2e7-f69a-4de1-8cfa-1090135889b8","2021-12-22 13:49:15.813"
"AG","11.280","37","11.290","22","-1,063","11.29","1ab2506f-4004-4be5-8667-290f9fc6829d","2021-12-22 13:49:15.813"
"AG","11.280","37","11.290","22","-1,063","11.29","62ad7f6d-f1a5-413b-8ce7-08c1a4d22641","2021-12-22 13:49:15.813"
"AG","11.280","37","11.290","22","-1,062","11.29","9567140b-7dde-4e67-9cb2-ae28b9ba16ec","2021-12-22 13:49:15.813"
"AG","11.280","36","11.290","35","-1,063","11.29","36150fbc-2f78-4e62-9aec-f48f5e3bd342","2021-12-22 13:50:26.165"
"AG","11.280","36","11.290","35","-1,063","11.29","8ecf0560-ad0d-4f62-8835-83336afe2bb7","2021-12-22 13:50:26.165"
"AG","11.280","58","11.290","18","-1,063","11.29","fc3516ac-96dc-40f3-8742-85111806222f","2021-12-22 13:50:26.165"
"AG","11.240","20","11.250","35","-1,062","11.25","0db2fcbf-75b2-4dc8-bd6a-35ffcf87d46e","2021-12-22 14:06:55.776"
"AG","11.250","10","11.260","39","1,065","11.26","b00574d1-1743-404c-bcb8-23ce42932530","2021-12-22 14:14:20.006"
"AG","11.270","34","11.280","21","-1,065","11.28","0f74795d-afc0-404e-9d4f-6939989686cb","2021-12-22 14:21:56.124"
"AG","11.370","14","11.380","42","1,057","11.35","caa8f6e3-e4dd-40dc-97e5-07b9ae830fb1","2021-12-22 15:23:48.627"
"AG","11.370","14","11.380","42","1,057","11.35","c3d0d2b4-7358-47d8-b72b-9036ce69d657","2021-12-22 15:23:48.627"
"AG","11.360","52","11.370","20","1,057","11.35","31c49cc5-1f05-4b02-bba7-4df32245d14f","2021-12-22 15:23:48.627"
"AG","11.360","34","11.370","49","1,057","11.35","e8b21a70-cf1e-4109-aec9-575a95ebf332","2021-12-22 15:23:48.627"
"AG","11.360","51","11.370","20","1,057","11.35","5d7eb7c4-e41b-407f-9f89-14abd435819e","2021-12-22 15:23:48.627"
"AG","11.370","46","11.380","49","1,057","11.35","12805d5d-b461-4daa-a345-833f457a1e37","2021-12-22 15:23:48.627"
"AG","11.360","32","11.370","51","1,057","11.35","02150dda-39b8-40b2-8f88-d1bec5e225fc","2021-12-22 15:23:48.627"
"AG","11.360","29","11.370","51","1,057","11.35","960ba90e-f6a4-4123-bb76-eb0e83589477","2021-12-22 15:23:48.627"
"AG","11.350","60","11.360","13","-1,057","11.36","a7c64223-8dd4-4f9d-8729-84719c82396d","2021-12-22 15:26:54.070"
"AG","11.350","60","11.360","13","-1,057","11.36","335fb199-3e0e-46ee-acf6-8ebc4d5e4086","2021-12-22 15:26:54.070"
"AG","11.360","25","11.370","41","-1,057","11.37","b1cb8878-013d-4792-bcce-ab16ed456dee","2021-12-22 15:30:06.069"
"AG","11.360","25","11.370","41","-1,057","11.37","69951bc6-f058-4504-a720-78cbe35ef60e","2021-12-22 15:30:06.069"
"AG","11.400","41","11.410","86","-4,228","11.40","e9670040-4eab-4276-a0b0-12f62de3f204","2021-12-22 15:48:00.006"
"ABB","36.590","7","36.600","9","328","36.55","0829a8ca-a00a-496c-b994-c77829953e52","2021-12-22 09:57:35.967"
"ABB","36.590","9","36.600","10","328","36.55","15278b44-c61f-486a-bb0a-a749e07fbf1a","2021-12-22 09:57:35.967"
"ABB","36.580","38","36.590","3","328","36.54","890d11b4-b9ae-4eb6-8573-4f8a9df11cc9","2021-12-22 09:57:37.983"
"ABB","36.580","9","36.590","22","328","36.54","074e6a7c-1173-4f14-8602-caa5eb04d2c7","2021-12-22 09:57:37.983"
"ABB","36.530","10","36.540","18","-328","36.54","0e91fc04-3d0d-4ff4-a9ec-42b0c1a663ab","2021-12-22 09:58:40.904"
"ABB","36.530","11","36.540","8","-328","36.54","66a24f06-c9cd-46ac-bbef-d163becbbf88","2021-12-22 09:58:40.904"
"ABB","36.540","1","36.550","23","-328","36.55","5cdab099-e8ec-4799-a868-529e3f2f25c6","2021-12-22 09:58:54.407"
"ABB","36.540","1","36.550","23","-328","36.55","a047c543-099b-454e-af8c-e7ae1ec47f85","2021-12-22 09:58:54.407"
"ABB","36.550","3","36.560","52","328","36.53","bce88580-f442-4421-b680-fa3d9811773a","2021-12-22 10:06:06.116"
"ABB","36.550","6","36.560","43","328","36.53","856ef6b9-2e4d-4a07-bd2a-92b047eabbb3","2021-12-22 10:06:06.116"
"ABB","36.540","6","36.550","12","328","36.53","2477e38e-9d73-40da-8d61-523a095e2cda","2021-12-22 10:06:06.116"
"ABB","36.540","10","36.550","8","328","36.53","3a5e8477-bc6b-4c80-8a88-cea81a683f25","2021-12-22 10:06:06.116"
"ABB","36.550","27","36.560","13","328","36.53","f1659132-5803-4f2e-8159-4908fc2d1964","2021-12-22 10:06:06.116"
"ABB","36.540","14","36.550","6","328","36.53","3668877f-eb00-4d24-a490-5aa183eca67b","2021-12-22 10:06:06.116"
"ABB","36.510","6","36.520","11","-328","36.52","2654c19c-6368-44dc-b8a1-725485581062","2021-12-22 10:07:05.865"
"ABB","36.510","6","36.520","11","-328","36.52","de6c4ab2-2fbf-4042-b2b3-2c92aca85a41","2021-12-22 10:07:05.865"
"ABB","36.510","16","36.520","5","-328","36.52","a0d3a248-9325-4229-801a-9b650066c141","2021-12-22 10:07:11.072"
"ABB","36.510","16","36.520","5","-328","36.52","7be92b7e-53a6-474f-ab11-0ad0df95d0bb","2021-12-22 10:07:11.072"
"ABB","36.510","46","36.520","1","-328","36.53","2aa552fc-a6eb-4071-921e-6c7e812f99eb","2021-12-22 10:07:20.454"
"ABB","36.510","13","36.520","10","-328","36.52","c2ef67ee-6ebb-482e-b002-f13c9f2172bf","2021-12-22 10:10:01.266"
"ABB","36.610","2","36.620","23","327","36.59","6e1dbaa7-57b7-4ccc-a744-259c0d02a228","2021-12-22 10:35:35.640"
"ABB","36.610","8","36.620","49","327","36.59","bd048254-ebbc-4bf9-9690-539cd8c36bd1","2021-12-22 10:35:35.640"
"ABB","36.610","8","36.620","49","327","36.59","f0c73b8a-aede-4191-a8b1-84d0c0d814b1","2021-12-22 10:35:35.640"
"ABB","36.590","31","36.600","1","-327","36.60","f30e1dbe-48ad-4c48-aef2-df10a8aa3def","2021-12-22 10:36:01.806"
"ABB","36.590","31","36.600","1","-327","36.60","67f8f252-4990-4bc5-9ed8-61a6a60b2a40","2021-12-22 10:36:01.806"
"ABB","36.590","31","36.600","1","-327","36.60","ccd1360a-dd5a-4bc0-b0b5-384516de2a51","2021-12-22 10:36:01.806"
"ABB","36.890","31","36.900","5","325","36.88","2f4b78dc-e1c5-48fe-9beb-7eadc3a50632","2021-12-22 12:02:11.777"
"ABB","36.890","28","36.900","7","325","36.88","6cc39699-05f4-40f4-a4e2-f97c860ee7a8","2021-12-22 12:02:11.777"
"ABB","36.890","38","36.900","4","325","36.88","6fbea3f1-96cd-45a3-b681-a294c19e839f","2021-12-22 12:02:11.777"
"ABB","36.890","25","36.900","7","325","36.88","270ea1c4-fc1a-4de0-b257-11acf5f3c4cd","2021-12-22 12:02:11.777"
"ABB","36.890","28","36.900","10","325","36.88","b462ebaf-b445-44b9-a20c-326b206c9b4d","2021-12-22 12:02:11.777"
"ABB","36.890","25","36.900","13","325","36.88","3af42525-df15-47ca-93e5-75b2e0bf0642","2021-12-22 12:02:11.777"
"ABB","36.890","25","36.900","13","325","36.88","34a1096f-a79f-41a8-9478-77e55cedca9d","2021-12-22 12:02:11.777"
"ABB","36.890","15","36.900","23","325","36.88","d7148ad3-0eb2-46fa-ac7f-95844397dfef","2021-12-22 12:02:11.777"
"ABB","36.890","15","36.900","23","325","36.88","bd7bd3e0-d9d6-4a12-9a59-d11b5f1e3c3f","2021-12-22 12:02:11.777"
"ABB","36.880","20","36.890","11","-325","36.89","c81e58b7-de8f-430a-a43b-2fd9f598b7c7","2021-12-22 12:03:29.344"
"ABB","36.880","20","36.890","11","-325","36.89","42067984-8868-4404-87bf-8c8cbad188dd","2021-12-22 12:03:29.344"
"ABB","36.880","20","36.890","11","-325","36.89","c71f9baa-e777-40e8-9d16-6fb85fc47b83","2021-12-22 12:03:29.344"
"ABB","36.880","20","36.890","11","-325","36.89","9877d825-20e5-4fa1-8e4f-f71875fe09b4","2021-12-22 12:03:29.344"
"ABB","36.880","20","36.890","11","-325","36.89","68ee9fbd-1e06-4a98-8cd8-103e1ee21867","2021-12-22 12:03:29.344"
"ABB","36.880","20","36.890","9","-325","36.89","e808e9d8-9ee7-4a99-b3f6-63c619409d77","2021-12-22 12:03:45.438"
"ABB","36.880","20","36.890","9","-325","36.89","5c06cd6c-c5f2-4944-8c63-39483689ac3f","2021-12-22 12:03:45.438"
"ABB","36.880","20","36.890","9","-325","36.89","26a6d582-c563-48bb-83cb-efcd047c49f0","2021-12-22 12:03:45.438"
"ABB","36.890","24","36.890","1","-325","36.89","3c855a96-a1ee-4853-84d5-ddb85aaa02b6","2021-12-22 12:03:50.006"
"ABB","36.920","11","36.930","14","325","36.91","d1fd4cf5-9d6a-4588-9fdb-c4d42316a8b7","2021-12-22 12:35:51.277"
"ABB","36.920","17","36.930","7","325","36.91","e5833ed1-87db-46d4-b759-6dc563206186","2021-12-22 12:35:51.277"
"ABB","36.920","17","36.930","7","325","36.91","b7013f32-e9de-4372-a75e-0e1eae3c8e8d","2021-12-22 12:35:51.277"
"ABB","36.920","17","36.930","7","325","36.91","d9001601-a76b-4f3d-b179-a61a637fb0f9","2021-12-22 12:35:51.277"
"ABB","36.910","14","36.920","12","325","36.90","b81b8e13-b9d3-444b-aded-de3fb8af85c4","2021-12-22 12:36:04.178"
"ABB","36.920","12","36.930","16","325","36.90","3e3180ab-736e-4efb-9452-3ebbf46b1209","2021-12-22 12:36:04.178"
"ABB","36.920","7","36.930","17","325","36.90","f104f101-ddf7-48bf-833f-284f14c1dbbb","2021-12-22 12:36:04.178"
"ABB","36.890","10","36.900","9","-325","36.90","20409d82-df14-445a-a108-13fdf50f2ac9","2021-12-22 12:38:32.223"
"ABB","36.890","17","36.900","9","-325","36.90","120732eb-ff50-47ea-8aa6-e1a4c1dc48c7","2021-12-22 12:39:31.747"
"ABB","36.890","17","36.900","9","-325","36.90","72081113-9e09-4a80-8e7a-0999f42319fc","2021-12-22 12:39:31.747"
"ABB","36.900","8","36.910","21","-325","36.91","f39b96b8-2112-484d-bcee-b107b9f26397","2021-12-22 12:39:56.809"
"ABB","36.900","8","36.910","21","-325","36.91","45abc9ed-5d5b-4d13-8bc1-855cf06269b2","2021-12-22 12:39:56.809"
"ABB","36.900","8","36.910","21","-325","36.91","f67f9daf-761e-4dc5-9e4a-cbe3754e79cb","2021-12-22 12:39:56.809"
"ABB","36.900","23","36.910","12","-325","36.91","dedeb116-98b8-4d96-a9bc-80f91ab6cfdb","2021-12-22 12:39:56.809"
"ABB","36.910","21","36.920","11","325","36.89","048e9982-6edd-4e81-8f21-735f6ee0282f","2021-12-22 12:45:31.954"
"ABB","36.910","7","36.920","16","325","36.88","d97db6d0-c0b9-48c1-99eb-0867bbac0c5c","2021-12-22 12:45:37.224"
"ABB","36.910","7","36.920","16","325","36.88","da6cc4c4-eb23-41a5-8dfe-e45e5f97aa32","2021-12-22 12:45:37.224"
"ABB","36.910","11","36.920","14","325","36.88","8777d86b-5bbd-467f-8ae7-519f60f4205e","2021-12-22 12:45:37.224"
"ABB","36.910","7","36.920","17","325","36.88","4f016a7a-bad9-4144-851f-81d0c80cd483","2021-12-22 12:45:37.224"
"ABB","36.900","6","36.910","16","325","36.88","357bdb0c-c570-46b5-a96c-79d15cc71f3c","2021-12-22 12:45:37.224"
"ABB","36.900","17","36.910","6","325","36.88","229f4434-6084-4af8-865a-21b171bf2f06","2021-12-22 12:45:37.224"
"ABB","36.870","23","36.870","2","-325","36.87","31f8f1f6-89dd-4ab2-8126-37fe882de9f3","2021-12-22 12:47:50.006"
"ABB","36.870","23","36.870","2","-325","36.87","6e8e9779-bc8a-4266-9e4d-7cad0227c34d","2021-12-22 12:47:50.006"
"ABB","36.870","23","36.870","2","-325","36.87","b27a7208-7176-41e3-8afd-4de7d606414a","2021-12-22 12:47:50.006"
"ABB","36.870","23","36.870","2","-325","36.87","65a182ba-c5e2-44a8-a529-177d9e4e32c0","2021-12-22 12:47:50.006"
"ABB","36.870","26","36.880","6","-325","36.88","ed7307e8-08e8-42bf-a6e4-08a80a0bdd39","2021-12-22 12:48:07.652"
"ABB","36.870","26","36.880","6","-325","36.88","f33f33bf-c80f-49df-9833-5ccd3c03089a","2021-12-22 12:48:07.652"
"ABB","36.870","17","36.880","12","-325","36.88","42703922-207e-4f2e-beb3-12b4d18a9f39","2021-12-22 12:50:07.893"
"ABB","36.920","5","36.930","11","325","36.90","cb7f064e-e795-40f4-8c70-391b48153832","2021-12-22 13:26:44.598"
"ABB","36.920","6","36.930","10","325","36.90","b49e9a4d-85e3-4960-9449-2bed3b914bfd","2021-12-22 13:26:44.598"
"ABB","36.920","19","36.930","3","325","36.90","3eb9dc37-2981-4570-a3e7-68c19b38a055","2021-12-22 13:26:44.598"
"ABB","36.900","6","36.910","16","-325","36.91","8cc33afa-7a12-4387-980f-315c37359441","2021-12-22 13:37:41.570"
"ABB","36.900","6","36.910","16","-325","36.91","8ffe18d3-d382-4f46-a3d8-18cb68e4bc9f","2021-12-22 13:37:41.570"
"ABB","36.900","6","36.910","16","-325","36.91","ddb0c9c7-9ce0-47a9-8917-47d57211d88b","2021-12-22 13:37:41.570"
"ABB","36.920","7","36.930","9","325","36.88","3c0d6a93-fb1c-4cd9-9c8a-b9a8da1c0f91","2021-12-22 13:40:21.286"
"ABB","36.920","7","36.930","9","325","36.88","daa61dfb-16c1-43b5-80a7-6488cc59bc60","2021-12-22 13:40:21.286"
"ABB","36.920","7","36.930","9","325","36.88","a06f3016-25df-4f5d-954e-faaecc439d20","2021-12-22 13:40:21.286"
"ABB","36.920","7","36.930","11","325","36.88","0e62dc24-956a-4918-9488-f8996e6baaed","2021-12-22 13:40:21.286"
"ABB","36.920","7","36.930","11","325","36.88","f9a8a497-ec00-40ff-8a19-0e818b8cf8ae","2021-12-22 13:40:21.286"
"ABB","36.920","7","36.930","10","325","36.88","a99d69d1-779e-4e84-939f-21cdf4ab3d4f","2021-12-22 13:40:21.286"
"ABB","36.900","22","36.900","1","-325","36.90","01939eb0-5fd5-4806-beaf-cf427198a33e","2021-12-22 13:40:40.006"
"ABB","36.900","22","36.900","1","-325","36.90","f196b44a-b719-4e76-b426-0eff7e4ce683","2021-12-22 13:40:40.006"
"ABB","36.900","22","36.900","1","-325","36.90","392e183c-2be8-4867-a3d2-cbb58eadc523","2021-12-22 13:40:40.006"
"ABB","36.890","17","36.900","9","-325","36.90","b5b40c8b-22b3-42b1-8960-70d1d932dd1b","2021-12-22 13:42:51.270"
"ABB","36.890","17","36.900","9","-325","36.90","930524c7-70e4-4a10-a99b-bf8b4ece159f","2021-12-22 13:42:51.270"
"ABB","36.890","15","36.900","11","-325","36.90","7c51e988-dad0-44e2-95a1-70a84ca82013","2021-12-22 13:42:51.270"
"ABB","36.910","24","36.920","10","325","36.89","2b5a28fe-6ac2-433a-93f5-c7933d86b3a5","2021-12-22 13:59:21.903"
"ABB","36.910","24","36.920","10","325","36.89","3b79c79c-f73a-4670-b9b9-60c2d4ed2fa0","2021-12-22 13:59:21.903"
"ABB","36.920","11","36.930","7","325","36.87","3b948aca-d156-4984-a144-cd9b278d5a47","2021-12-22 14:01:30.236"
"ABB","36.920","7","36.930","9","325","36.87","88a371df-4cbe-45b7-818f-5bc1acb6256a","2021-12-22 14:01:30.236"
"ABB","36.920","7","36.930","9","325","36.87","4484d0d4-f5a1-4c70-8033-af7d03b031d4","2021-12-22 14:01:30.236"
"ABB","36.920","7","36.930","9","325","36.87","a1c3d17d-c38a-4b10-b360-bb9bfabcfff4","2021-12-22 14:01:30.236"
"ABB","36.920","7","36.930","11","325","36.87","cbeea357-42b0-4eea-aa90-3cdf3fc5319b","2021-12-22 14:01:30.236"
"ABB","36.920","7","36.930","9","325","36.87","69d23e08-0ca7-4f20-9b21-f4bb84fb7cb6","2021-12-22 14:01:30.236"
"ABB","36.920","7","36.930","9","325","36.87","dd8fd24b-b405-4667-b08b-608e9db6274d","2021-12-22 14:01:30.236"
"ABB","36.920","7","36.930","11","325","36.87","8dfc8302-f039-4aae-8c8e-e1ce8d133b53","2021-12-22 14:01:30.236"
"ABB","36.870","17","36.880","13","-325","36.88","8eb3d429-43e9-423c-8ea4-1e9d1895e898","2021-12-22 14:02:01.162"
"ABB","36.870","17","36.880","13","-325","36.88","278564e1-00a8-431b-b80f-fccbe295507b","2021-12-22 14:02:01.162"
"ABB","36.870","17","36.880","13","-325","36.88","cd862b77-14a1-4781-af9a-d61daa8a0735","2021-12-22 14:02:01.162"
"ABB","36.870","17","36.880","13","-325","36.88","59a7a710-67ce-44bc-89d8-577f56438f47","2021-12-22 14:02:01.162"
"ABB","36.870","17","36.880","13","-325","36.88","b1f81eb2-3652-4604-8d44-8725a3611401","2021-12-22 14:02:01.162"
"ABB","36.880","15","36.890","18","-325","36.89","18055470-69d8-44b6-a193-8c9c48b9e1ec","2021-12-22 14:02:15.655"
"ABB","36.880","15","36.890","18","-325","36.89","62a14289-02e6-43f5-af4a-00506e6bbb1d","2021-12-22 14:02:15.655"
"ABB","36.880","15","36.890","18","-325","36.89","7e7c6ba6-2ac1-4105-9e59-8e771a6a116e","2021-12-22 14:02:15.655"
"ABB","36.880","15","36.890","16","-325","36.89","8ea38ae4-207f-4ec5-8920-873ca25d09c3","2021-12-22 14:02:54.421"
"ABB","36.880","13","36.890","14","-325","36.89","b95ccf70-dfe6-4f64-8008-28ff9b369451","2021-12-22 14:06:30.921"
"ABB","36.880","11","36.890","13","325","36.89","c4ca0178-8050-4d4c-9657-19f4938ff7ce","2021-12-22 14:06:40.006"
"ABB","36.880","12","36.890","6","-325","36.89","b7c2612f-ffee-4fc1-b9df-7d30ca68a1f9","2021-12-22 14:10:56.498"
"ABB","36.880","17","36.890","9","325","36.88","601c606a-5fc3-4a03-98d2-8c943df99b10","2021-12-22 14:26:22.519"
"ABB","36.880","17","36.890","9","325","36.88","4b0f0444-df74-4cd2-aee5-75a8fe42e217","2021-12-22 14:26:22.519"
"ABB","36.880","17","36.890","9","325","36.88","a1fe1882-c375-4eea-b47d-faff777660c1","2021-12-22 14:26:22.519"
"ABB","36.840","15","36.850","10","-325","36.85","9fe61b49-2295-4586-be34-da96a69af9e4","2021-12-22 14:29:24.698"
"ABB","36.840","15","36.850","10","-325","36.85","91a8d3c6-a7be-4cce-aa2d-2c6b2e424ca6","2021-12-22 14:29:24.698"
"ABB","36.840","25","36.850","1","-325","36.85","1ceb815d-7114-4cc1-b96a-08d347ea7201","2021-12-22 14:29:42.202"
"ABB","36.870","19","36.880","7","325","36.87","cbc1434c-ffd3-4613-98bb-c956a4dc007c","2021-12-22 14:43:59.388"
"ABB","36.870","25","36.880","2","325","36.87","6ed84083-21ee-413d-9591-b92f1e523ad1","2021-12-22 14:43:59.388"
"ABB","36.870","29","36.880","1","325","36.87","9965dc11-bd2c-4ab2-a5b0-da5892e685a0","2021-12-22 14:43:59.388"
"ABB","36.870","29","36.880","1","325","36.87","544fefd9-d893-49fb-8e95-01082ff04c94","2021-12-22 14:43:59.388"
"ABB","36.870","28","36.880","2","325","36.87","69932849-2371-4202-9a90-3eeb985f8470","2021-12-22 14:43:59.388"
"ABB","36.870","30","36.880","1","325","36.87","d5329e44-3d38-49a0-b98c-c6d01861fa40","2021-12-22 14:43:59.388"
"ABB","36.870","13","36.880","12","325","36.87","6d70eb6b-2502-488d-8503-48ea3f5a8208","2021-12-22 14:43:59.388"
"ABB","36.870","12","36.880","16","-325","36.88","a6ea80b7-4ef1-4fcb-ac30-90b68d3101bc","2021-12-22 14:44:10.568"
"ABB","36.870","12","36.880","16","-325","36.88","3ee31567-78c2-4cda-a124-50edba6a481a","2021-12-22 14:44:10.568"
"ABB","36.870","12","36.880","16","-325","36.88","35854e90-3f64-4528-bdd1-9fe67e6bb9fd","2021-12-22 14:44:10.568"
"ABB","36.870","12","36.880","16","-325","36.88","6d463435-39e9-47a5-a336-3ee2582b8357","2021-12-22 14:44:10.568"
"ABB","36.880","8","36.890","19","-325","36.89","88a81932-883e-4b7f-922f-96dd3711949e","2021-12-22 14:45:57.040"
"ABB","36.880","8","36.890","19","-325","36.89","a54041ec-a558-4c66-be12-45a599914eee","2021-12-22 14:45:57.040"
"ABB","36.880","8","36.890","19","-325","36.89","7ac3fc2f-fff4-409d-81c8-6806d4cea4b4","2021-12-22 14:45:57.040"
"ALB","226.720","2","227.590","1","53","226.01","0b3917b5-ffad-488b-a49a-225b55c0b5b0","2021-12-22 10:03:49.406"
"ALB","227.550","2","227.680","1","53","226.01","3f2a1a21-6fba-4bed-9030-fd7ddf62bea9","2021-12-22 10:03:49.406"
"ALB","223.870","2","224.260","3","-53","224.26","cab754f7-f72a-4613-a9b2-f0fd73ad6835","2021-12-22 10:06:53.612"
"ALB","223.520","1","223.900","1","-53","223.91","0862208f-1dd1-408d-ba0b-7f4283af4c88","2021-12-22 10:08:04.849"
"ALB","225.950","4","226.400","1","52","226.40","0090326f-e28d-47ea-987a-bfdf81746526","2021-12-22 10:17:20.006"
"ALB","225.650","1","226.030","1","-52","226.08","78200d53-adec-45e4-a3b9-a46706421c59","2021-12-22 10:24:35.212"
"ALB","225.100","2","225.550","4","53","225.14","4b288e33-54f3-4dd7-b0e2-fa4dccb7e284","2021-12-22 11:00:14.432"
"ALB","225.370","1","225.610","2","-53","225.61","48bbb9c9-fd90-4b29-a93b-0d5fdde02ea0","2021-12-22 11:01:46.598"
"ALB","225.330","1","225.580","8","53","225.18","e4b82bb4-de87-423c-acfc-c1d0bf9f7d37","2021-12-22 11:05:42.285"
"ALB","225.610","2","225.810","1","53","225.18","ebb0cf01-4db8-4148-bebe-614e6f7a7253","2021-12-22 11:05:42.285"
"ALB","225.560","2","225.950","2","53","225.08","6f9970ef-ce49-4367-a0b8-43cdfb0ed6c2","2021-12-22 11:06:02.875"
"ALB","225.090","2","225.340","1","-53","225.34","d1cb2813-2bdc-4878-bd8f-3c8821a05dfc","2021-12-22 11:07:06.170"
"ALB","225.090","2","225.340","1","-53","225.34","0cac8812-8b83-43ed-a66c-0b536633bb84","2021-12-22 11:07:06.170"
"ALB","225.350","1","225.440","1","-53","225.44","25e37252-1317-4f66-a16a-1a84d469b355","2021-12-22 11:08:02.436"
"ALB","226.410","1","226.610","1","53","226.24","17510db1-29a4-401e-a2d2-da56312c853f","2021-12-22 11:35:39.713"
"ALB","226.000","1","226.260","1","53","225.81","67377907-7284-4d89-9dee-ad9ede8b5d4d","2021-12-22 11:43:31.350"
"ALB","226.300","1","226.490","1","53","225.81","ab195304-2f46-463c-91fd-19cb29361216","2021-12-22 11:43:31.350"
"ALB","225.800","1","226.050","2","-53","226.05","ea79f0e0-058f-4058-a064-2bdeb7ab92e1","2021-12-22 11:44:01.359"
"ALB","225.800","1","226.050","2","-53","226.05","00d63abd-996c-422b-92ec-b1a31cc40767","2021-12-22 11:44:01.359"
"ALB","226.180","2","226.660","1","53","225.62","d555ff3a-740f-4591-a083-6881d215f06a","2021-12-22 11:46:52.308"
"ALB","226.240","2","226.580","3","53","225.62","9aca462f-4104-46a8-a7d5-0c3792a311dc","2021-12-22 11:46:52.308"
"ALB","226.210","1","226.500","1","53","225.62","6bc1d578-2093-48fc-b17f-fe274ae6eeb4","2021-12-22 11:46:52.308"
"ALB","226.140","1","226.440","1","53","225.62","2f881c55-6243-492f-817e-9a88795483e3","2021-12-22 11:46:52.308"
"ALB","226.140","1","226.440","1","53","225.62","117d9ea7-39e2-4173-ad71-d37b07800f89","2021-12-22 11:46:52.308"
"ALB","226.140","2","226.480","2","53","225.62","5726e761-6ed7-47dd-a99f-2a2a0bb2a6cb","2021-12-22 11:46:52.308"
"ALB","226.390","1","226.580","2","53","225.37","74a2934e-9c9d-49c4-87b3-764ab86361aa","2021-12-22 11:48:14.403"
"ALB","225.370","1","225.630","1","-53","225.64","d92a9854-fd70-426f-b6a0-edc0b2b3a53b","2021-12-22 11:48:33.157"
"ALB","225.370","1","225.630","1","-53","225.64","ba9f7f58-e920-4f0a-ba92-2591e0b46226","2021-12-22 11:48:33.157"
"ALB","225.370","1","225.630","1","-53","225.64","ae55354e-f1ec-4f96-a24b-3cfd2e54072c","2021-12-22 11:48:33.157"
"ALB","225.370","1","225.630","1","-53","225.64","d7a15d5b-f0de-4174-b8d2-b80a1a4a9f85","2021-12-22 11:48:33.157"
"ALB","225.390","1","225.690","2","-53","225.69","a3d35ec3-514c-43a0-a8b1-8162024600ec","2021-12-22 11:48:33.158"
"ALB","225.390","1","225.690","2","-53","225.69","b2a10289-aed5-40b5-bb3d-ce908a477bf9","2021-12-22 11:48:33.158"
"ALB","225.570","1","225.820","1","-53","225.82","cc2a367d-1ef5-4da7-9d95-f8f2e5263c04","2021-12-22 11:48:48.362"
"ALB","225.650","1","225.890","2","-53","225.89","491fdbed-3657-4abc-b009-1852cd1ffab0","2021-12-22 11:49:53.316"
"ALB","225.870","1","226.080","1","53","225.95","1a101ce9-41cb-4203-905f-9f373f80f84b","2021-12-22 11:54:42.993"
"ALB","226.230","2","226.370","3","-53","226.37","4f7ddbd5-1d2d-4f9a-a732-750aed90a240","2021-12-22 12:04:56.885"
"ALB","226.460","1","226.710","2","53","225.53","a5710ec7-a9a3-4a3a-b2b8-bc6eb21437d3","2021-12-22 12:15:06.557"
"ALB","226.460","1","226.710","2","53","225.53","563906ff-dbb3-4085-8dfc-c12e0d06d04f","2021-12-22 12:15:06.557"
"ALB","226.460","1","226.710","2","53","225.53","9a5d8edb-3369-4108-95d0-688c7d8e20f7","2021-12-22 12:15:06.557"
"ALB","226.480","2","226.680","1","53","225.53","2b04aae3-dbc9-460b-8179-602f545e7ab4","2021-12-22 12:15:06.557"
"ALB","226.680","1","226.800","1","53","225.53","60b6d314-f0b0-4ec5-8cfe-7d316c2f6a44","2021-12-22 12:15:06.557"
"ALB","226.680","1","226.800","1","53","225.53","d320ff93-742b-4e44-9f7b-227ae554ef04","2021-12-22 12:15:06.557"
"ALB","226.680","1","226.800","1","53","225.53","1747710a-6ffc-4b29-9a8c-8b45af4a8dba","2021-12-22 12:15:06.557"
"ALB","226.530","2","226.700","1","53","225.53","1298a7ed-ef54-493c-a1a0-218de763d6b1","2021-12-22 12:15:06.557"
"ALB","226.250","1","226.570","1","53","225.53","17573069-a070-450b-8324-328748146173","2021-12-22 12:15:06.557"
"ALB","226.200","2","226.560","1","53","225.53","86287491-c7d5-4983-a71d-132be7963613","2021-12-22 12:15:06.557"
"ALB","226.200","2","226.560","1","53","225.53","011a8dec-e713-4fe6-b127-97931327150c","2021-12-22 12:15:06.557"
"ALB","226.100","2","226.200","1","53","225.53","e728a9a7-d9a1-4b39-be8c-1bef297d5988","2021-12-22 12:15:06.557"
"ALB","226.410","1","226.710","1","53","225.50","3843664e-5604-48f4-8b9f-c2ff87307b95","2021-12-22 12:15:12.867"
"ALB","226.250","2","226.480","1","53","225.50","c1011b7f-0f39-4568-bf82-5726620fd41a","2021-12-22 12:15:12.867"
"ALB","226.320","1","226.480","1","53","225.50","ce4e7cea-710d-48b9-8596-179325dbed60","2021-12-22 12:15:12.867"
"ALB","226.320","1","226.480","1","53","225.50","20942c75-f986-47d8-a3a8-fb9e42adab85","2021-12-22 12:15:12.867"
"ALB","225.000","2","225.150","2","-53","225.15","5039da8e-dc74-4c1c-956e-a702e4088eb0","2021-12-22 12:16:48.527"
"ALB","225.000","2","225.150","2","-53","225.15","4e67fd5a-c26f-49f0-9e8e-cda937afe782","2021-12-22 12:16:48.527"
"ALB","225.000","2","225.150","2","-53","225.15","d3e8cd03-4910-4987-93af-0b9b651cae39","2021-12-22 12:16:48.527"
"ALB","225.000","2","225.150","2","-53","225.15","f4ac5eef-9de4-4200-8eff-e6a6d99db4cf","2021-12-22 12:16:48.527"
"ALB","225.000","2","225.150","2","-53","225.15","5024fd84-13d6-424f-9bcd-c91917e8d869","2021-12-22 12:16:48.527"
"ALB","225.000","2","225.150","2","-53","225.15","9b6a9b44-e62d-4549-be44-e7b9b51275ce","2021-12-22 12:16:48.527"
"ALB","225.000","2","225.150","2","-53","225.15","61982831-3ea4-4673-bc70-ea578b161c7d","2021-12-22 12:16:48.527"
"ALB","225.000","2","225.150","2","-53","225.15","550db228-c1e1-4acb-a8fd-76b25594dccf","2021-12-22 12:16:48.527"
"ALB","225.030","1","225.210","3","-53","225.23","8d1658b9-7ea2-4de5-abb3-486f39ace48b","2021-12-22 12:16:49.445"
"ALB","225.030","1","225.340","1","-53","225.42","ff12e6c8-6e51-486d-8ab4-62937f9d4bc7","2021-12-22 12:17:00.897"
"ALB","225.030","1","225.340","1","-53","225.42","6812a460-dc43-4824-852d-700b4bebdd38","2021-12-22 12:17:00.897"
"ALB","225.240","1","225.410","1","-53","225.46","c61e6937-8d3b-4b98-9cf8-a7802126fae2","2021-12-22 12:19:06.419"
"ALB","225.250","1","225.410","1","-53","225.46","cc2963b3-2285-40d1-95f0-296c55d0c84a","2021-12-22 12:19:06.419"
"ALB","225.250","1","225.410","1","-53","225.46","3a9dfdf5-eac9-4955-8625-6d4331be5bf2","2021-12-22 12:19:06.419"
"ALB","225.240","1","225.400","1","-53","225.46","7952a9ec-db66-4b44-b86a-fa360d911488","2021-12-22 12:19:06.419"
"ALB","225.220","1","225.390","1","-53","225.46","9c68fdfa-82f7-4fe4-80b0-2bdda34aa41c","2021-12-22 12:19:06.419"
"ALB","225.010","2","225.260","1","53","225.26","777a3d1d-bac6-478d-91c8-9bf6c82f92a1","2021-12-22 12:21:10.006"
"ALB","224.400","2","224.690","3","-53","224.69","ea739c66-7861-4384-aed5-6714a13a3789","2021-12-22 12:24:33.723"
"ALB","225.300","1","225.500","4","53","225.16","88aa33f6-ceaa-4780-a8ee-f8d52c2879f0","2021-12-22 12:36:11.666"
"ALB","225.220","1","225.430","1","53","225.16","65e9ec55-6d49-4762-b889-862d8bf4eda7","2021-12-22 12:36:11.666"
"ALB","225.220","2","225.430","3","53","225.16","a9efd76d-e478-441b-8d95-74e02d700029","2021-12-22 12:36:11.666"
"ALB","225.220","2","225.430","3","53","225.16","e3f5d65b-8a5d-41ed-8052-444c833ae67a","2021-12-22 12:36:11.666"
"ALB","224.960","2","225.240","1","-53","225.25","575c3afc-66da-4a97-8514-e5c3bc66a781","2021-12-22 12:40:37.426"
"ALB","224.960","2","225.240","1","-53","225.25","621c534a-ab78-4689-b339-90ebfdf03484","2021-12-22 12:40:37.426"
"ALB","224.960","2","225.240","1","-53","225.25","1706d852-bf88-4bcb-b3f3-af583bebce2b","2021-12-22 12:40:37.426"
"ALB","224.960","2","225.240","1","-53","225.25","326fd777-f128-4d4b-877f-c92bede5ac49","2021-12-22 12:40:37.426"
"ALB","225.190","1","225.430","9","53","225.22","41e9ec6c-96a0-4b72-85b3-6c9a3b2dfb92","2021-12-22 12:52:28.408"
"ALB","224.970","1","225.220","2","-53","225.25","b2560721-b259-4994-8407-200fdec2ab94","2021-12-22 13:09:02.963"
"ALB","224.890","2","225.200","1","53","224.92","75248148-79d6-4173-b198-a8e1d9d1d404","2021-12-22 13:17:20.112"
"ALB","225.070","1","225.230","3","-53","225.24","cb0ff94c-3fb3-4ea3-af29-f29546cd8a76","2021-12-22 13:21:40.716"
"ALB","225.090","1","225.330","2","53","225.03","dbc44c94-18b5-4503-a29a-a997b4cdacb8","2021-12-22 13:28:17.551"
"ALB","225.130","1","225.330","2","53","225.03","a0b04171-0ee2-45c5-a618-63de5aa5734a","2021-12-22 13:28:17.551"
"ALB","225.100","2","225.320","2","53","225.00","72409bfa-8b78-4fd8-aeed-b6c2c04f942b","2021-12-22 13:28:36.969"
"ALB","225.190","1","225.350","1","-53","225.35","fbe3ca46-3490-4fa7-b662-1428fe125fb0","2021-12-22 13:31:34.639"
"ALB","225.290","1","225.420","1","-53","225.45","c8bd725c-b7c7-47ba-8e12-66fe13992752","2021-12-22 13:32:10.373"
"ALB","225.290","1","225.440","2","-53","225.44","bec2d4c5-dee2-4776-af09-51067616569b","2021-12-22 13:33:09.486"
"ALB","225.370","1","225.580","1","53","224.95","5ab11c51-6325-4006-ae18-227d9948b281","2021-12-22 13:36:29.003"
"ALB","225.370","3","225.550","1","53","224.95","5c30dbd6-8fcb-4438-820e-e0d94b4ace56","2021-12-22 13:36:29.003"
"ALB","225.370","2","225.540","1","53","224.95","98a1ec30-5338-44b3-9bfd-fafb25fd0318","2021-12-22 13:36:29.003"
"ALB","225.320","1","225.520","1","53","224.95","37b92106-2ef4-41e1-acfc-8e10da82068f","2021-12-22 13:36:29.003"
"ALB","225.320","1","225.520","1","53","224.95","27156f0c-497f-464f-8b7b-95a4d075e11f","2021-12-22 13:36:29.003"
"ALB","225.320","1","225.520","1","53","224.95","c6b08997-ac35-4575-a0e2-9dd61eb32358","2021-12-22 13:36:29.003"
"ALB","225.320","1","225.520","1","53","224.95","102d1285-1741-4f90-9133-55b2489cdc9d","2021-12-22 13:36:29.003"
"ALB","225.320","1","225.520","1","53","224.95","bf4be83a-837c-431c-a87c-0f1432453410","2021-12-22 13:36:29.003"
"ALB","225.320","1","225.520","1","53","224.95","aaa2c215-4daa-4e6d-bf90-42f30235cd97","2021-12-22 13:36:29.003"
"ALB","224.630","1","224.800","2","-53","224.80","13136832-2972-422e-88e4-f883477e078a","2021-12-22 13:38:22.872"
"ALB","224.630","1","224.800","2","-53","224.80","fc2ec16f-081b-40fc-9ff8-1540515a0f15","2021-12-22 13:38:22.872"
"ALB","224.630","1","224.800","2","-53","224.80","192ffdc2-16e6-476a-8137-0dbfa7bb0809","2021-12-22 13:38:22.872"
"ALB","224.630","1","224.800","2","-53","224.80","8c602d3a-d780-46f7-8102-a463e22a41bd","2021-12-22 13:38:22.872"
"ALB","224.630","1","224.800","2","-53","224.80","ff4fe416-809e-470f-903c-21d52debfaec","2021-12-22 13:38:22.872"
"ALB","224.400","3","224.580","1","-53","224.59","0638c8ae-8bce-4e67-ab73-4ede106ac729","2021-12-22 13:39:30.965"
"ALB","224.400","3","224.580","1","-53","224.59","42945b83-73b4-4c25-979e-2bb9bc9aa419","2021-12-22 13:39:30.965"
"ALB","224.400","2","224.640","1","-53","224.66","297a1ea1-c630-434f-acbe-39d88f92836e","2021-12-22 13:41:07.127"
"ALB","224.410","1","224.660","1","-53","224.68","e686abb2-48dc-4efa-9cc4-601d86884cc4","2021-12-22 13:42:25.028"
"ALB","224.660","1","224.790","2","53","224.79","1dc167a0-78c5-4370-b3f0-fd2b1931eafc","2021-12-22 13:45:10.006"
"ALB","225.440","2","225.750","1","53","224.12","174e1c01-1f2f-4267-8c54-ad726256e8fb","2021-12-22 14:01:19.536"
"ALB","224.280","1","224.430","2","-53","224.43","406f69ba-b20b-4296-ae53-dd201920adf3","2021-12-22 14:02:13.520"
"ALB","224.280","1","224.430","2","-53","224.43","23522d6d-7d8a-41b6-82bb-370253ca8a4f","2021-12-22 14:02:13.520"
"ALB","225.610","1","225.790","1","53","224.07","af44251c-0f82-4b55-b6ad-ab96d7d14f63","2021-12-22 14:06:39.902"
"ALB","225.140","1","225.700","1","53","224.07","59705085-1434-441b-9f2e-aae2a9cdba5d","2021-12-22 14:06:39.902"
"ALB","225.180","1","225.670","2","53","224.07","f60ac2fe-64eb-4ef9-99c3-30d9cbb49429","2021-12-22 14:06:39.902"
"ALB","225.220","1","225.550","1","53","224.07","bcd8498a-aaa9-439e-aeed-955887f62c97","2021-12-22 14:06:39.902"
"ALB","225.330","1","225.680","2","53","224.07","4705f1ff-0a70-4cb8-8a1b-a1dfc669e45e","2021-12-22 14:06:39.902"
"ALB","225.690","1","226.070","1","53","223.74","94a3ff98-60c8-4d56-ade8-d04fd6f5e2fe","2021-12-22 14:08:16.529"
"ALB","225.790","1","226.220","2","53","223.74","ac8740cd-9d31-4ca9-ad66-faaa70e949ac","2021-12-22 14:08:16.529"
"ALB","226.010","1","226.350","2","53","223.74","ee7319d8-9141-4893-9dec-a6da0ae39169","2021-12-22 14:08:16.529"
"ALB","226.020","1","226.240","2","53","223.74","d903dc7a-78b6-4fd2-9818-069786ee955a","2021-12-22 14:08:16.529"
"ALB","225.390","1","225.740","1","53","223.74","d0079654-41c8-4a2e-8197-d38353a582d4","2021-12-22 14:08:16.529"
"ALB","223.540","2","223.760","2","-53","223.76","0e8bae7c-0e83-42d9-924f-cf946f5a0c8c","2021-12-22 14:11:34.985"
"ALB","223.540","2","223.760","2","-53","223.76","d3e781c5-ea9a-4e3a-acf8-91c4e7f181ab","2021-12-22 14:11:34.985"
"ALB","223.540","2","223.760","2","-53","223.76","9e3c8d5b-d465-43f4-97a7-8ad719dce1f6","2021-12-22 14:11:34.985"
"ALB","223.540","2","223.760","2","-53","223.76","87f63b11-73ac-482b-81bc-ca977f0e6f13","2021-12-22 14:11:34.985"
"ALB","223.540","2","223.760","2","-53","223.76","7cdf217b-f04b-42ba-a042-742a0a4fa511","2021-12-22 14:11:34.985"
"ALB","223.630","1","223.760","1","-53","223.76","ffceb2a8-396c-46a8-b4df-f1fc7c460bac","2021-12-22 14:11:34.985"
"ALB","223.630","1","223.760","1","-53","223.76","abf8395b-27d4-4c8d-b723-633d5ecf8465","2021-12-22 14:11:34.985"
"ALB","223.560","1","223.790","1","-53","223.79","5bc619b8-fc16-4ca1-a7b1-8849a7231483","2021-12-22 14:11:34.986"
"ALB","223.560","1","223.790","1","-53","223.79","fe95ba7a-59f5-48e9-92d1-2ed40e8547ac","2021-12-22 14:11:34.986"
"ALB","223.560","1","223.790","1","-53","223.79","5261c774-ce73-4269-ac73-067508b3af37","2021-12-22 14:11:34.986"
"ALB","224.100","2","224.370","1","53","224.30","2c5059fc-9974-46db-8657-9e36901d6c63","2021-12-22 14:17:31.607"
"ALB","224.100","2","224.370","1","53","224.30","1dcccbad-5cce-4846-8ca9-46032d075be3","2021-12-22 14:17:31.607"
"ALB","224.430","2","224.660","2","-53","224.66","173736c5-fc51-4461-b5ec-b95b8f9c7820","2021-12-22 14:20:57.185"
"ALB","223.620","2","223.740","1","-53","223.74","11b357b3-933d-409e-a028-11802416f37b","2021-12-22 14:29:20.020"
"ALB","223.870","1","224.170","1","53","223.79","182fc9c3-6e7e-49b4-9ef0-b9c4b351c308","2021-12-22 14:33:42.613"
"ALB","223.870","1","224.170","4","53","223.79","8b6c4d47-97a3-4fa2-9899-025b44c2fc4d","2021-12-22 14:33:42.613"
"ALB","223.780","1","224.030","1","53","223.79","cfdabb50-e7d8-4dcd-a1b2-8e881cbf35a2","2021-12-22 14:33:42.613"
"ALB","223.790","1","224.020","1","53","223.79","fd7cb94e-f130-4273-941a-cfa644496861","2021-12-22 14:33:42.613"
"ALB","223.780","2","224.000","1","-53","224.15","37b7122a-4198-4c3a-8692-fa7e89c6a48c","2021-12-22 14:37:50.145"
"ALB","223.780","2","224.000","1","-53","224.15","890ddab7-7b90-47ed-ae74-150df279b7e6","2021-12-22 14:37:50.145"
"ALB","223.780","2","224.000","1","-53","224.15","bea5c41a-d08a-4dba-9eba-26a0e6bbc3a8","2021-12-22 14:37:50.145"
"ALB","223.800","1","224.180","2","-53","224.18","1cd3a163-42ca-4542-8bb9-7deb167c5dab","2021-12-22 14:38:27.326"
"ALB","224.040","3","224.360","2","53","224.36","bf4f879d-44bc-485b-96cc-83786d767246","2021-12-22 14:39:20.006"
"ALB","224.450","1","224.560","1","-53","224.60","c6a34880-aba0-4e41-946f-0b1a2c1b7397","2021-12-22 14:44:18.275"
"ALB","224.980","1","225.110","1","53","224.87","ff855674-7931-4515-9052-a0d1a33a7623","2021-12-22 15:17:21.148"
"ALB","224.820","1","225.040","1","53","224.87","e303d5ae-948a-42f1-a93c-04bbe91183d5","2021-12-22 15:17:21.148"
"ALB","225.050","3","225.240","1","53","224.82","438aaf1e-d267-4f93-9109-07070bd1b1a1","2021-12-22 15:18:35.368"
"ALB","225.050","3","225.240","1","53","224.82","882e4e47-7b87-431b-9d61-7643bfed2753","2021-12-22 15:18:35.368"
"ALB","225.050","2","225.240","1","53","224.82","8d257639-7149-4891-93a6-5286dddffb7e","2021-12-22 15:18:35.368"
"ALB","225.070","1","225.240","2","53","224.82","ac4d80a1-1254-4d26-9fb7-10226820e97b","2021-12-22 15:18:35.368"
"ALB","225.070","1","225.230","1","53","224.82","65bfb3c5-2df1-4922-af14-97f124ec8f54","2021-12-22 15:18:35.368"
"ALB","225.050","2","225.240","2","53","224.80","02023593-136a-4f2a-a8d7-b0ad25c75d88","2021-12-22 15:19:12.554"
"ALB","225.050","3","225.240","1","53","224.80","b64aff6e-565e-4678-abe7-2a2bb790bca0","2021-12-22 15:19:12.554"
"ALB","225.050","3","225.240","1","53","224.80","48005acd-d530-4914-a200-6ec234d6183f","2021-12-22 15:19:12.554"
"ALB","225.050","1","225.200","4","53","224.74","8faf6c43-88be-4ccd-8f60-2207822f22f3","2021-12-22 15:19:13.050"
"ALB","224.850","1","224.980","2","53","224.70","93914c57-cab8-45f6-84bd-96e8bf86da76","2021-12-22 15:19:26.336"
"ALB","225.000","2","225.140","2","53","224.65","7b67d63c-0bf5-49a9-8298-31e9cbae5a72","2021-12-22 15:19:29.010"
"ALB","225.000","2","225.140","2","53","224.65","127e3076-df63-4e0d-b61f-b57fd0260bff","2021-12-22 15:19:29.010"
"ALB","224.950","1","225.110","1","53","224.65","19f67d12-ebea-40b3-9e15-35ac010f5d2a","2021-12-22 15:19:29.010"
"ALB","224.670","1","224.790","1","-53","224.84","858b7152-00d7-4420-b148-98c0ac19c4f8","2021-12-22 15:19:57.451"
"ALB","224.670","1","224.790","1","-53","224.84","02b55e50-fbaa-462e-97da-c976e8399d13","2021-12-22 15:19:57.451"
"ALB","224.670","1","224.790","1","-53","224.84","7cc1cfd2-7531-4ac8-ab8b-c9b17a7c4102","2021-12-22 15:19:57.451"
"ALB","224.670","1","224.790","1","-53","224.84","75757947-42c4-41a6-b552-263d44beb741","2021-12-22 15:19:57.451"
"ALB","224.490","1","224.640","2","-53","224.64","8bbb3f84-2005-43c2-b7e6-bc5dcb7418eb","2021-12-22 15:21:02.543"
"ALB","224.490","1","224.640","2","-53","224.64","830677b4-43a2-43bb-b00e-7139cbe1226e","2021-12-22 15:21:02.543"
"ALB","224.490","1","224.640","2","-53","224.64","69fbd8e1-1173-42ca-abde-9ccecae5971d","2021-12-22 15:21:02.543"
"ALB","224.490","1","224.640","2","-53","224.64","592d5550-573b-42b1-96bd-11142ac513e0","2021-12-22 15:21:02.543"
"ALB","224.490","1","224.640","2","-53","224.64","a1077ed4-78fe-47bb-9d8d-f1b0fbcaef33","2021-12-22 15:21:02.543"
"ALB","224.490","1","224.640","2","-53","224.64","5835e0ef-50ff-41e7-9f91-6d65fc11c760","2021-12-22 15:21:02.543"
"ALB","224.520","2","224.710","1","-53","224.72","e73d66f1-37bd-406d-a1ac-4a45fcb36ce0","2021-12-22 15:21:23.912"
"ALB","224.520","2","224.720","1","-53","224.73","9a455cac-19f1-4ec1-aa6e-ecfa422741b7","2021-12-22 15:22:08.790"
"ALB","224.610","3","224.820","1","-53","224.82","d0397b0f-12f5-4bfb-ad1e-935211e991bd","2021-12-22 15:22:43.699"
"ALB","224.630","2","224.820","2","-53","224.82","27276ef7-bde2-4868-96e2-aef597d1b260","2021-12-22 15:22:43.699"
"ALB","224.630","2","224.820","2","-53","224.82","d26d1c36-c343-4174-bd4c-fff61285f86c","2021-12-22 15:22:43.699"
"ALC","84.700","9","84.780","4","141","84.50","b8101a07-12a7-4dd2-a658-7cb7a3ef7638","2021-12-22 09:57:45.525"
"ALC","84.720","7","84.780","2","141","84.50","2374d239-34bc-4b31-85b9-ebf88dfa55c4","2021-12-22 09:57:45.525"
"ALC","84.720","7","84.780","2","141","84.50","e7b86b83-c125-48c2-bea9-9a4cb37e8a5c","2021-12-22 09:57:45.525"
"ALC","84.660","7","84.710","1","141","84.50","2b4d0305-29dc-4ae4-ac3f-4dd266f58924","2021-12-22 09:57:45.525"
"ALC","84.660","7","84.710","1","141","84.50","77cda7e3-5c3b-406b-a206-a67c8eb904c1","2021-12-22 09:57:45.525"
"ALC","84.660","1","84.700","7","141","84.50","fcbe1c4c-990d-40f5-935d-f7c3104094ef","2021-12-22 09:57:45.525"
"ALC","84.660","1","84.700","7","141","84.50","2a7a0285-1647-4ffe-8b43-e07b747eb01d","2021-12-22 09:57:45.525"
"ALC","84.580","8","84.680","1","141","84.50","41aa60cf-ee6f-44a5-9ee4-aa2348fa3653","2021-12-22 09:57:45.525"
"ALC","84.630","3","84.700","1","141","84.50","4f412605-dc63-4002-b638-91fa914eba33","2021-12-22 09:57:45.525"
"ALC","84.460","8","84.530","2","-141","84.54","4bda0a16-2518-4638-8077-ced0b237daf4","2021-12-22 09:58:41.639"
"ALC","84.460","8","84.530","2","-141","84.54","b5caaf36-43c8-44cf-8b4e-ed3cd0c477aa","2021-12-22 09:58:41.639"
"ALC","84.460","8","84.530","2","-141","84.54","40ad4ae4-9412-45c8-99b2-f213062899cd","2021-12-22 09:58:41.639"
"ALC","84.460","8","84.530","2","-141","84.54","3652f09d-e2b5-4788-b428-6ba270426b15","2021-12-22 09:58:41.639"
"ALC","84.460","8","84.530","2","-141","84.54","ef6d4e8a-d55d-4d4b-9248-c8d082dd44eb","2021-12-22 09:58:41.639"
"ALC","84.460","8","84.530","2","-141","84.54","8254a997-4dfb-4c26-8652-e08d4ae18417","2021-12-22 09:58:41.639"
"ALC","84.460","8","84.530","2","-141","84.54","0f302fef-d052-4993-9a2e-f46b6fcdc033","2021-12-22 09:58:41.639"
"ALC","84.460","8","84.530","2","-141","84.54","54a676e3-825e-486e-880b-6c89de49f07d","2021-12-22 09:58:41.639"
"ALC","84.480","3","84.540","7","-141","84.55","b6a37d4a-c91a-46be-b488-0c8dc5c3f131","2021-12-22 10:00:13.223"
"ALC","84.590","2","84.650","1","142","84.48","7f1ebcb2-9340-4349-b521-07e6f3140602","2021-12-22 10:22:47.691"
"ALC","84.540","1","84.600","7","142","84.48","c7e115e0-e5f8-49ae-b800-b1634c116e0c","2021-12-22 10:22:47.691"
"ALC","84.540","1","84.600","7","142","84.48","1a737592-f7b6-4fd6-b7ce-fbfabba116b2","2021-12-22 10:22:47.691"
"ALC","84.540","1","84.600","7","142","84.48","0d8fd710-41ff-4f73-a4b0-694dcbf8558f","2021-12-22 10:22:47.691"
"ALC","84.540","7","84.620","7","142","84.48","9a8011d6-cc9a-48ca-9ec2-620721f71823","2021-12-22 10:22:47.691"
"ALC","84.560","1","84.640","8","142","84.48","dd8590f6-3c62-443f-a7f9-331f0a32c2e9","2021-12-22 10:22:47.691"
"ALC","84.520","4","84.580","7","-142","84.58","aea45564-b10a-4d53-8701-38ce44c063c7","2021-12-22 10:24:20.347"
"ALC","84.520","4","84.580","7","-142","84.58","6a705412-86b1-4583-956b-9908615748d3","2021-12-22 10:24:20.347"
"ALC","84.550","3","84.620","7","-142","84.62","c0a6a066-7761-4337-b566-a5da87a101c9","2021-12-22 10:25:19.035"
"ALC","84.550","3","84.620","7","-142","84.62","5f2ef0b2-7f9a-41f4-9d23-4e4786d59988","2021-12-22 10:25:19.035"
"ALC","84.580","2","84.620","8","-142","84.62","d08a1908-1965-4e01-bfe5-2448a4e204ee","2021-12-22 10:25:34.508"
"ALC","84.590","1","84.620","7","-142","84.62","09b1ec8f-6168-4fc6-ac2d-c6f47f31be06","2021-12-22 10:25:40.834"
"ALC","84.590","1","84.620","5","141","84.52","b3b7b1c8-3579-44d2-8b61-08104e275134","2021-12-22 10:29:03.367"
"ALC","84.570","1","84.600","7","141","84.52","6ede8681-e261-4c13-8ea5-bf8fa8d7efad","2021-12-22 10:29:03.367"
"ALC","84.590","1","84.620","7","-141","84.62","a8307940-d8a6-4ad6-aba0-d394e23854f2","2021-12-22 10:32:18.195"
"ALC","84.590","1","84.620","6","-141","84.62","520cb6c3-61b9-42b3-bac1-0052d72ca6a2","2021-12-22 10:32:21.259"
"ALC","85.210","2","85.280","2","140","85.23","0f48359f-6361-4e6e-beb2-333d41f15def","2021-12-22 11:53:50.094"
"ALC","85.210","2","85.280","2","140","85.23","5df73245-252f-48cd-bc0e-2c9805cf2003","2021-12-22 11:53:50.094"
"ALC","85.260","3","85.310","1","-140","85.31","76ed59eb-e8a9-4065-a02b-799a9ec080fd","2021-12-22 11:56:40.755"
"ALC","85.270","1","85.340","3","-140","85.40","fa3b6069-e2cf-4b35-80f6-f61817084443","2021-12-22 11:57:48.201"
"ALC","85.760","5","85.820","5","139","85.74","18966e22-5849-4eee-b747-0b8983d76c93","2021-12-22 13:11:09.110"
"ALC","85.750","1","85.810","1","-139","85.81","34785eee-c4de-4e57-baed-3e406ef05b49","2021-12-22 13:13:53.605"
"ALC","85.770","3","85.850","1","139","85.77","c92e529b-b7b8-4001-81af-26e6a4881cae","2021-12-22 13:21:48.259"
"ALC","85.770","2","85.850","2","139","85.77","cc692e88-5fa0-4239-8dd4-877e22d6fe4d","2021-12-22 13:21:48.259"
"ALC","85.780","3","85.830","1","139","85.77","f43258c1-7848-4d8b-a6b1-87a3fb51e4d0","2021-12-22 13:21:48.259"
"ALC","85.780","3","85.830","1","139","85.77","74d73352-2f81-4677-886c-4c983c608d01","2021-12-22 13:21:48.259"
"ALC","85.780","3","85.830","1","139","85.77","ca6801e8-5341-43e4-a015-e1b7374592ff","2021-12-22 13:21:48.259"
"ALC","85.770","2","85.820","1","139","85.75","03579884-42c7-4491-9e20-db55e782c162","2021-12-22 13:22:09.780"
"ALC","85.730","1","85.750","1","-139","85.76","5b45f746-cbce-451a-99a9-09a2e55f8975","2021-12-22 13:22:26.624"
"ALC","85.730","1","85.750","1","-139","85.76","9f4fb7f8-876a-4ad7-8d96-e79b0e57009a","2021-12-22 13:22:26.624"
"ALC","85.770","1","85.790","3","-139","85.79","6d516871-f6a8-46c7-b1c0-eafe4054e37f","2021-12-22 13:22:38.565"
"ALC","85.770","1","85.790","3","-139","85.79","7c886f51-fc28-4ad5-aef8-6b27b4a50566","2021-12-22 13:22:38.565"
"ALC","85.770","1","85.790","3","-139","85.79","697fd7eb-67fd-40e0-bc5d-e73e6c8bba5c","2021-12-22 13:22:38.565"
"ALC","85.740","1","85.810","1","-139","85.83","6e829719-0cc9-44b9-8e79-2d7cad4f8757","2021-12-22 13:30:56.205"
"ALC","85.770","2","85.840","1","139","85.78","76e7c99a-8c21-482c-a39b-88571438b472","2021-12-22 13:33:28.836"
"ALC","85.750","3","85.830","3","139","85.76","2fa947f7-4586-4091-bd5f-ec506ebc897b","2021-12-22 13:40:24.426"
"ALC","85.760","1","85.810","1","139","85.76","6d14b5df-e258-4764-bcfe-01c06666e46e","2021-12-22 13:40:24.426"
"ALC","85.770","2","85.840","3","139","85.76","2e3e293b-f56b-498d-882a-daddc861a19a","2021-12-22 13:40:24.426"
"ALC","85.730","1","85.760","2","-139","85.78","f404e595-4b43-4ae9-b93b-c65ee2ce6089","2021-12-22 13:41:35.841"
"ALC","85.730","1","85.760","2","-139","85.78","0ac9fd49-5123-42e6-ae38-bb0471b45c63","2021-12-22 13:41:35.841"
"ALC","85.730","3","85.800","1","-139","85.83","9a0e08aa-8f32-4fff-adcb-a3134c3ccd7a","2021-12-22 13:42:52.955"
"ALC","85.740","3","85.800","2","-139","85.83","dab46e10-7eae-4b64-b362-894e77733b5c","2021-12-22 13:42:52.955"
"ALC","85.760","4","85.820","1","139","85.72","cca6cad7-07b8-4360-9ff5-a25de2ed9b23","2021-12-22 13:45:02.317"
"ALC","85.760","4","85.820","1","139","85.72","1cc2ba7c-742c-4a75-978c-0250c11f2b74","2021-12-22 13:45:02.317"
"ALC","85.760","4","85.820","6","139","85.72","a03d5165-d74b-4111-8f2e-d5b3b75c646b","2021-12-22 13:45:02.317"
"ALC","85.790","2","85.850","3","140","85.69","4789db7e-475d-4b63-bde7-09e454ac5401","2021-12-22 13:45:22.326"
"ALC","85.790","2","85.850","3","140","85.69","d1b61d72-ca34-46f9-8dfa-76168f87b728","2021-12-22 13:45:22.326"
"ALC","85.760","4","85.820","3","140","85.69","fd091f53-7d49-4f94-bd76-fe1df6586090","2021-12-22 13:45:22.326"
"ALC","85.760","4","85.820","1","140","85.69","6b5e6ab7-0853-4684-a8bb-dffa6f3e621f","2021-12-22 13:45:22.326"
"ALC","85.760","4","85.820","1","140","85.69","73483f48-236f-4ca2-803b-eacfb4eb899d","2021-12-22 13:45:22.326"
"ALC","85.680","1","85.770","1","-139","85.78","085db875-d7b8-4444-a642-82434d1a38ff","2021-12-22 13:50:51.448"
"ALC","85.680","1","85.770","1","-139","85.78","34da9e4d-b0d9-4f51-85b2-b795ebcf658e","2021-12-22 13:50:51.448"
"ALC","85.680","1","85.770","1","-140","85.78","4494352d-648c-45c4-9946-54a354019479","2021-12-22 13:50:51.448"
"ALC","85.680","1","85.770","1","-140","85.78","984bef05-61a9-4c85-b2e7-73f7ed5d22d1","2021-12-22 13:50:51.448"
"ALC","85.680","1","85.770","1","-139","85.78","f4406179-0b70-4bf3-8fd9-490dd0e45fcb","2021-12-22 13:50:51.448"
"ALC","85.740","1","85.800","1","-140","85.80","d644a909-5f79-4481-a086-716e12ddbb59","2021-12-22 13:53:13.376"
"ALC","85.740","1","85.800","2","-140","85.80","a0c7ecb9-6e42-4008-b0e9-320da1d37bc6","2021-12-22 13:53:30.758"
"ALC","85.740","1","85.800","2","-140","85.80","c857e217-4df5-40ea-b4b2-b09fc3f7d309","2021-12-22 13:53:48.258"
"ALC","85.800","1","85.890","4","139","85.76","d7828d3b-96a7-4127-9b03-fdd8fe68b175","2021-12-22 14:00:14.173"
"ALC","85.800","1","85.890","4","139","85.76","9c75641a-2935-489b-a750-cb669aff712b","2021-12-22 14:00:14.173"
"ALC","85.790","1","85.850","1","139","85.76","ff42ed11-0dd3-4b17-bd52-27b9ea4dbbda","2021-12-22 14:00:14.173"
"ALC","85.790","1","85.850","1","139","85.76","6fd3bbe2-cac7-45da-bde5-49af99b9eac2","2021-12-22 14:00:14.173"
"ALC","85.760","1","85.820","1","-139","85.82","028e1ac3-0b3c-4e72-b81e-642cb52a972a","2021-12-22 14:02:14.421"
"ALC","85.760","1","85.820","1","-139","85.82","0e1ac015-ea77-4d13-84c5-0f567b5aaedd","2021-12-22 14:02:14.421"
"ALC","85.760","1","85.820","1","-139","85.82","3af16a38-8274-40b9-abf1-6b96b689696b","2021-12-22 14:02:14.421"
"ALC","85.760","2","85.820","1","-139","85.82","2ed8fc02-c412-4091-81b9-208388c5cb8b","2021-12-22 14:06:23.358"
"AEE","86.720","1","86.790","3","138","86.59","90a23f95-f5d5-415b-beab-6bbbf9ac2727","2021-12-22 10:20:51.054"
"AEE","86.720","1","86.790","3","138","86.59","d666393a-8b75-43ab-915f-5c4b7aecd62a","2021-12-22 10:20:51.054"
"AEE","86.720","1","86.790","1","138","86.59","ae7276eb-93d6-4b9f-8661-c0cbd7281557","2021-12-22 10:20:51.054"
"AEE","86.720","3","86.790","1","138","86.59","1b1d220a-d82b-426d-ae45-44161c1f09d6","2021-12-22 10:20:51.054"
"AEE","86.600","3","86.650","2","-138","86.65","b93563e2-bd22-4f83-b6ea-61e442280a71","2021-12-22 10:21:32.171"
"AEE","86.600","3","86.650","2","-138","86.65","8f47d2ee-34b9-4b3e-834f-c735818542f5","2021-12-22 10:21:32.171"
"AEE","86.600","3","86.650","2","-138","86.65","bb55e715-750d-4509-9f59-6e5bf89aa0a9","2021-12-22 10:21:32.171"
"AEE","86.590","4","86.650","2","-138","86.65","07ade8d8-79b6-4039-959f-1b11c3870985","2021-12-22 10:21:41.437"
"AEE","86.960","2","87.010","3","138","86.55","9abe1d41-7d57-4a68-adfd-923d50347637","2021-12-22 10:23:34.005"
"AEE","86.930","3","87.010","3","138","86.55","080b0d2c-9d8d-4301-ab2c-083b97405a46","2021-12-22 10:23:34.005"
"AEE","86.930","3","87.010","3","138","86.55","fdaac157-3467-4dd1-ab1c-be1f5befcdb7","2021-12-22 10:23:34.005"
"AEE","86.960","4","87.010","4","138","86.55","0069c91f-3b96-402a-acd1-2911a1a86961","2021-12-22 10:23:34.005"
"AEE","86.960","4","87.010","4","138","86.55","3010d433-070d-475e-b015-7c4b4b7b5c23","2021-12-22 10:23:34.005"
"AEE","86.960","3","87.010","4","138","86.55","98255564-ac91-4a13-9e68-e5877306b7d3","2021-12-22 10:23:34.005"
"AEE","86.970","1","87.010","4","138","86.55","5ccd4e81-953d-43a3-b110-2c7b06ff8161","2021-12-22 10:23:34.005"
"AEE","86.960","2","87.000","2","138","86.55","6347b7fc-ea09-4d79-a0fd-71594ba33bd0","2021-12-22 10:23:34.005"
"AEE","86.920","2","86.990","4","138","86.55","42c82eb5-bf12-4c4a-997c-6e681979ab1b","2021-12-22 10:23:34.005"
"AEE","86.920","1","86.990","4","138","86.55","8325ae4f-4756-4986-9dc2-5876a2fad38b","2021-12-22 10:23:34.005"
"AEE","86.940","3","86.990","3","138","86.55","36c33da6-ff05-41ba-832e-d04ffe8a8cc6","2021-12-22 10:23:34.005"
"AEE","86.730","4","86.800","1","138","86.55","b85ec37f-1f21-49bc-a14d-d4e9e189cf9f","2021-12-22 10:23:34.005"
"AEE","86.730","1","86.790","1","138","86.55","1eb01b57-c127-43e3-ac6c-a18d2b2fb771","2021-12-22 10:23:34.005"
"AEE","86.730","1","86.790","1","138","86.55","a96dee74-87b6-4513-97f7-a40b18606a18","2021-12-22 10:23:34.005"
"AEE","86.720","1","86.800","1","138","86.55","70d85ca2-ac76-4f08-952a-8fec5ecd4fd5","2021-12-22 10:23:34.005"
"AEE","86.560","1","86.620","2","-138","86.62","b4bfbb76-6024-45ea-a6bb-8439a93d94a4","2021-12-22 10:24:26.905"
"AEE","86.560","1","86.620","2","-138","86.62","671606af-8d3c-4dba-b392-e23d4ff9ac72","2021-12-22 10:24:26.905"
"AEE","86.560","1","86.620","2","-138","86.62","83fd5398-215d-44ba-8318-84d7685a9b82","2021-12-22 10:24:26.905"
"AEE","86.560","1","86.620","2","-138","86.62","c776b78e-662f-4093-aa2b-a749522d9eb6","2021-12-22 10:24:26.905"
"AEE","86.570","2","86.620","1","-138","86.62","2e058f46-5a37-4808-829e-613f51548637","2021-12-22 10:25:02.709"
"AEE","86.570","2","86.620","1","-138","86.62","184ce38e-5102-4c4e-9cc8-19590c0d439b","2021-12-22 10:25:02.709"
"AEE","86.570","2","86.620","1","-138","86.62","9bc6200d-f07e-4507-acb2-62359c9d6d65","2021-12-22 10:25:02.709"
"AEE","86.570","2","86.620","1","-138","86.62","2073a271-cf56-4733-9ae0-b0c03666d694","2021-12-22 10:25:02.709"
"AEE","86.610","1","86.640","3","-138","86.64","fc435c87-f2ea-4e32-87a0-373059612a60","2021-12-22 10:25:16.904"
"AEE","86.610","1","86.640","3","-138","86.64","d95afb31-87d1-462a-a08d-2efdf67fc669","2021-12-22 10:25:16.904"
"AEE","86.610","1","86.640","3","-138","86.64","498603a6-e61b-4443-8acc-ab0008bc05be","2021-12-22 10:25:16.904"
"AEE","86.610","1","86.640","3","-138","86.64","1bfed784-1f7b-4b43-9baf-5bf5aa8d0226","2021-12-22 10:25:16.904"
"AEE","86.660","3","86.700","1","-138","86.70","0c63ff2b-f9ee-4292-aaf8-eaf99473568b","2021-12-22 10:25:35.967"
"AEE","86.580","3","86.630","1","-138","86.63","de1a0e1f-815d-4de4-bc2d-742b48c2cf5f","2021-12-22 10:26:03.118"
"AEE","86.660","1","86.700","1","-138","86.70","6b7957bd-6535-459c-9235-59d05deb507e","2021-12-22 10:27:03.537"
"AEE","86.750","1","86.790","1","138","86.79","13a9940c-213f-4691-84be-f2ff2d2dee47","2021-12-22 10:29:40.006"
"AEE","86.640","2","86.710","1","-138","86.71","6d69eb88-a4d7-4276-bb0b-a946bca7830a","2021-12-22 10:34:03.188"
"AEE","86.710","2","86.760","1","138","86.68","d2627799-d1e8-498c-868c-4ce879e33836","2021-12-22 10:39:35.723"
"AEE","86.700","3","86.750","3","-138","86.75","5a716be4-cbc7-4f97-b6e5-4797bac95a0a","2021-12-22 10:41:39.226"
"AEE","87.180","3","87.230","1","137","87.17","c4473a01-793c-4d71-8237-e80a8da26014","2021-12-22 11:15:20.254"
"AEE","87.180","3","87.220","2","137","87.15","8ff4df31-94f8-4218-b5ec-dd5df95921d5","2021-12-22 11:16:26.778"
"AEE","87.180","5","87.220","2","137","87.15","f9d22cae-6608-4966-a541-74e332114575","2021-12-22 11:16:26.778"
"AEE","87.230","2","87.270","2","137","87.07","891154f6-9376-4553-ae50-80a70685577c","2021-12-22 11:18:56.080"
"AEE","87.140","1","87.200","1","137","87.07","d8590b8e-140d-4b06-b19e-734594d187b3","2021-12-22 11:18:56.080"
"AEE","87.070","1","87.100","1","-137","87.10","1e4d175c-228d-403a-a45d-b5d7507fd3fd","2021-12-22 11:25:13.867"
"AEE","87.070","1","87.100","1","-137","87.10","e693436a-45ed-4867-ab5f-16e8f3762420","2021-12-22 11:25:13.867"
"AEE","87.070","1","87.100","2","-137","87.10","77819005-aa11-47b7-9b32-0c077b415710","2021-12-22 11:25:13.867"
"AEE","87.070","1","87.100","2","-137","87.10","dfe5fc88-d5cc-42b0-b5d8-6a8e754a2015","2021-12-22 11:25:13.867"
"AEE","87.060","3","87.100","2","-137","87.10","bd65b6b3-7824-4285-8d0f-ebe72325f2c0","2021-12-22 11:25:13.867"
"AEE","87.230","2","87.280","3","137","86.99","2d4fc73a-b82b-42ec-836b-b16132201fa2","2021-12-22 11:42:26.363"
"AEE","87.220","1","87.270","3","137","86.99","7192c96f-b8c7-4e1e-acf0-0fe1ae11feb4","2021-12-22 11:42:26.363"
"AEE","86.970","1","87.010","1","-137","87.01","de3f8ab6-0557-4fec-bf56-0ac65cfa8582","2021-12-22 11:42:59.028"
"AEE","86.970","1","87.010","1","-137","87.01","e62bfbcc-eed7-46e7-a41c-44ecf9f85ed0","2021-12-22 11:42:59.028"
"AEE","87.230","2","87.280","3","137","86.95","ee7deaaa-7a07-42b7-8486-bbf7dbd4dd48","2021-12-22 11:45:45.173"
"AEE","86.940","1","86.980","3","-137","86.98","19b3b98e-7e70-4895-9a80-05175cad0788","2021-12-22 11:47:42.122"
"AEE","86.960","2","86.990","2","137","86.99","14515ba6-1420-4c20-a715-f25210d2cc82","2021-12-22 11:59:30.006"
"AEE","86.990","3","87.020","4","-137","87.02","3b58980a-8a25-496b-ab9a-6696a50fa42b","2021-12-22 12:07:17.494"
"AEE","87.110","6","87.170","1","137","87.08","f55d0412-88fd-43ae-b4bc-266d13c35e1d","2021-12-22 12:33:48.031"
"AEE","87.120","3","87.170","1","137","87.08","f4128f15-9507-4a59-8b50-6e706032e4f4","2021-12-22 12:33:48.031"
"AEE","87.080","1","87.110","2","-137","87.11","5ef1e605-8b07-4ee0-887f-949a2be11c21","2021-12-22 12:35:50.484"
"AEE","87.080","1","87.110","2","-137","87.11","2aed3654-af59-4ca2-a59c-42578fe4382b","2021-12-22 12:35:50.484"
"AEE","87.100","6","87.140","2","137","87.05","6369283d-3046-4806-ba22-6c12e5af8edc","2021-12-22 12:37:33.468"
"AEE","87.100","6","87.140","2","137","87.05","c52cd4ba-f2b0-45f2-a3fc-c629c20f1173","2021-12-22 12:37:33.468"
"AEE","87.100","2","87.130","1","137","87.05","57fb6827-3e2a-4fba-ae59-a16108b1d07c","2021-12-22 12:37:33.468"
"AEE","87.100","2","87.130","1","137","87.05","d5047fd4-7c6e-409c-80fe-a6c44b283ed2","2021-12-22 12:37:33.468"
"AEE","87.100","2","87.130","1","137","87.05","334b5465-ac6d-41ac-87de-7a1d9a3586d0","2021-12-22 12:37:33.468"
"AEE","87.110","7","87.160","1","137","87.05","7929991a-f7b8-421a-8749-a3a8a4fa1389","2021-12-22 12:37:33.468"
"AEE","87.110","7","87.160","1","137","87.05","278a7305-fc7f-4142-a075-94bd653ebe60","2021-12-22 12:37:33.468"
"AEE","87.110","7","87.160","1","137","87.05","a73419aa-3319-46e1-b5a9-4b806766b8d1","2021-12-22 12:37:33.468"
"AEE","87.120","3","87.170","1","137","87.05","1ef1b811-d2f2-4d75-98f2-df9c084c147b","2021-12-22 12:37:33.468"
"AEE","87.110","3","87.140","1","137","86.99","90962f45-d7cd-4b84-b591-c661819e10ec","2021-12-22 12:37:48.222"
"AEE","87.080","2","87.130","1","137","86.99","bbdc158b-fe3d-4c88-a71c-9769d2fc3596","2021-12-22 12:37:48.222"
"AEE","87.080","2","87.130","1","137","86.99","b3fdbb11-7f0c-4d50-8ad1-2c6a18ecd646","2021-12-22 12:37:48.222"
"AEE","87.010","1","87.060","1","-137","87.06","3d2596fc-2e15-446d-a4ec-4182dd506016","2021-12-22 12:39:01.401"
"AEE","87.010","1","87.060","1","-137","87.06","f7b2a76e-3b2f-46bc-9180-060b61f2d7c0","2021-12-22 12:39:01.401"
"AEE","87.010","1","87.060","1","-137","87.06","1a6b63be-70b3-4f84-a88b-67dd0533502b","2021-12-22 12:39:01.401"
"AEE","87.010","1","87.060","1","-137","87.06","06fdabb2-0f53-4498-8edd-ccae3e764a3c","2021-12-22 12:39:01.401"
"AEE","87.010","1","87.060","1","-137","87.06","8a5f631d-21a3-4ba5-ae0b-150586551da4","2021-12-22 12:39:01.401"
"AEE","87.010","1","87.060","1","-137","87.06","38cd74c5-6611-44cc-be56-b5daa03f90ae","2021-12-22 12:39:01.401"
"AEE","87.010","1","87.060","1","-137","87.06","4429178a-3c55-4484-b441-3806e60fcdf4","2021-12-22 12:39:01.401"
"AEE","87.010","1","87.060","1","-137","87.06","6bef191b-c0ab-457c-acdb-587eead6cf31","2021-12-22 12:39:01.401"
"AEE","87.010","1","87.060","1","-137","87.06","b4aa1d8e-1e3d-4d1f-853c-b223773763ee","2021-12-22 12:39:01.401"
"AEE","87.050","2","87.080","1","-137","87.08","d820b1a7-dc8c-4544-9729-a3a62f7476c0","2021-12-22 12:40:02.596"
"AEE","87.050","5","87.090","1","-137","87.09","ffbf60d6-c22a-4b70-a8bb-34f1404eb1c1","2021-12-22 12:40:56.211"
"AEE","87.050","4","87.090","1","-137","87.09","0ebd5370-636c-4523-a3d2-8236d2862d48","2021-12-22 12:41:08.433"
"AEE","86.950","1","86.990","2","138","86.86","2ae2e589-f1d7-430e-b38a-6a6ae15909a8","2021-12-22 13:35:48.024"
"AEE","86.900","3","86.930","1","-138","86.93","f76b6d7a-a97d-4f0c-a8c2-c5164058b84c","2021-12-22 13:37:30.904"
"AEE","86.920","1","86.970","5","138","86.89","b81909de-4839-424c-ba5a-8284f9b8b05d","2021-12-22 13:49:30.475"
"AEE","86.920","1","86.970","5","138","86.89","1c068e85-39a9-4b38-935e-c6ed44350046","2021-12-22 13:49:30.475"
"AEE","86.970","1","87.000","3","138","86.88","57e7a165-4eea-4a22-85a7-32e6f48674d7","2021-12-22 13:50:01.494"
"AEE","86.920","1","86.970","5","138","86.88","60a6ecb1-3220-4b36-8523-f3eb69f900a5","2021-12-22 13:50:01.494"
"AEE","86.920","3","86.960","3","138","86.84","cf08c9a0-0c6d-4baf-95f5-a9a118cae825","2021-12-22 13:50:58.395"
"AEE","86.940","3","86.990","10","138","86.84","bfbd2263-86d6-4d7a-a975-f0b8a5c2a7e8","2021-12-22 13:50:58.395"
"AEE","86.950","2","86.990","9","138","86.84","1299fc00-0321-4df9-9114-ddace8bab2b8","2021-12-22 13:50:58.395"
"AEE","86.950","2","86.990","9","138","86.84","647acc9e-d5fa-4d7d-90c5-0bb6f99ae33c","2021-12-22 13:50:58.395"
"AEE","86.970","3","87.000","2","138","86.84","af09fb9f-7a27-431d-8799-dbe6b4ea4e5b","2021-12-22 13:50:58.395"
"AEE","86.990","1","87.000","1","138","86.84","dfc38681-7379-45fe-8192-dfea57df2058","2021-12-22 13:50:58.395"
"AEE","86.980","1","87.000","3","138","86.84","fb9d952f-9157-4a83-afbe-3063e9452377","2021-12-22 13:50:58.395"
"AEE","86.890","4","86.920","2","138","86.79","41ac9757-8302-4aae-b64b-9f03989106f9","2021-12-22 13:55:01.014"
"AEE","86.740","3","86.780","2","-138","86.78","8105bdd7-3a89-4e10-9ba3-469186e2dafb","2021-12-22 14:02:09.227"
"AEE","86.740","3","86.780","2","-138","86.78","17a9d6e2-b0fd-4c4a-855e-23f885de48a9","2021-12-22 14:02:09.227"
"AEE","86.740","3","86.780","2","-138","86.78","3df3d13e-ac15-4715-990e-3f7990031297","2021-12-22 14:02:09.227"
"AEE","86.740","3","86.780","2","-138","86.78","2b3de7b9-ccc2-4b8b-a1fb-8897514818e0","2021-12-22 14:02:09.227"
"AEE","86.740","3","86.780","2","-138","86.78","89115cb6-f071-490b-9847-1fc47c624683","2021-12-22 14:02:09.227"
"AEE","86.740","3","86.780","2","-138","86.78","355d84d3-a92c-4948-a712-6d6d36bc8378","2021-12-22 14:02:09.227"
"AEE","86.750","2","86.780","2","-138","86.78","d0adbc8b-e4a9-40f9-a217-dc50aed3d77c","2021-12-22 14:02:13.519"
"AEE","86.750","2","86.780","2","-138","86.78","c7e2a07a-b6ae-47c1-9cdf-b9a3a492d7fa","2021-12-22 14:02:13.519"
"AEE","86.750","2","86.780","2","-138","86.78","46cb770c-fc84-4430-b06f-12e2ab7da48d","2021-12-22 14:02:13.519"
"AEE","86.720","2","86.760","2","-138","86.76","592919c8-e74e-44d3-8645-13a33690e14a","2021-12-22 14:06:11.329"
"AEE","86.720","2","86.760","2","-138","86.76","90ff9209-d288-40ac-ac3d-48c940d0661d","2021-12-22 14:06:11.329"
"AEE","86.730","2","86.760","1","-138","86.76","f8ef47e4-b9e3-4db8-a8ec-97dc0d5ada27","2021-12-22 14:10:01.098"
"AEE","86.730","2","86.770","1","138","86.74","17fd06a6-1c71-4be3-ac05-f8a83d005ce2","2021-12-22 14:20:46.122"
"AEE","86.720","1","86.740","4","-138","86.74","96e45fac-dac2-4639-9447-fcacc157e116","2021-12-22 14:28:10.095"
"AEE","86.740","2","86.770","2","138","86.74","de2c11c0-bbdc-4764-8df1-be31313d382b","2021-12-22 14:32:37.487"
"AEE","86.760","1","86.800","5","138","86.74","e7e792b0-459a-4535-92ac-fca77a8564a2","2021-12-22 14:32:37.487"
"AEE","86.760","1","86.800","5","138","86.74","2e92e075-c212-4823-a669-a9c27c49f940","2021-12-22 14:32:37.487"
"AEE","86.770","1","86.790","1","138","86.72","332a3e94-8744-4798-ae96-fa804f8ebf8e","2021-12-22 14:33:46.685"
"AEE","86.790","1","86.820","1","138","86.70","c5fe7f67-e69f-4fa0-bda1-3eb84544f497","2021-12-22 14:33:46.686"
"AEE","86.790","2","86.810","4","138","86.70","684fa7af-7f11-48ee-b0da-137c15e8bee4","2021-12-22 14:33:46.686"
"AEE","86.760","2","86.780","1","138","86.70","dbf72ed2-ae6a-4ae8-9f2c-8f4ebcfee357","2021-12-22 14:33:46.686"
"AEE","86.760","2","86.780","1","138","86.70","3253e754-648b-49aa-8579-5ba309fc9351","2021-12-22 14:33:46.686"
"AEE","86.720","3","86.740","1","-138","86.74","e7878c99-fb6e-435f-968a-4ae73233a91a","2021-12-22 14:37:50.356"
"AEE","86.760","1","86.820","3","138","86.58","f42e465c-9ee9-4d78-bfa2-8958bec9fb32","2021-12-22 14:41:41.218"
"AEE","86.740","4","86.780","1","138","86.58","fa6cb264-8812-4fac-80c4-7c86830b2824","2021-12-22 14:43:42.085"
"AEE","86.770","1","86.820","1","138","86.58","6b4a5bc4-be24-433c-9035-e7c23e26de9c","2021-12-22 14:43:42.085"
"AEE","86.770","1","86.820","1","138","86.58","3285db89-5ea8-41db-8675-f55ce5c23f3a","2021-12-22 14:43:42.085"
"AEE","86.790","1","86.840","1","138","86.58","8f00f174-5ad5-47c0-9f50-16b0048a5c6c","2021-12-22 14:43:42.085"
"AEE","86.790","1","86.840","1","138","86.58","5923d825-5f9b-432f-b81a-6a344fc93742","2021-12-22 14:43:42.085"
"AEE","86.790","1","86.840","1","138","86.58","d46997cd-2743-4d12-ac4a-ad0cc969b152","2021-12-22 14:43:42.085"
"AEE","86.820","1","86.880","2","138","86.58","e19b7b36-c0c3-4974-880c-2b03b4fe0fdd","2021-12-22 14:43:42.085"
"AEE","86.820","2","86.880","1","138","86.58","bce9ad09-96b4-49e9-9edf-bae145d06c61","2021-12-22 14:43:42.085"
"AEE","86.830","2","86.880","1","138","86.58","1c457aac-ef37-4e4a-a0ef-6868f51d7727","2021-12-22 14:43:42.085"
"AEE","86.800","1","86.850","3","138","86.58","8786b00b-dfcb-4acb-b7d9-44ccd33afd51","2021-12-22 14:43:42.085"
"AEE","86.500","3","86.530","3","-138","86.53","966e1156-67dd-4303-9eed-9aec5f3ce407","2021-12-22 14:45:55.252"
"AEE","86.560","1","86.570","1","-138","86.57","c5a50b12-91cc-4232-9c1d-1cdcca003877","2021-12-22 14:46:20.512"
"AEE","86.560","1","86.570","1","-138","86.57","2c1e0d8c-13e9-475e-a83d-cbbc95bd6b89","2021-12-22 14:46:20.512"
"AEE","86.560","1","86.570","1","-138","86.57","c70e4c59-2a18-4fb8-89a9-425e17032f6d","2021-12-22 14:46:20.512"
"AEE","86.560","1","86.570","1","-138","86.57","85c95707-cc3d-4390-9b1c-c519bc985b16","2021-12-22 14:46:20.512"
"AEE","86.560","1","86.570","1","-138","86.57","cb45ff45-97db-4f6b-b191-24175ec24b56","2021-12-22 14:46:20.512"
"AEE","86.560","1","86.570","1","-138","86.57","912ba1b2-677e-4376-b4b0-8f2e4be15afa","2021-12-22 14:46:20.512"
"AEE","86.560","1","86.570","1","-138","86.57","ef6f68b7-e769-4d7c-9878-eacab259baef","2021-12-22 14:46:20.512"
"AEE","86.560","1","86.570","1","-138","86.57","ec3f82b4-f3be-49d8-b3b5-85b8ff5059c0","2021-12-22 14:46:20.512"
"AEE","86.560","1","86.570","1","-138","86.57","38661dbb-819d-4418-a04f-387c9b5ebb0c","2021-12-22 14:46:20.512"
"AEE","86.540","1","86.570","1","-138","86.57","c8393a18-bc7a-440e-8676-f28e51e14808","2021-12-22 14:46:53.273"
"AEE","86.560","1","86.580","1","-138","86.58","ce28fda6-49ce-4529-9c29-cd05d3aac2ad","2021-12-22 14:47:04.811"
"AEE","86.560","1","86.580","1","-138","86.58","302110e3-0844-422a-b526-f2e83eccd997","2021-12-22 14:47:04.811"
"AEE","86.560","1","86.580","1","-138","86.58","bebf78e8-ad11-4ed3-9fb6-71b101a5763b","2021-12-22 14:47:04.811"
"AEE","86.560","1","86.580","1","-138","86.58","27790d76-d703-4d50-b511-463ea277fc5a","2021-12-22 14:47:04.811"
"AEE","86.560","1","86.600","3","-138","86.60","5e45121e-165c-404c-802c-400ee345d3ee","2021-12-22 14:48:05.104"
"AEE","86.560","1","86.610","4","-138","86.62","2b795cbf-eb40-441d-b549-1148d37b3763","2021-12-22 14:48:19.993"
"AEE","86.560","1","86.610","4","-138","86.62","bfdffbd6-3073-4652-8e83-9eeb551cfba4","2021-12-22 14:48:19.993"
"AEE","86.760","3","86.790","2","138","86.74","1d2263ce-f356-452a-a277-a12b306bc3e7","2021-12-22 15:16:18.344"
"AEE","86.760","3","86.780","2","138","86.74","a921857d-a1ac-4bc8-bce6-5c487dc0a2c8","2021-12-22 15:16:18.344"
"AEE","86.770","5","86.790","1","-138","86.81","61608222-0074-49cf-a44c-fe2202ad77c5","2021-12-22 15:19:00.254"
"AEE","86.790","3","86.830","2","-138","86.83","892ad6ff-d032-4479-9011-b4d69039bc1b","2021-12-22 15:19:16.537"
"AEE","86.770","1","86.800","2","138","86.72","94a9c682-6b77-4388-aceb-68c1e7a27ed6","2021-12-22 15:21:39.514"
"AEE","86.810","1","86.830","2","-138","86.83","62940a54-9f57-4afc-bed2-08fb5adb5748","2021-12-22 15:25:50.328"
"AGG","114.220","286","114.230","306","105","114.21","23845604-2517-4f98-9b79-1aee16348cdb","2021-12-22 10:32:25.257"
"AGG","114.220","142","114.230","325","105","114.21","60dd3619-c007-48fd-87b5-04d2ecdd3fdd","2021-12-22 10:32:25.257"
"AGG","114.190","102","114.200","355","-105","114.20","67a2565e-f4a7-4e11-b0b0-448fe92f29c8","2021-12-22 10:34:50.957"
"AGG","114.190","203","114.200","189","-105","114.20","49e30d19-6278-42e7-bc54-b2906ab91a11","2021-12-22 10:35:04.409"
"AGG","114.190","165","114.200","258","105","114.20","3c3d5910-91f8-49ca-b9bb-abe6146aeded","2021-12-22 10:43:10.006"
"AGG","114.210","57","114.220","418","-105","114.22","daaade89-9d1b-4fe7-bd3f-dac062b1f001","2021-12-22 10:49:51.313"
"AGG","114.290","114","114.300","270","105","114.27","e372b9fe-87cd-4819-8b4e-9bff49620ed5","2021-12-22 11:31:27.014"
"AGG","114.290","99","114.300","337","105","114.27","9b5f1f3f-2a12-4ece-b261-5f181bfe60ba","2021-12-22 11:31:27.014"
"AGG","114.270","275","114.280","218","-105","114.28","7f40f606-7811-4b5b-a2c1-14b6744a8f31","2021-12-22 11:33:53.944"
"AGG","114.270","364","114.280","90","-105","114.28","3221e7a1-0d73-49c0-9c03-964a212377f9","2021-12-22 11:34:12.023"
"AGG","114.270","361","114.280","180","105","114.26","ae3d8dda-4f43-4d88-ba43-ec5af4fd059e","2021-12-22 11:38:04.896"
"AGG","114.290","240","114.300","138","105","114.25","5f73af1a-4e15-4a11-81a9-a7d6f89f2155","2021-12-22 11:38:21.738"
"AGG","114.290","133","114.300","275","105","114.25","6ff937bb-421e-4ac7-a6c9-95c4e7200adf","2021-12-22 11:38:21.738"
"AGG","114.250","352","114.260","117","-105","114.26","b6f1a389-ed97-41de-88cc-95c54b28b597","2021-12-22 11:40:19.876"
"AGG","114.250","352","114.260","117","-105","114.26","d618683f-be72-4422-b847-4bcf322cc7d9","2021-12-22 11:40:19.876"
"AGG","114.250","341","114.260","147","-105","114.26","8037a142-3d9b-4d18-adf6-44f02486a5d0","2021-12-22 11:40:19.876"
"AGG","114.280","504","114.290","108","105","114.26","d2fe67e1-facc-4a3a-baa4-d498f4ae2b47","2021-12-22 12:12:55.111"
"AGG","114.280","486","114.290","115","105","114.26","9f42a1bc-8438-4d7f-b36d-0ce48bf11f70","2021-12-22 12:12:55.111"
"AGG","114.280","75","114.290","380","105","114.26","db791fa3-02ca-438a-808f-0c90398a32ca","2021-12-22 12:12:55.111"
"AGG","114.280","364","114.290","60","105","114.26","139006b4-59d6-4001-a75f-fa46e9011800","2021-12-22 12:12:55.111"
"AGG","114.280","77","114.290","309","105","114.26","dc025e00-ae01-49e5-9537-1118f7d800ec","2021-12-22 12:12:55.111"
"AGG","114.270","139","114.280","239","105","114.26","c2b04ad8-d9f5-4c24-b10a-8ab7b63ebaa4","2021-12-22 12:12:55.111"
"AGG","114.280","188","114.290","342","105","114.26","8354f88f-75dd-406c-b3d8-05ce426c7206","2021-12-22 12:12:55.111"
"AGG","114.270","238","114.280","158","105","114.26","267d4f07-caad-4ada-9348-c55549ae6e11","2021-12-22 12:12:55.111"
"AGG","114.270","142","114.280","245","105","114.26","6310b585-8e0b-470c-8fdb-d25668b1de38","2021-12-22 12:12:55.111"
"AGG","114.250","306","114.260","196","-105","114.26","5d3bc85f-ff1a-4e3d-9f49-1574002d8e21","2021-12-22 12:13:12.686"
"AGG","114.250","306","114.260","196","-105","114.26","b8fb4e32-cfa2-47c6-8f5f-67ddbbec51a5","2021-12-22 12:13:12.686"
"AGG","114.250","306","114.260","196","-105","114.26","bedc5e97-65f3-42ec-89f7-6b963aba5ec0","2021-12-22 12:13:12.686"
"AGG","114.250","306","114.260","196","-105","114.26","0b5f8d44-aff8-4868-a34e-3028f586e721","2021-12-22 12:13:12.686"
"AGG","114.250","306","114.260","196","-105","114.26","0459b5e7-2178-4a16-b2fc-b65d5de0392e","2021-12-22 12:13:12.686"
"AGG","114.250","435","114.260","46","-105","114.26","217ee441-cd70-448a-8578-49763f81226f","2021-12-22 12:13:20.591"
"AGG","114.250","435","114.260","46","-105","114.26","6d1f982a-3012-4b4e-b571-ab0bb5280d74","2021-12-22 12:13:20.591"
"AGG","114.290","89","114.300","487","105","114.25","0cac3351-a08c-47a7-905d-f55b8cf07461","2021-12-22 12:13:20.591"
"AGG","114.280","468","114.290","264","105","114.25","fa33cf37-f834-48a9-8d6d-9409f2ad11a4","2021-12-22 12:13:20.591"
"AGG","114.280","566","114.290","23","105","114.25","1311939d-5213-4bc9-96b7-53b262d978af","2021-12-22 12:13:20.591"
"AGG","114.290","112","114.300","363","105","114.25","0e1f6121-0ac2-49e8-b692-8682c2342aa2","2021-12-22 12:13:20.591"
"AGG","114.280","485","114.290","109","105","114.25","5574c926-d129-49a6-b2fe-350b4afbc49b","2021-12-22 12:13:20.591"
"AGG","114.250","263","114.260","168","-105","114.26","e160d7a5-2d43-43b7-814f-25bfd67f1f24","2021-12-22 12:13:40.499"
"AGG","114.250","107","114.260","263","-105","114.26","53001999-a403-402e-a58c-9295e0ac9560","2021-12-22 12:13:40.499"
"AGG","114.250","221","114.260","323","-105","114.26","d96730b6-19b1-4992-823d-bd04cf4304a7","2021-12-22 12:16:26.954"
"AGG","114.250","221","114.260","323","-105","114.26","8fc2638d-e059-4e2c-a541-abda68b5af37","2021-12-22 12:16:26.954"
"AGG","114.250","74","114.260","442","-105","114.26","5cef51ac-c326-4102-9ce7-b31fa53f3bf2","2021-12-22 12:16:26.954"
"AGG","114.250","74","114.260","442","-105","114.26","d0a05fd3-d94c-4ee1-8ae7-9a0ad8a0c2eb","2021-12-22 12:16:26.954"
"AGG","114.250","193","114.260","281","-105","114.26","5e0789cb-e97b-411e-83d5-a70ee1323c65","2021-12-22 12:16:26.954"
"AGG","114.270","124","114.280","384","105","114.27","e8717469-536e-48b7-80c4-ff2347de2f6d","2021-12-22 12:25:15.414"
"AGG","114.270","124","114.280","378","105","114.27","e0cce9b8-03c8-43af-be8c-e0a9010f809c","2021-12-22 12:25:15.414"
"AGG","114.270","124","114.280","378","105","114.27","10dff677-26af-466a-859c-442406438592","2021-12-22 12:25:15.414"
"AGG","114.270","278","114.280","119","105","114.27","bc66385e-fc08-4bd5-b8e3-27f03ee8639d","2021-12-22 12:25:15.414"
"AGG","114.270","288","114.280","56","105","114.27","696cd3c1-0b86-47df-b491-cc200b7ae54d","2021-12-22 12:25:15.414"
"AGG","114.270","290","114.280","59","105","114.27","5208f12d-4184-4a6e-a843-0691b7e0454e","2021-12-22 12:25:15.414"
"AGG","114.270","291","114.280","17","105","114.27","373a034f-fdc3-426f-817e-c9e1b174fd4d","2021-12-22 12:25:15.414"
"AGG","114.260","292","114.270","105","-105","114.27","b4e45a56-4f61-4f2c-8982-ee6cc3338007","2021-12-22 12:27:40.110"
"AGG","114.260","292","114.270","105","-105","114.27","ce4f679f-5869-4f16-9ea9-c487ffe4d1a0","2021-12-22 12:27:40.110"
"AGG","114.260","292","114.270","105","-105","114.27","6feefd71-dc62-4dd7-bd19-1a950d41f745","2021-12-22 12:27:40.110"
"AGG","114.260","292","114.270","105","-105","114.27","a2acc89b-2b44-45ee-a814-11ff1a959e8d","2021-12-22 12:27:40.110"
"AGG","114.260","164","114.270","188","-105","114.27","c52dbe9b-e48d-4a78-a376-d2a012d2938b","2021-12-22 12:28:36.387"
"AGG","114.260","164","114.270","188","-105","114.27","bf6b5a17-b8d4-4780-af25-1e9db8d26dba","2021-12-22 12:28:36.387"
"AGG","114.260","164","114.270","188","-105","114.27","1e96dc1e-37ba-4c83-9a41-d22880ec4efd","2021-12-22 12:28:36.387"
"AGG","114.290","134","114.300","304","105","114.27","d5f8ecd4-4682-4637-bbf0-4f61a27ccda4","2021-12-22 13:06:43.257"
"AGG","114.290","123","114.300","304","105","114.27","97a6739e-9702-4790-80f0-2e7041317b9e","2021-12-22 13:06:43.257"
"AGG","114.290","140","114.300","332","105","114.27","dae62d9a-7c3f-4a07-a36b-73117ff01c84","2021-12-22 13:06:43.257"
"AGG","114.290","124","114.300","350","105","114.27","145cd610-809d-4b2d-8c0f-566555b536a5","2021-12-22 13:06:43.257"
"AGG","114.290","124","114.300","350","105","114.27","8339a970-14fc-4b06-8fc1-c7a6ff14f5a0","2021-12-22 13:06:43.257"
"AGG","114.290","127","114.300","300","105","114.27","c946f225-0096-472b-8386-b1a1622171f6","2021-12-22 13:06:43.257"
"AGG","114.290","135","114.300","289","105","114.27","cb53d119-b09e-4cc0-a4c8-50996e6463cd","2021-12-22 13:06:43.257"
"AGG","114.290","135","114.300","289","105","114.27","f938c7ef-2a98-4419-a506-6be4c1a80910","2021-12-22 13:06:43.257"
"AGG","114.300","130","114.310","218","105","114.27","2b92f695-f243-4a6b-969c-8248387337a1","2021-12-22 13:06:43.257"
"AGG","114.300","213","114.310","150","105","114.27","12659f76-20fa-409e-b077-75cef5422d7e","2021-12-22 13:06:43.257"
"AGG","114.300","151","114.310","209","105","114.27","7517250b-c0a0-42a9-8815-89c76bf7cbed","2021-12-22 13:06:43.257"
"AGG","114.290","200","114.300","224","105","114.27","7dc4c42d-74c7-49d7-9c0e-bdbfa9e7ebd9","2021-12-22 13:06:43.257"
"AGG","114.290","82","114.300","259","105","114.27","0e98fad1-cc8a-44ed-8839-6fb4c35d068b","2021-12-22 13:06:43.257"
"AGG","114.290","100","114.300","487","105","114.27","a33bac15-780d-4be3-8f20-0740c1b1267c","2021-12-22 13:06:43.257"
"AGG","114.280","178","114.290","235","105","114.27","3f041adf-41ac-48a9-ae2b-0954079ae11f","2021-12-22 13:06:43.257"
"AGG","114.280","82","114.290","253","105","114.27","15dde48b-8b55-44f5-97dd-48895221b408","2021-12-22 13:06:43.257"
"AGG","114.270","380","114.280","123","-105","114.28","071eb716-6c35-489a-818a-8a32477e975a","2021-12-22 13:08:11.074"
"AGG","114.270","380","114.280","123","-105","114.28","aeed0cea-07ec-4cee-9ecd-d7a4096729bb","2021-12-22 13:08:11.074"
"AGG","114.270","380","114.280","123","-105","114.28","ca26dc7f-2aed-4266-b789-5f842437fc6f","2021-12-22 13:08:11.074"
"AGG","114.270","380","114.280","123","-105","114.28","d4d65a8e-60ec-4de1-9124-2e6fd7964944","2021-12-22 13:08:11.074"
"AGG","114.270","380","114.280","123","-105","114.28","4a1b76a7-3c66-4327-a45c-d895a7818fcd","2021-12-22 13:08:11.074"
"AGG","114.270","380","114.280","123","-105","114.28","9a7c1a55-f475-48c0-a837-455fed956f25","2021-12-22 13:08:11.074"
"AGG","114.270","380","114.280","123","-105","114.28","6e844289-a44e-4364-b771-de171f981b63","2021-12-22 13:08:11.074"
"AGG","114.270","380","114.280","123","-105","114.28","5ca84943-615e-4fc2-8f33-d5c9c1dd828e","2021-12-22 13:08:11.074"
"AGG","114.270","403","114.280","39","-105","114.28","2d98724c-1ead-4d45-a8db-05c7f5f9efbe","2021-12-22 13:08:24.927"
"AGG","114.270","403","114.280","39","-105","114.28","4811ba29-07d9-464c-9cfe-fffec77c291a","2021-12-22 13:08:24.927"
"AGG","114.270","403","114.280","39","-105","114.28","9766fba8-e8f5-42d6-a946-ff91cf728568","2021-12-22 13:08:24.927"
"AGG","114.270","403","114.280","39","-105","114.28","e64b2ff2-41f9-4ac8-8097-ac574fc0375e","2021-12-22 13:08:24.927"
"AGG","114.270","380","114.280","88","-105","114.28","8d5def0d-65b0-4083-b3cb-fe3e7dc8d11c","2021-12-22 13:08:33.848"
"AGG","114.270","380","114.280","88","-105","114.28","c67d4d06-1396-47a0-8891-a4095d740d08","2021-12-22 13:08:33.848"
"AGG","114.270","403","114.280","54","-105","114.28","f03d9949-2fd3-43bb-9e5b-406af5667a81","2021-12-22 13:08:45.798"
"AGG","114.270","403","114.280","54","-105","114.28","e31acb55-7b2a-48a7-b11e-8be4f9dc7a3a","2021-12-22 13:08:51.761"
"AGG","114.250","287","114.260","307","105","114.26","3642913c-6c75-4ccf-b624-53b25e5a6891","2021-12-22 13:29:40.006"
"AGG","114.260","537","114.270","80","-105","114.27","78888b73-3f04-477c-abda-cfc85581389e","2021-12-22 13:36:13.268"
"AGG","114.290","290","114.300","148","105","114.28","d44e8690-8b23-43b5-b131-23f371df4458","2021-12-22 14:14:15.968"
"AGG","114.290","290","114.300","148","105","114.28","819b6872-84b0-4c2e-a706-fc082c49fa44","2021-12-22 14:14:15.968"
"AGG","114.290","290","114.300","71","105","114.28","245a9800-3bfb-4be9-a4ea-0e41c7cd43ec","2021-12-22 14:14:15.968"
"AGG","114.290","290","114.300","41","105","114.28","af3cc0fb-3a1b-431e-853f-1d4165b7112e","2021-12-22 14:14:15.968"
"AGG","114.290","290","114.300","95","105","114.28","ae7c5a86-1c2d-465e-81f9-5046a46290dc","2021-12-22 14:14:15.968"
"AGG","114.290","214","114.300","223","105","114.28","d8864468-4977-42d9-bc57-df1794c09eed","2021-12-22 14:14:15.968"
"AGG","114.290","272","114.300","271","105","114.28","eec66be8-dbad-4f89-8a11-8acd1bc09853","2021-12-22 14:14:15.968"
"AGG","114.290","175","114.300","311","105","114.28","5f2139d9-eb45-4368-80cc-061d98855b71","2021-12-22 14:14:15.968"
"AGG","114.290","277","114.300","179","105","114.28","c38d00ea-8744-44e8-b487-03285749c9e1","2021-12-22 14:14:15.968"
"AGG","114.300","171","114.310","186","-105","114.31","2b1c9e39-0ef1-40e8-b279-baab7da050fb","2021-12-22 14:18:02.258"
"AGG","114.300","171","114.310","186","-105","114.31","e8f27756-d3ae-4a9c-a67a-aad2e801d4fc","2021-12-22 14:18:02.258"
"AGG","114.300","171","114.310","186","-105","114.31","bb917c7a-0b90-4df4-a74c-300fd13edef0","2021-12-22 14:18:02.258"
"AGG","114.300","168","114.310","226","-105","114.31","2851f183-2293-419d-b38a-ef9683a9961e","2021-12-22 14:18:16.501"
"AGG","114.300","168","114.310","226","-105","114.31","b36ca3ed-9e83-44fd-be79-13b3120e1537","2021-12-22 14:18:16.501"
"AGG","114.300","168","114.310","226","-105","114.31","be369c73-e55f-4dd0-b643-e129ff74bb42","2021-12-22 14:18:16.501"
"AGG","114.280","199","114.290","180","-105","114.29","735e94f7-0da1-4f1e-8b8a-cd37a243800d","2021-12-22 14:21:53.000"
"AGG","114.280","199","114.290","180","-105","114.29","85ba7ae0-f82a-4006-aee0-69470d3d748b","2021-12-22 14:21:53.000"
"AGG","114.280","199","114.290","180","-105","114.29","6288e18d-7379-42a3-9056-b9f75bff6bf5","2021-12-22 14:21:53.000"
"AGG","114.290","243","114.300","238","105","114.28","c40c17cc-fefd-4fbd-9434-037c2c338693","2021-12-22 14:33:28.983"
"AGG","114.290","368","114.300","171","105","114.28","aff9057e-9d70-4bfb-9a63-104c07efdfa3","2021-12-22 14:33:28.983"
"AGG","114.290","368","114.300","164","105","114.28","0edefce7-8e45-418b-9e77-8c35ce42b0b6","2021-12-22 14:33:28.983"
"AGG","114.290","368","114.300","165","105","114.28","9b318649-8215-43a5-881d-57e65f2edb39","2021-12-22 14:33:28.983"
"AGG","114.290","368","114.300","165","105","114.28","c4f458fc-0a57-4695-8511-140495629a78","2021-12-22 14:33:28.983"
"AGG","114.290","359","114.300","83","105","114.28","9c2f5bd5-6290-4c49-b101-d997fe4138a2","2021-12-22 14:33:28.983"
"AGG","114.290","359","114.300","43","105","114.28","856eca59-fc6b-4791-8a76-c9165d617f8b","2021-12-22 14:33:28.983"
"AGG","114.300","226","114.310","231","105","114.28","2fdc365d-20c1-458e-8d65-385ecac9d893","2021-12-22 14:33:28.983"
"AGG","114.300","63","114.310","409","105","114.28","f76ffc46-14e9-4c87-b1dd-eb2c4bc4bcf8","2021-12-22 14:33:28.983"
"AGG","114.300","63","114.310","439","105","114.28","469ed8af-f744-4932-a523-465ff60f1041","2021-12-22 14:33:28.983"
"AGG","114.300","59","114.310","436","105","114.28","9851ada9-3ada-4b37-b975-150350f85c9a","2021-12-22 14:33:28.983"
"AGG","114.280","38","114.290","320","-105","114.29","8d3e8eb6-d720-48a7-bdc5-ba250bbaae37","2021-12-22 14:37:22.637"
