"Symbol","Bid","Bid Sz","Ask","Ask Sz","Shares","Price","Order ID","Timestamp"
"AA","60.480","1","60.550","1","198","60.55","56b9b390-239a-4c2b-b1a9-99d5918b3c06","2022-01-19 10:01:30.006"
"AA","60.400","2","60.460","1","-198","60.46","88235eb0-df5a-40a4-8328-2c2efff8606e","2022-01-19 10:03:52.164"
"AA","60.400","1","60.480","1","197","60.48","ec87733d-db4c-41d0-a0f4-81d68cddbef3","2022-01-19 10:04:20.006"
"AA","60.380","1","60.420","1","-197","60.42","a73c2520-d13e-400d-8bd7-abade51f4d1a","2022-01-19 10:05:23.036"
"AA","60.520","1","60.570","3","199","60.22","f2cfe2e2-7e23-4348-9f1a-554b4ecd3866","2022-01-19 10:08:14.828"
"AA","59.990","1","60.050","1","-199","60.06","acc3a983-2bf9-4fd3-9f9a-198fcae351a3","2022-01-19 10:12:44.346"
"AA","59.510","1","59.550","1","201","59.42","cfab8580-3c7f-419c-914a-8f9d17d1d067","2022-01-19 11:18:11.835"
"AA","59.590","1","59.620","2","201","59.40","d99076e0-66bf-43d7-bec7-aa3e2e1ef74c","2022-01-19 11:18:11.839"
"AA","59.550","4","59.580","1","201","59.40","ebba8b8b-01e0-4f3e-9a54-84bee9bd62ac","2022-01-19 11:18:11.839"
"AA","59.530","1","59.560","1","201","59.40","86581328-9981-4393-bc62-c98b03e6271e","2022-01-19 11:18:11.839"
"AA","59.340","3","59.390","1","-201","59.40","1ebf25de-743d-43e6-8784-b47b999c2388","2022-01-19 11:18:41.254"
"AA","59.330","2","59.360","1","-201","59.36","d3f3161d-ccb5-455e-9613-194e7e51820e","2022-01-19 11:19:02.838"
"AA","59.350","30","59.380","1","-201","59.38","3e75775f-abf4-46d5-a412-f02e9ad325a3","2022-01-19 11:19:02.984"
"AA","59.350","30","59.380","1","-201","59.38","f8fd370c-dec5-48b9-8a97-753f8744731e","2022-01-19 11:19:02.984"
"AA","59.710","3","59.750","7","202","59.22","4e06e28d-9fc4-419f-a72e-aa3c80d80990","2022-01-19 11:23:41.234"
"AA","59.670","1","59.740","2","202","59.22","4e725b06-ea96-4462-b01e-a9a709425d4f","2022-01-19 11:23:41.234"
"AA","59.710","1","59.740","1","202","59.22","c5db4211-f04d-42e5-a02d-ee8c86b7bebf","2022-01-19 11:23:41.234"
"AA","59.190","1","59.240","1","-202","59.27","f5435f06-9195-4737-8cda-4d8fb685b44c","2022-01-19 11:24:34.250"
"AA","59.220","1","59.280","1","-202","59.28","31b23883-9973-486f-91ae-30a931190308","2022-01-19 11:25:07.260"
"AA","59.250","3","59.290","8","-202","59.31","7025cbfd-5bc5-41fc-8ba1-122e374d335e","2022-01-19 11:25:07.413"
"AA","59.620","1","59.680","2","201","59.51","ba06dcd9-c12a-4a80-8203-6e6060d3e333","2022-01-19 11:31:23.353"
"AA","59.540","2","59.570","3","201","59.51","6ee4c093-5b07-4c0c-a08f-e57526230d93","2022-01-19 11:31:23.353"
"AA","59.340","1","59.380","1","-201","59.38","bc13124b-9dfb-42f2-92d5-0976349dcd96","2022-01-19 11:36:34.800"
"AA","59.390","2","59.430","2","-201","59.43","0abc6caa-a8be-4ac7-ad36-e734a0181399","2022-01-19 11:36:45.646"
"AA","59.470","1","59.490","1","202","59.34","15b9a59c-f71e-496b-82cd-2d29e98eaf40","2022-01-19 11:39:10.662"
"AA","59.320","2","59.370","1","-202","59.37","ec2b815e-0fc5-443b-b583-23dce8386305","2022-01-19 11:39:31.004"
"AA","60.010","1","60.040","2","200","59.91","9df448be-6162-432f-a1a3-62a489a85e23","2022-01-19 12:21:47.729"
"AA","60.010","1","60.040","1","200","59.89","71daee44-534a-404c-80ec-64c9b7143705","2022-01-19 12:22:01.167"
"AA","60.040","1","60.060","1","200","59.89","6ae48485-2b89-4af5-8a73-9118f0bcdf41","2022-01-19 12:22:01.167"
"AA","59.990","2","60.040","3","200","59.89","9fe1dc7e-b66f-4057-a729-7443ef893e9c","2022-01-19 12:22:01.167"
"AA","59.980","1","60.030","1","200","59.89","662b5c6e-b990-439b-8502-cdbd3b9b8498","2022-01-19 12:22:01.167"
"AA","59.980","1","60.020","1","200","59.89","dd999669-e137-4088-85bb-0991c9a88f01","2022-01-19 12:22:01.167"
"AA","60.000","1","60.040","2","200","59.89","f6456b9c-bf3e-4b79-93b7-9709c9bb511f","2022-01-19 12:22:01.167"
"AA","59.990","1","60.020","2","200","59.89","e0757e2c-2c6e-43b4-ab03-b413236f70f1","2022-01-19 12:22:01.167"
"AA","59.990","2","60.030","1","200","59.89","ba5e9a3e-ecaf-4234-9096-0123a2f46d54","2022-01-19 12:22:01.167"
"AA","59.950","1","60.000","2","200","59.89","663823b1-368a-47d0-93b3-5640a3be4293","2022-01-19 12:22:01.167"
"AA","59.960","1","60.000","1","200","59.85","75d196f2-3d40-4352-94c3-aa26de3f7ffe","2022-01-19 12:22:13.113"
"AA","59.990","1","60.040","8","200","59.85","f84f71b2-9f0b-4bb8-ae1a-c11bb6541208","2022-01-19 12:22:13.113"
"AA","60.000","1","60.040","8","200","59.85","097860fb-3ee3-4266-9710-c4fdeac5000b","2022-01-19 12:22:13.113"
"AA","60.040","3","60.070","1","200","59.85","e1936340-9603-4924-a62d-963873def4b2","2022-01-19 12:22:13.113"
"AA","59.990","2","60.030","1","200","59.85","d2788ea0-939a-45f2-8a26-c2bb5d460abb","2022-01-19 12:22:13.113"
"AA","60.000","1","60.030","2","200","59.85","91e2f263-f8a5-4ee5-9efd-e1352a2e1102","2022-01-19 12:22:13.113"
"AA","59.970","1","60.010","2","200","59.85","3813b5e5-795f-4741-8fb5-7360f837bc14","2022-01-19 12:22:13.113"
"AA","59.760","5","59.790","2","-200","59.79","ef2c0b73-6f09-475e-88d5-d9e479c097ce","2022-01-19 12:22:33.885"
"AA","59.760","5","59.790","2","-200","59.79","6d22b9bc-8ac1-4817-963b-2886de418d39","2022-01-19 12:22:33.885"
"AA","59.760","5","59.790","2","-200","59.79","288d4538-c60d-4c6e-a9f8-5281079a619e","2022-01-19 12:22:33.885"
"AA","59.760","5","59.790","2","-200","59.79","79de6825-207e-4eee-be79-5b4664ccf96e","2022-01-19 12:22:33.885"
"AA","59.760","5","59.790","2","-200","59.79","bde4c5cf-0e59-4134-8bc7-0e7af238f0e9","2022-01-19 12:22:33.885"
"AA","59.760","5","59.790","2","-200","59.79","dddc3eea-1697-4c29-a251-7e46900e124a","2022-01-19 12:22:33.885"
"AA","59.810","2","59.850","7","-200","59.85","e6343732-fbdc-4b3a-ac32-df574cde952e","2022-01-19 12:22:51.596"
"AA","59.810","2","59.850","7","-200","59.85","756696ee-8077-4806-8a93-4b8bbb2c7fa5","2022-01-19 12:22:51.596"
"AA","59.810","2","59.850","7","-200","59.85","cce39492-2872-4529-9227-33e4e6af15dc","2022-01-19 12:22:51.596"
"AA","59.810","2","59.850","7","-200","59.85","182ecf7b-0167-463e-914d-6722a0640e10","2022-01-19 12:22:51.596"
"AA","59.810","2","59.850","7","-200","59.85","674c6a63-2336-4857-9374-c4ced4a4b800","2022-01-19 12:22:51.596"
"AA","59.810","2","59.850","7","-200","59.85","b97fd021-4189-4b39-a1ed-084727a57181","2022-01-19 12:22:51.596"
"AA","59.820","1","59.850","7","-200","59.85","9ef84cdf-df3b-4454-a68b-994f9823a64d","2022-01-19 12:22:51.596"
"AA","59.820","1","59.850","7","-200","59.85","06256a9a-beb8-47a9-be79-7520165b7f3f","2022-01-19 12:22:51.596"
"AA","59.820","1","59.850","7","-200","59.85","37dae525-57d8-43b9-9ec6-92ab0ac451c5","2022-01-19 12:22:51.596"
"AA","59.780","1","59.820","2","-200","59.82","979f8433-bb10-408b-b082-0cff87241830","2022-01-19 12:23:32.147"
"AA","59.800","7","59.840","1","-200","59.84","5b1cb221-53e7-42a1-987a-a8126fc5f72d","2022-01-19 12:23:36.419"
"AA","60.120","1","60.180","2","200","59.86","43a5afac-29e1-404a-a4d2-55bd7f6a80a7","2022-01-19 12:39:44.301"
"AA","60.120","1","60.180","4","200","59.86","fc7fccec-31af-429b-aeef-97c97bcd6cb9","2022-01-19 12:39:44.301"
"AA","60.120","2","60.180","4","200","59.86","ea008830-2661-4dfd-910d-89dead729881","2022-01-19 12:39:44.301"
"AA","60.030","1","60.090","14","200","59.86","db28db12-4f2e-4645-b461-b61178dff236","2022-01-19 12:39:44.301"
"AA","60.040","3","60.080","2","200","59.86","86834de7-5c09-4e6c-8333-39ee0c4f417c","2022-01-19 12:39:44.301"
"AA","59.860","1","59.900","1","-200","59.90","b110255b-758e-4c19-8924-d13c26ea6e86","2022-01-19 12:40:35.455"
"AA","59.860","1","59.900","1","-200","59.90","59240f4a-ee0c-45bc-aba9-688b254a4f2d","2022-01-19 12:40:35.455"
"AA","59.990","23","60.030","1","200","59.85","7de588cc-cca3-49e5-bdeb-b369ed0d1d90","2022-01-19 12:40:42.758"
"AA","60.100","1","60.140","1","200","59.85","e2b2413b-9a9d-453e-911d-13ea49eed767","2022-01-19 12:40:42.758"
"AA","60.170","1","60.200","3","200","59.85","8727577d-1dc0-4e94-a432-115bafc87c0b","2022-01-19 12:40:42.758"
"AA","60.170","2","60.200","3","200","59.85","ce58dd73-5958-4abb-8990-84c11fdb430f","2022-01-19 12:40:42.758"
"AA","60.100","5","60.140","1","200","59.85","8361f4c2-71d3-44b2-86a9-ab9ebfca3bd4","2022-01-19 12:40:42.758"
"AA","60.090","1","60.140","2","200","59.85","bd0ddeca-ec44-46bb-a53d-93d42329c4cf","2022-01-19 12:40:42.758"
"AA","59.840","1","59.870","1","-200","59.88","d8f66c5f-78b8-4d48-ab2f-b9f34b44420e","2022-01-19 12:40:50.953"
"AA","59.860","1","59.900","1","-200","59.90","80407863-e039-4282-92b2-7e36e1bcf15b","2022-01-19 12:40:50.959"
"AA","59.810","1","59.850","2","-200","59.85","c81eb133-3f96-4652-a7dc-cf7dc8d4147f","2022-01-19 12:41:14.058"
"AA","59.810","1","59.850","2","-200","59.85","f2181495-2138-43ff-a0ff-49619b785fdd","2022-01-19 12:41:14.058"
"AA","59.810","1","59.850","2","-200","59.85","78a612d9-86a6-44f6-8c99-2ae9760fba23","2022-01-19 12:41:14.058"
"AA","59.810","1","59.850","2","-200","59.85","b9bcbf86-1d67-4e3a-a02e-194571fcbaf7","2022-01-19 12:41:14.058"
"AA","59.820","1","59.850","1","-200","59.85","1cadf562-277a-4174-ad48-33389063414f","2022-01-19 12:41:20.042"
"AA","59.820","1","59.850","1","-200","59.85","6759f33c-9f68-49e3-a4f0-6d9c4ffae337","2022-01-19 12:41:20.042"
"AA","59.760","1","59.790","3","-200","59.79","a8faa929-6ee0-4ea8-9fab-12a9f0e611ad","2022-01-19 12:42:06.350"
"AA","60.110","1","60.150","6","199","60.07","a8d840f5-ed19-402f-b783-5a3a968e2838","2022-01-19 12:48:24.524"
"AA","60.130","1","60.170","1","199","60.07","0266e3ee-d2a7-44c3-93cd-649bda5e7965","2022-01-19 12:48:24.524"
"AA","60.110","2","60.140","30","-199","60.14","253959ca-ab40-4cb6-9472-015e6647ddea","2022-01-19 12:49:00.926"
"AA","60.130","1","60.160","1","-199","60.16","9a3b70db-2b73-44a3-8f13-f5ee25ea0b85","2022-01-19 12:49:36.002"
"AA","60.110","2","60.140","1","200","59.87","181ca05b-3216-4e7a-9ef4-4e87934bd6ec","2022-01-19 13:00:58.727"
"AA","59.920","1","59.990","3","-200","59.99","2ead98b3-34b8-4e55-9a73-9fae00a8d261","2022-01-19 13:01:43.981"
"AA","60.140","1","60.190","3","199","60.10","08d8659d-5a20-45d1-a9b1-0e0b6802e2df","2022-01-19 13:08:27.824"
"AA","60.210","2","60.280","1","199","60.03","709629f6-86ef-48b0-919c-eed3a4d07612","2022-01-19 13:08:42.994"
"AA","60.160","1","60.200","2","199","60.03","189ae3d7-61f6-4eed-b939-a059e21b8843","2022-01-19 13:08:42.994"
"AA","60.180","1","60.230","1","199","60.03","a3dfa33f-de01-4b54-a99c-4c9a71edff6c","2022-01-19 13:08:42.994"
"AA","60.180","1","60.230","1","199","60.03","4589f15c-218e-483d-8ffa-5330157b8727","2022-01-19 13:08:42.994"
"AA","60.120","1","60.170","1","-199","60.17","1967e25b-3699-4b1c-9715-9885d2659983","2022-01-19 13:10:21.875"
"AA","60.180","1","60.220","6","-199","60.22","5ab5c9dd-3521-4ed7-aac4-6554e0486738","2022-01-19 13:10:39.319"
"AA","60.180","1","60.220","6","-199","60.22","72492288-2379-4242-b7c0-74a1d0155bfc","2022-01-19 13:10:39.319"
"AA","60.180","2","60.220","6","-199","60.23","fb6b8409-5d0d-4058-8c23-cf8719f6acf7","2022-01-19 13:10:41.995"
"AA","60.220","1","60.260","1","-199","60.28","439c0dac-d914-4654-ba5c-a2fb87bdd87e","2022-01-19 13:10:50.372"
"AA","60.340","4","60.390","1","199","60.20","87b2acda-cb6d-433f-806c-365c44b14c2d","2022-01-19 13:28:18.310"
"AA","60.340","3","60.370","1","199","60.09","28f53cca-dd9b-4d5a-91a5-ebbe7ddb5090","2022-01-19 13:29:24.368"
"AA","60.340","1","60.370","1","199","60.09","c962ae36-756d-49cf-a174-75faf1e2b245","2022-01-19 13:29:24.368"
"AA","60.350","2","60.400","8","199","60.09","0ad6459c-f02b-4ab6-b240-9a1dacc0a873","2022-01-19 13:29:24.368"
"AA","60.350","2","60.380","1","199","60.09","c2b533ab-46e9-4554-bade-f87573a5c673","2022-01-19 13:29:24.368"
"AA","60.420","2","60.440","1","199","60.01","c3c37270-e23f-42ee-a9f2-5c4b91e68c69","2022-01-19 13:30:11.069"
"AA","60.360","1","60.400","1","199","60.01","3d94b3f4-1505-4bfa-90a7-21f3a86ac278","2022-01-19 13:30:11.069"
"AA","60.370","1","60.410","1","199","60.01","0a0183d7-063b-48bd-b308-c6f2489b0c30","2022-01-19 13:30:11.069"
"AA","60.050","2","60.120","1","-199","60.13","da9f012e-63f1-4b9b-9334-36bb93b914ca","2022-01-19 13:30:30.217"
"AA","60.050","2","60.120","1","-199","60.13","199dede3-947a-48ac-8732-286c7fe1b8d0","2022-01-19 13:30:30.217"
"AA","60.050","2","60.120","1","-199","60.13","dca04927-57d6-4dbf-956a-83e039c1a2af","2022-01-19 13:30:30.217"
"AA","60.050","2","60.120","1","-199","60.13","bc9ca1d5-1c5f-45e5-8f0f-f9e6da02af62","2022-01-19 13:30:30.217"
"AA","60.090","14","60.130","8","-199","60.13","d1976688-a9ca-4e3b-a592-fbabb9485800","2022-01-19 13:30:41.236"
"AA","60.090","14","60.130","8","-199","60.13","9a19c54e-b40b-4be7-b636-84de6ebdeda8","2022-01-19 13:30:41.236"
"AA","60.120","1","60.160","1","-199","60.16","0a451706-ee61-40ae-b6eb-71019e08d035","2022-01-19 13:30:59.622"
"AA","60.130","1","60.170","1","-199","60.17","0c99270c-2d7d-49a2-aed7-759a3eab8bf6","2022-01-19 13:31:02.171"
"AA","60.410","1","60.450","13","198","60.31","e2dc34f6-8dc9-4a16-a391-61e8b3b71ce4","2022-01-19 13:35:53.311"
"AA","60.430","2","60.470","1","199","60.25","b01c9d89-9023-4d03-83e3-93f4c8d8b18f","2022-01-19 13:36:25.900"
"AA","60.460","1","60.480","1","199","60.25","1257580f-16f6-4953-9033-9148efeb5ccc","2022-01-19 13:36:25.900"
"AA","60.440","1","60.470","1","199","60.25","3a20572f-5fe4-4896-ad83-194309ae8dd2","2022-01-19 13:36:25.900"
"AA","60.440","1","60.490","1","199","60.25","fbecb53c-666a-48b5-a63b-00df731aded9","2022-01-19 13:36:25.900"
"AA","60.430","1","60.450","12","199","60.25","965f5685-0ff9-44f8-a862-fdcbfa0a6316","2022-01-19 13:36:25.900"
"AA","60.330","2","60.360","1","199","60.21","2bbd10c4-3e0e-4a56-9bf1-c26fbe362447","2022-01-19 13:37:05.458"
"AA","60.350","1","60.400","1","199","60.21","48ca93db-ce20-470b-85c8-7713cc1d31e9","2022-01-19 13:37:05.458"
"AA","60.170","1","60.190","2","-199","60.19","17dd7a66-c9ba-4b4e-aa4f-c41bd463447c","2022-01-19 13:37:57.019"
"AA","60.170","1","60.190","2","-199","60.19","81f929cd-b8ec-4a67-ba0f-dc2e1ea6f03b","2022-01-19 13:37:57.019"
"AA","60.070","2","60.120","1","-199","60.12","1abac693-0438-4b0c-8bd2-cb14fc8cc05b","2022-01-19 13:38:13.794"
"AA","60.070","2","60.120","1","-199","60.12","36168eb0-f571-4bda-911c-7543c5ffa13b","2022-01-19 13:38:13.794"
"AA","60.150","1","60.190","1","-198","60.19","de523010-b36f-4030-82a9-badbed3e8c89","2022-01-19 13:38:22.308"
"AA","60.150","1","60.190","1","-199","60.19","0fc8a8b8-3c51-47e0-9f1c-e49025679fb8","2022-01-19 13:38:22.308"
"AA","60.220","2","60.240","3","-199","60.24","1af190af-f006-448b-ac4a-a3f122708f9a","2022-01-19 13:38:30.339"
"AA","60.220","2","60.240","2","-199","60.24","0b9a226f-cd97-488b-917e-d686a7e03fb3","2022-01-19 13:38:44.120"
"AA","60.190","3","60.230","2","199","60.22","c6920b99-01e6-481b-90b3-b1260209399e","2022-01-19 14:02:12.562"
"AA","60.170","4","60.210","1","199","60.15","95092a2b-6f02-43e8-8e2c-2da41e2786b2","2022-01-19 14:03:12.487"
"AA","60.170","2","60.200","1","199","60.15","728b4a3a-9f87-4ed5-9206-8192574b6952","2022-01-19 14:03:12.487"
"AA","60.290","2","60.320","1","199","60.15","8533c78a-b0db-4a4c-ba30-6a79359ebd5c","2022-01-19 14:03:12.487"
"AA","60.290","2","60.320","1","199","60.15","cb3776bd-1933-4fee-887a-534c2a568c50","2022-01-19 14:03:12.487"
"AA","60.180","1","60.220","1","199","60.15","7fa67a18-72dc-466c-baec-671bb9be2fb5","2022-01-19 14:03:12.487"
"AA","60.020","1","60.060","1","-199","60.06","29a96c1e-12f5-4567-935f-ed9fc5748ad7","2022-01-19 14:05:59.973"
"AA","60.020","1","60.060","1","-199","60.06","b88e1515-9960-4443-acef-2e5748510637","2022-01-19 14:05:59.973"
"AA","60.040","1","60.060","1","-199","60.06","c1c85e81-b383-45ba-8923-594edb3d06cf","2022-01-19 14:06:01.976"
"AA","59.910","3","59.940","1","-199","59.94","ed291cff-0d1d-43c7-a593-d4ee6defdf90","2022-01-19 14:06:53.998"
"AA","59.910","3","59.940","1","-199","59.94","9e63767b-a601-40f5-a5a4-a18812c7b1ea","2022-01-19 14:06:53.998"
"AA","59.910","3","59.950","1","-199","59.95","749e0b47-dd91-403a-b449-3ffcc3abab67","2022-01-19 14:07:00.541"
"AA","59.910","1","59.950","1","200","59.92","92aa76b5-8840-4928-bfc1-492251e08765","2022-01-19 14:23:11.308"
"AA","59.890","1","59.930","2","-200","59.93","ef102d0c-b18f-4c74-a380-ed6ba1e24d99","2022-01-19 14:28:06.360"
"AA","59.990","12","60.000","2","200","59.86","94a81de3-4923-493c-8763-4c95503b403a","2022-01-19 15:16:09.338"
"AA","59.970","1","59.990","1","200","59.86","59d7b582-2e5c-4cea-a61d-1b6b9c8adc4e","2022-01-19 15:16:09.338"
"AA","59.890","3","59.920","1","-200","59.92","2e78f144-9a01-44f8-bdc5-c7a571eb8032","2022-01-19 15:16:30.185"
"AA","59.910","1","59.940","1","-200","59.95","364ff4a3-ed7e-4da7-ba73-a0e0f69bc782","2022-01-19 15:16:42.455"
"AA","59.960","3","59.990","9","200","59.79","1a2db20f-3bb3-495f-b2e0-af3724857d13","2022-01-19 15:17:56.131"
"AA","59.980","3","60.000","1","200","59.79","98c7e943-41f5-41b6-b7c7-2fac1a1ed4eb","2022-01-19 15:17:56.131"
"AA","60.000","1","60.020","2","200","59.79","9d05e8f2-d131-4d55-879e-1a84cafb2839","2022-01-19 15:17:56.131"
"AA","59.970","1","59.990","3","200","59.79","0fe770b6-c4ac-42a3-926b-2fda0cfe0cf8","2022-01-19 15:17:56.131"
"AA","59.800","2","59.820","1","-200","59.82","81d9e9c9-48a4-45bf-b4c8-68d536af4343","2022-01-19 15:18:31.541"
"AA","59.800","2","59.820","1","-200","59.82","dffa3fc7-545d-448e-a4cd-ac5569081d47","2022-01-19 15:18:31.541"
"AA","59.820","2","59.850","1","-200","59.85","27d31ecb-fa80-4833-8bbd-87494ec849e9","2022-01-19 15:18:44.108"
"AA","59.840","1","59.860","2","-200","59.86","ca2cfaa6-5e98-4401-b43e-af59dbc4e31b","2022-01-19 15:18:54.276"
"AA","59.960","3","59.990","10","200","59.85","a3e0e25a-b00e-453e-8265-c318f7c32bf4","2022-01-19 15:25:03.852"
"AA","59.940","1","59.960","2","200","59.85","f73be708-0440-4b5e-a0ee-2174b18c6d8b","2022-01-19 15:25:03.852"
"AA","59.950","2","59.970","1","200","59.85","dbe4a10f-a0ae-424b-9c9f-c5b0d557f589","2022-01-19 15:25:03.852"
"AA","59.920","1","59.940","2","200","59.85","c3c2cf3b-0c9e-4903-a2cb-ce2c4732aec1","2022-01-19 15:25:03.852"
"AA","59.940","3","59.970","1","200","59.85","fab8798e-830c-4a04-a93f-2ecb9c8a72ad","2022-01-19 15:25:03.852"
"AA","59.910","1","59.930","1","200","59.85","dd191b61-4911-4081-b89f-12dc17f1b0a5","2022-01-19 15:25:03.852"
"AA","59.860","2","59.880","1","-200","59.88","96a7bc80-03a0-42f2-b4bb-a4281f453cac","2022-01-19 15:25:30.138"
"AA","59.860","2","59.880","1","-200","59.88","63b0f7df-2e53-4fe7-9ad2-b9f2463b3e0c","2022-01-19 15:25:30.138"
"AA","59.860","2","59.880","1","-200","59.88","9f78d82b-676a-4db0-b363-4ba405f35c40","2022-01-19 15:25:30.138"
"AA","59.840","1","59.870","2","-200","59.87","449d0b4b-abc1-496c-b4fc-4efe0e46311b","2022-01-19 15:25:44.075"
"AA","59.840","1","59.870","2","-200","59.87","229de0a6-7954-444d-9649-90a016242b01","2022-01-19 15:25:44.075"
"AA","59.770","2","59.800","1","-200","59.80","e8ebc5ab-c3db-41c4-b032-89e06946597c","2022-01-19 15:27:13.273"
"AA","59.960","1","59.990","1","200","59.75","cd78675e-6395-47db-9469-597322beefa7","2022-01-19 15:27:21.667"
"AA","59.960","2","59.980","10","200","59.75","0d50d113-92bf-4911-8c60-ce9b55b309e1","2022-01-19 15:27:21.667"
"AA","59.940","2","59.960","1","200","59.75","98e35bb1-dfe3-4a76-8f9b-378073cffe23","2022-01-19 15:27:21.667"
"AA","59.900","30","59.940","4","200","59.75","df89d682-9b4c-4e8d-834d-be7b3c65ce55","2022-01-19 15:27:21.667"
"AA","59.740","8","59.770","1","-200","59.77","826613d1-24d0-4443-af8e-dcf0bb716390","2022-01-19 15:28:10.086"
"AA","59.760","1","59.780","2","-200","59.78","5d9ccdc9-e529-4a94-bb06-55f13578e8e3","2022-01-19 15:28:10.087"
"AA","59.760","1","59.780","2","-200","59.78","304081e9-943b-458f-aaa2-76f1b47c3c3b","2022-01-19 15:28:10.087"
"AA","59.780","2","59.790","1","-200","59.80","86df1acb-111a-4e69-bbe6-bb76ea38f211","2022-01-19 15:28:20.041"
"AA","59.980","3","60.000","3","200","59.70","58e58b11-15d5-47b6-81e7-c9ed5b2ed520","2022-01-19 15:29:20.099"
"AA","59.710","3","59.730","2","-200","59.73","f920831b-f897-4d9d-8c88-fa3b742e0c72","2022-01-19 15:29:50.605"
"AG","11.940","18","11.950","25","1,013","11.84","56259eb3-a04e-4b07-a393-1363b118adc8","2022-01-19 12:39:03.064"
"AG","11.920","12","11.930","29","1,013","11.84","3c556a6b-3501-4144-b298-9bf0face69b2","2022-01-19 12:39:03.064"
"AG","11.920","27","11.930","17","1,013","11.84","97846e57-6fe0-403d-b0bd-efb1d0cc7c72","2022-01-19 12:39:03.064"
"AG","11.930","19","11.940","57","1,013","11.84","70bb025e-4276-414e-b2d1-45446493fc10","2022-01-19 12:39:03.064"
"AG","11.920","35","11.930","27","1,013","11.84","0fbf7c75-0fc8-4a4e-8307-af5cb575d895","2022-01-19 12:39:03.064"
"AG","11.920","22","11.930","27","1,013","11.84","20b9df60-032b-4ff1-add1-1e853bb2706c","2022-01-19 12:39:03.064"
"AG","11.920","24","11.930","27","1,013","11.84","ab6a064b-ab6d-4aea-a345-161c0f5536b3","2022-01-19 12:39:03.064"
"AG","11.920","7","11.930","64","1,013","11.84","44600b7d-6094-46c3-9c1e-1d72d3b667d0","2022-01-19 12:39:03.064"
"AG","11.850","25","11.860","13","1,013","11.84","7d87c7a4-2837-4f6e-a040-4a1046234c72","2022-01-19 12:39:03.064"
"AG","11.820","15","11.830","25","-1,013","11.83","7cd60bdf-d16f-484d-90b1-715f62f2c5b3","2022-01-19 12:39:50.471"
"AG","11.820","15","11.830","25","-1,013","11.83","6581ae03-700c-4d67-8c4e-37790043d9cc","2022-01-19 12:39:50.471"
"AG","11.820","15","11.830","25","-1,013","11.83","fb37fe7f-eedd-40bb-99b1-82545d402936","2022-01-19 12:39:50.471"
"AG","11.820","15","11.830","25","-1,013","11.83","a3eb33e4-c9cf-46bc-808e-782e34a4b687","2022-01-19 12:39:50.471"
"AG","11.820","15","11.830","25","-1,013","11.83","9c62880c-4e91-4e9d-89bb-43d92679967e","2022-01-19 12:39:50.471"
"AG","11.820","10","11.830","40","-1,013","11.83","72665823-7a16-4215-8aec-911108079a98","2022-01-19 12:39:50.471"
"AG","11.820","10","11.830","40","-1,013","11.83","dd6220fc-466f-4fd6-a8ed-8d920bf4e20c","2022-01-19 12:39:50.471"
"AG","11.820","7","11.830","53","-1,013","11.83","8c65d203-247c-4697-8f67-5c5aa3b306e3","2022-01-19 12:39:50.471"
"AG","11.820","14","11.830","31","-1,013","11.83","d566226b-207d-4185-bfbe-7a6336053e13","2022-01-19 12:39:50.471"
"AG","11.870","41","11.880","29","1,009","11.88","2c0c41de-bbba-4b74-b59a-b0a7af45f965","2022-01-19 12:53:10.006"
"AG","11.840","30","11.850","19","-1,009","11.85","40c8e14d-f40c-4147-ac9c-622e9032ed3e","2022-01-19 12:55:21.738"
"AG","11.820","19","11.830","30","1,017","11.78","23d322f0-d703-47c1-8c9c-ce23ea2190af","2022-01-19 13:09:12.506"
"AG","11.830","4","11.840","45","1,018","11.78","fc3b7e6d-40fe-4f55-bd34-caa817ea1dc6","2022-01-19 13:09:12.506"
"AG","11.810","37","11.820","32","1,017","11.78","93ddccad-a1e5-43a0-a806-989b8b364da3","2022-01-19 13:09:12.506"
"AG","11.790","39","11.800","17","-1,017","11.80","24810fd9-8ea1-4f82-a2d0-d52ef3a8e442","2022-01-19 13:09:44.420"
"AG","11.790","39","11.800","17","-1,018","11.80","e0ff6328-6b75-4052-bbfa-2deb1d1fa549","2022-01-19 13:09:44.420"
"AG","11.790","37","11.800","53","-1,017","11.80","d156ec57-155c-4ac2-b98a-4124dae7f5b4","2022-01-19 13:09:56.113"
"AG","11.840","57","11.850","24","1,015","11.82","b295342e-121d-4809-bc48-5234c57a29cb","2022-01-19 13:18:21.696"
"AG","11.830","15","11.840","64","-1,015","11.84","e702dbc5-5164-467c-ac5b-e631f31cfaa9","2022-01-19 13:20:48.169"
"AG","11.840","25","11.850","31","1,017","11.80","e5cd01dc-7fce-435c-b5da-71b4890df1d5","2022-01-19 13:36:45.902"
"AG","11.840","16","11.850","31","1,017","11.80","4d887876-4463-4cb0-b620-4533ffa1aa40","2022-01-19 13:36:45.902"
"AG","11.830","30","11.840","13","1,017","11.80","8c2bb73e-e35e-40a4-9d67-d3a9626a0b7d","2022-01-19 13:36:45.902"
"AG","11.840","32","11.850","20","1,017","11.80","4afef13d-67b9-4c94-aa1a-f7c033a22266","2022-01-19 13:36:45.902"
"AG","11.840","6","11.850","44","1,017","11.80","dd3d0125-95b8-4501-97f5-b285d7319cfb","2022-01-19 13:36:45.902"
"AG","11.840","26","11.850","10","1,017","11.80","b171695a-fe4e-4f2f-8a18-b7915f635e9a","2022-01-19 13:36:45.902"
"AG","11.840","52","11.850","1","1,017","11.80","9c1ac6b7-a308-4021-a14f-7a97b5d57ef7","2022-01-19 13:36:45.902"
"AG","11.840","26","11.850","32","1,016","11.80","d1eb7fef-cf87-467b-9f58-9629613f4799","2022-01-19 13:36:45.902"
"AG","11.840","34","11.850","15","1,017","11.80","5b775e7a-ca28-4c30-93de-580900f01b0e","2022-01-19 13:36:45.902"
"AG","11.850","13","11.860","36","1,017","11.79","1bfc33b6-9e85-4691-8703-7896b8852576","2022-01-19 13:37:32.577"
"AG","11.850","38","11.860","40","1,017","11.79","fb25bc94-1b78-4f45-bcc2-594ce2107a6b","2022-01-19 13:37:32.577"
"AG","11.760","12","11.770","26","-1,017","11.77","46f4ab07-eac8-4f12-9c91-bf126b775328","2022-01-19 13:38:14.766"
"AG","11.760","12","11.770","26","-1,017","11.77","bbbd6346-3149-4c90-8e74-e5075e048abb","2022-01-19 13:38:14.766"
"AG","11.760","12","11.770","26","-1,017","11.77","7cb7c8fc-bf5d-40c0-9777-6344c0efd35e","2022-01-19 13:38:14.766"
"AG","11.760","12","11.770","26","-1,017","11.77","eb590ce9-6d53-4592-9015-256df55e47a6","2022-01-19 13:38:14.766"
"AG","11.770","30","11.780","31","-1,017","11.78","2394b316-622d-4d1f-94e3-34714ff68933","2022-01-19 13:38:22.367"
"AG","11.770","30","11.780","31","-1,017","11.78","e0cf4c6e-9c9b-4288-8acc-34f856de0d84","2022-01-19 13:38:22.367"
"AG","11.770","30","11.780","31","-1,016","11.78","f80fb800-a3fb-4b2d-8580-c8f5f83b6ae7","2022-01-19 13:38:22.367"
"AG","11.770","30","11.780","31","-1,017","11.78","7c1510a1-832c-466c-9afa-69218df50de3","2022-01-19 13:38:22.367"
"AG","11.770","17","11.780","29","-1,017","11.78","559c23d7-50c8-412c-8430-774933c3dce6","2022-01-19 13:39:59.601"
"AG","11.760","19","11.770","19","-1,017","11.77","2127a2e0-9086-4552-bf65-fbf39cef928c","2022-01-19 13:40:30.408"
"AG","11.770","17","11.780","41","-1,017","11.78","fae399eb-a212-4d8b-b847-65642e74e7ea","2022-01-19 13:45:24.768"
"AG","11.780","31","11.780","1","1,014","11.78","832d5263-b4f3-49cf-abba-9795dd28b055","2022-01-19 13:49:20.006"
"AG","11.800","68","11.810","26","-1,014","11.81","50181869-2db0-46ce-afda-e8eba83f43df","2022-01-19 13:59:03.282"
"AG","11.880","57","11.890","44","1,019","11.77","b7e07d27-356f-4dda-b875-11db45d89716","2022-01-19 14:27:29.037"
"AG","11.870","76","11.880","3","1,019","11.77","8ee085dd-aeaa-401d-bcc7-e97c37fbca7b","2022-01-19 14:27:29.037"
"AG","11.870","64","11.880","5","1,019","11.77","96b2b935-6365-4321-ac79-b6b531e44344","2022-01-19 14:27:29.037"
"AG","11.820","13","11.830","40","1,019","11.77","479257c7-b6c5-4aa8-86cf-512a56d6bb24","2022-01-19 14:27:29.037"
"AG","11.830","22","11.840","29","1,019","11.77","19a809b4-d2ad-445f-9ff5-dfa0d5804562","2022-01-19 14:27:29.037"
"AG","11.820","38","11.830","27","1,019","11.77","882c2684-2a74-40d5-87db-2063dd1722da","2022-01-19 14:27:29.037"
"AG","11.820","38","11.830","17","1,019","11.77","d80367fe-e632-4c3c-a266-364e3ae08ba6","2022-01-19 14:27:29.037"
"AG","11.820","38","11.830","18","1,019","11.77","9dc415c1-08d4-4419-90d9-a20e12cd7d0a","2022-01-19 14:27:29.037"
"AG","11.820","38","11.830","18","1,019","11.77","3bcc37aa-a644-4a4d-b8bc-f12496448271","2022-01-19 14:27:29.037"
"AG","11.790","15","11.800","27","1,019","11.77","692fedcb-ea1e-48ac-b52d-892d3960e816","2022-01-19 14:27:29.037"
"AG","11.790","28","11.800","9","1,019","11.77","f6bb89d0-ce14-4317-baeb-302e7797dace","2022-01-19 14:27:29.037"
"AG","11.730","54","11.740","12","-1,019","11.74","21bfb844-9c1f-448d-a687-70c6a8ed1a0f","2022-01-19 14:28:11.803"
"AG","11.730","54","11.740","12","-1,019","11.74","789cd944-2307-4cbd-b158-84be710aa8f8","2022-01-19 14:28:11.803"
"AG","11.730","54","11.740","12","-1,019","11.74","893eaa14-3996-45c7-812e-69042b84a088","2022-01-19 14:28:11.803"
"AG","11.730","54","11.740","12","-1,019","11.74","602eee4c-b7de-4a09-a102-102bc490a581","2022-01-19 14:28:11.803"
"AG","11.730","54","11.740","12","-1,019","11.74","d6345e10-00f1-437f-9acb-2f3591298119","2022-01-19 14:28:11.803"
"AG","11.730","54","11.740","12","-1,019","11.74","6fb9de53-8944-4dd0-a856-f8e09fcfdaa9","2022-01-19 14:28:11.803"
"AG","11.730","14","11.740","29","-1,019","11.74","797e914f-547c-41c2-8a3b-0d3e080db612","2022-01-19 14:28:11.803"
"AG","11.730","14","11.740","29","-1,019","11.74","6f7e0771-86c5-4d2d-82e9-7796e40009c7","2022-01-19 14:28:11.803"
"AG","11.730","14","11.740","29","-1,019","11.74","3931253a-3816-460f-9497-63b05abf8961","2022-01-19 14:28:11.803"
"AG","11.730","22","11.740","17","-1,019","11.74","cb7c033f-a864-497f-b111-a789ea01967c","2022-01-19 14:28:37.238"
"AG","11.730","13","11.740","47","-1,019","11.74","93af4d35-f53c-4027-b6ef-27c137c00614","2022-01-19 14:28:37.238"
"AG","11.750","23","11.760","28","1,017","11.76","e739475a-3d2e-4aee-8bd6-8c4bc515e96b","2022-01-19 14:37:10.006"
"AG","11.750","29","11.760","21","-1,017","11.76","668629c1-cc29-4d25-a26b-071765f80e16","2022-01-19 14:43:01.375"
"AG","11.890","47","11.900","27","1,010","11.88","c694857a-ad9f-4d92-8d50-a8e21b99d064","2022-01-19 15:17:21.480"
"AG","11.890","12","11.900","42","-1,010","11.90","2682298b-c26a-40a0-9510-0eddaa6543b0","2022-01-19 15:19:04.957"
"AG","11.910","20","11.920","40","1,006","11.92","8047e2f7-f7ab-4e2a-9a2f-f206dfe8eca1","2022-01-19 15:28:10.006"
"AG","11.890","37","11.900","21","-1,006","11.90","949d2032-9816-4e29-9a4c-9572685f0a52","2022-01-19 15:29:54.620"
"AG","11.940","2","11.940","28","1,013","11.84","682e8218-5d61-47bf-b9c7-f0a7259fd37f","2022-01-19 15:32:16.008"
"AG","11.930","27","11.940","20","1,013","11.84","a8fe7524-29da-4a07-b264-16f921ecb572","2022-01-19 15:32:16.008"
"AG","11.930","23","11.940","26","1,013","11.84","40ac357a-5c16-4ff2-bfa3-181950509b28","2022-01-19 15:32:16.008"
"AG","11.930","20","11.940","31","1,014","11.83","85f298eb-4181-410d-9703-8c52ad7ff41e","2022-01-19 15:32:56.216"
"AG","11.920","13","11.930","43","1,014","11.83","144def36-4df6-4cc7-948a-6bf7c07ce241","2022-01-19 15:32:56.216"
"AG","11.920","21","11.930","27","1,014","11.83","f56e99d2-3ece-4675-90e9-dd5b18680b74","2022-01-19 15:32:56.216"
"AG","11.930","38","11.940","20","1,014","11.83","f0f69f88-a0b2-4281-9164-f51334a60293","2022-01-19 15:32:56.216"
"AG","11.940","37","11.950","21","1,014","11.83","e868b1e6-d89a-48c8-a58c-8e0824f8b93d","2022-01-19 15:32:56.216"
"AG","11.930","32","11.950","57","1,014","11.83","40590a96-2fbf-4720-8005-c14aa1d40429","2022-01-19 15:32:56.216"
"AG","11.930","30","11.940","23","1,014","11.83","187144e9-781c-4f9c-a39c-2f634f6a6911","2022-01-19 15:32:56.216"
"AG","11.930","50","11.940","5","1,014","11.83","eed91179-9f4c-4e5c-b532-7666770b5fdf","2022-01-19 15:32:56.216"
"AG","11.930","43","11.940","14","1,014","11.83","bf3652d4-a8fb-4e3c-8c37-7144382cf53b","2022-01-19 15:32:56.216"
"AG","11.950","23","11.960","27","1,015","11.82","35c21393-b761-46d5-8762-cd4431a8c1f4","2022-01-19 15:33:11.859"
"AG","11.950","23","11.960","18","1,014","11.82","17867fd0-0d72-4b43-b951-73bfb66f5d05","2022-01-19 15:33:11.859"
"AG","11.950","15","11.960","27","1,014","11.82","8a32f079-9db6-488f-9365-16527b274719","2022-01-19 15:33:11.859"
"AG","11.950","15","11.960","27","1,014","11.82","34fa50d1-162a-4059-af13-0729e86a4e2f","2022-01-19 15:33:11.859"
"AG","11.820","30","11.830","52","-1,015","11.88","a790fd6c-d76d-44b7-8d10-b0cfc4617ab4","2022-01-19 15:36:12.989"
"AG","11.820","30","11.830","52","-1,014","11.88","e868993a-74f4-429c-9e16-6d5e61062b4b","2022-01-19 15:36:12.989"
"AG","11.830","26","11.840","38","-1,014","11.89","dc198128-366e-41d3-930f-cadcb4e42ca1","2022-01-19 15:36:16.863"
"AG","11.830","26","11.840","38","-1,014","11.89","ad9a5885-846d-4995-ac45-a78e5ba4670e","2022-01-19 15:36:16.863"
"AG","11.830","26","11.840","38","-1,014","11.89","3301cba2-7274-4b5d-8eff-30e48f831255","2022-01-19 15:36:16.863"
"AG","11.830","26","11.840","38","-1,014","11.89","9da090fb-9265-4f7f-a7f3-5a4061a854e2","2022-01-19 15:36:16.863"
"AG","11.830","26","11.840","38","-1,014","11.89","7eff7186-ade2-4fb4-b613-99bdb1ac50b4","2022-01-19 15:36:16.863"
"AG","11.820","30","11.830","52","-1,014","11.89","e16ecce7-13da-46d3-af78-f1bea8bea8d3","2022-01-19 15:36:16.863"
"AG","11.820","30","11.830","52","-1,014","11.89","318ff03f-6791-47b2-a7e3-ebcfc5f0edad","2022-01-19 15:36:16.863"
"AG","11.840","57","11.850","32","-1,013","11.90","7d194d79-c269-43b7-87c6-435ae60dbc10","2022-01-19 15:38:00.214"
"AG","11.830","26","11.840","38","-1,014","11.90","3a388db9-4676-4f67-9ef6-b6de088f81ab","2022-01-19 15:38:00.214"
"AG","11.830","26","11.840","38","-1,014","11.90","51231bfd-ba63-4db0-9279-cebfd11e5316","2022-01-19 15:38:00.214"
"AG","11.830","26","11.840","38","-1,014","11.90","36d8edc6-54b7-47d4-bdaa-e19f90ddf534","2022-01-19 15:38:00.214"
"AG","11.830","26","11.840","38","-1,014","11.90","b27fe291-da45-4d06-8d4e-fa014d7da455","2022-01-19 15:38:00.214"
"AG","11.870","40","11.880","77","-2,026","11.87","fefdfe0a-e64b-4079-a0c7-772f9a99e342","2022-01-19 15:48:00.006"
"ABB","37.400","8","37.410","8","321","37.33","4d56fb9b-538d-48a8-9849-619de30df929","2022-01-19 09:59:22.824"
"ABB","37.410","1","37.410","13","321","37.33","fe01204c-53b1-4781-bc62-5c6fdcd052e7","2022-01-19 09:59:22.824"
"ABB","37.410","1","37.410","13","321","37.33","83405867-5863-42d0-ab77-39f1370964f1","2022-01-19 09:59:22.824"
"ABB","37.420","3","37.430","17","321","37.33","2e9324c9-7734-43ff-a513-5bfa1c2f0006","2022-01-19 09:59:22.824"
"ABB","37.420","3","37.430","17","321","37.33","0c739bfe-e107-4440-a323-09f18f09ce2b","2022-01-19 09:59:22.824"
"ABB","37.410","10","37.420","8","321","37.33","1b3f602d-89ee-48fd-83ee-37a779bf3d80","2022-01-19 09:59:22.824"
"ABB","37.420","19","37.430","14","321","37.33","17bd1374-4b55-419d-9e12-e53ac8540755","2022-01-19 09:59:22.824"
"ABB","37.310","41","37.320","6","-321","37.32","6f6cbc49-b74a-4a76-8cb4-2ea5b3632b25","2022-01-19 10:00:33.197"
"ABB","37.310","41","37.320","6","-321","37.32","bf9c4edd-542f-4ccb-9a39-eb68fb33c679","2022-01-19 10:00:33.197"
"ABB","37.310","41","37.320","6","-321","37.32","900921a3-4764-4f7b-a8c7-6bd7b1a1a010","2022-01-19 10:00:33.197"
"ABB","37.310","41","37.320","6","-321","37.32","c7834d49-77b6-45ef-94ea-bdf643c986c3","2022-01-19 10:00:33.197"
"ABB","37.320","12","37.330","12","-321","37.33","06f1e871-d9a0-4b30-8bb6-6f78a44a5eb5","2022-01-19 10:00:45.235"
"ABB","37.320","12","37.330","12","-321","37.33","62a3c680-dd0a-498e-8b5f-47cf3a028906","2022-01-19 10:00:45.235"
"ABB","37.330","13","37.340","17","-321","37.34","a0dd2950-7c9b-4a22-a679-0ebd5ac9da15","2022-01-19 10:00:55.850"
"ABB","37.120","31","37.130","48","322","37.13","68ef5bae-8ec9-4919-8fe3-4f49240954af","2022-01-19 10:35:40.006"
"ABB","37.120","35","37.130","10","-322","37.13","26324a25-fa10-4190-933a-c389e33f7736","2022-01-19 10:36:59.279"
"ABB","37.110","9","37.120","42","323","37.12","458c478f-60a0-4d2d-a18a-15ba8e30d35e","2022-01-19 10:44:30.006"
"ABB","37.100","12","37.110","47","-323","37.11","c97e5441-1b1c-4d83-a8f6-a303d03ee2bf","2022-01-19 10:48:40.099"
"ABB","37.180","15","37.190","4","323","37.09","6b1bb005-af02-43e4-9be2-cbc35dc4e6b1","2022-01-19 11:02:37.655"
"ABB","37.170","19","37.180","20","323","37.09","b231c527-0201-4cd2-8b0b-95861473c852","2022-01-19 11:02:37.655"
"ABB","37.170","3","37.180","52","323","37.09","72df07a7-005a-42ff-83af-6fea28b8b07f","2022-01-19 11:02:37.655"
"ABB","37.170","8","37.180","13","323","37.09","9a4009d7-8b33-470f-964b-4a6121058395","2022-01-19 11:02:37.655"
"ABB","37.120","14","37.130","39","323","37.08","18de1411-9f12-40bd-9587-b8da3edc666c","2022-01-19 11:02:41.687"
"ABB","37.110","18","37.120","41","323","37.08","24c76b75-c996-4f81-8eb9-39aecec7dbff","2022-01-19 11:02:41.687"
"ABB","37.120","2","37.130","44","323","37.08","84f34b5b-f084-4668-9505-46f21a65417d","2022-01-19 11:02:41.687"
"ABB","37.130","13","37.140","43","323","37.08","9a7bff5c-3910-4cb6-9a1e-b691e675bae4","2022-01-19 11:02:41.687"
"ABB","37.130","12","37.140","18","323","37.08","9d96f607-3149-4079-91f3-910782101909","2022-01-19 11:02:41.687"
"ABB","37.150","10","37.160","16","323","37.08","664d7891-8d3a-4455-aa92-912fde3a4141","2022-01-19 11:02:41.687"
"ABB","37.160","8","37.170","42","323","37.08","bd9e1f9b-fd2d-4910-802e-a0b4b087153b","2022-01-19 11:02:41.687"
"ABB","37.080","21","37.090","48","-323","37.09","816ed859-2613-4961-a52a-e8d2ed768c01","2022-01-19 11:03:32.489"
"ABB","37.080","21","37.090","48","-323","37.09","dcb7d838-9bfc-479e-a906-d68dc055188b","2022-01-19 11:03:32.489"
"ABB","37.080","21","37.090","48","-323","37.09","0aac2356-c6d4-4ca3-bf0f-874cf8efff93","2022-01-19 11:03:32.489"
"ABB","37.080","21","37.090","48","-323","37.09","26e5885d-0b9b-41b5-a220-8b46d3f76458","2022-01-19 11:03:32.489"
"ABB","37.080","21","37.090","48","-323","37.09","6f805d64-6309-42fb-8260-05eb6a0022c8","2022-01-19 11:03:32.489"
"ABB","37.080","21","37.090","48","-323","37.09","d8c73074-cf72-44c4-a6dc-5c8edf5565cc","2022-01-19 11:03:32.489"
"ABB","37.110","23","37.120","16","-323","37.12","1a8fda79-d16c-46f5-a3d1-edaadd2f46f9","2022-01-19 11:03:43.042"
"ABB","37.110","23","37.120","16","-323","37.12","e55a613a-bc6c-462e-bf3f-5ef1b878b195","2022-01-19 11:03:43.042"
"ABB","37.110","23","37.120","16","-323","37.12","9d92f821-7fde-4f3c-b30f-d28da9bc59b5","2022-01-19 11:03:43.042"
"ABB","37.110","22","37.120","6","-323","37.12","bd6189a5-f699-4fb5-b264-2f87c4c724bf","2022-01-19 11:03:52.091"
"ABB","37.110","18","37.120","46","-323","37.12","9e4ec2b2-f3aa-41c1-948b-e6b4cccc2717","2022-01-19 11:04:09.866"
"ABB","37.150","14","37.160","54","323","37.07","59cfcdd4-169f-4ccd-a658-842cf2afa8d1","2022-01-19 11:05:03.685"
"ABB","37.140","11","37.150","14","323","37.07","d1eec926-f527-4d0f-84dd-a9ca2ed5d20d","2022-01-19 11:05:03.685"
"ABB","37.130","20","37.140","37","323","37.07","1c2b925e-b0c2-4d23-b598-59a611365eaa","2022-01-19 11:05:03.685"
"ABB","37.120","43","37.130","2","323","37.07","85809550-bab9-4e7e-87f5-1102885f80de","2022-01-19 11:05:03.685"
"ABB","37.130","14","37.140","17","323","37.07","b9eb86fe-4811-4f82-90f3-01576a5b25d3","2022-01-19 11:05:03.685"
"ABB","37.130","39","37.140","6","323","37.07","8355a45d-32d5-48c5-b6ca-c6ea661f63dc","2022-01-19 11:05:03.685"
"ABB","37.130","20","37.140","5","323","37.07","23097467-e7c9-47be-802b-9ea98b43ab94","2022-01-19 11:05:03.685"
"ABB","37.130","23","37.140","3","323","37.07","881aecbb-17c6-4280-a233-c51d2a9cae02","2022-01-19 11:05:03.685"
"ABB","37.140","10","37.150","50","323","37.07","e1962260-079e-4910-94a6-9dc671624465","2022-01-19 11:05:03.685"
"ABB","37.110","20","37.120","26","323","37.07","a297bc76-ef98-44a2-a794-b49ed4ea2066","2022-01-19 11:05:03.685"
"ABB","37.050","25","37.060","12","-323","37.06","266b7018-1dbc-43d4-988e-ba5ff47ef922","2022-01-19 11:05:43.688"
"ABB","37.050","25","37.060","12","-323","37.06","3cc0bb68-3ca5-4697-95ee-794cb87c876a","2022-01-19 11:05:43.688"
"ABB","37.050","25","37.060","12","-323","37.06","2b3db418-3776-4b34-9319-496decd06dbf","2022-01-19 11:05:43.688"
"ABB","37.060","27","37.070","54","-323","37.07","da33eee5-da71-47f0-9987-3e460cd6bcbb","2022-01-19 11:06:00.596"
"ABB","37.060","27","37.070","54","-323","37.07","1f48c128-19a5-4ce8-97a2-6d5b401e26e4","2022-01-19 11:06:00.596"
"ABB","37.060","27","37.070","54","-323","37.07","3d674be2-329b-44ca-b7d1-6f890d9dbbb0","2022-01-19 11:06:00.596"
"ABB","37.060","27","37.070","54","-323","37.07","2929f275-f32b-4f73-9413-f073a06741f9","2022-01-19 11:06:00.596"
"ABB","37.060","1","37.070","57","-323","37.07","360726f7-386d-409c-8290-77b4a93b576b","2022-01-19 11:06:00.596"
"ABB","37.060","1","37.070","57","-323","37.07","4483f7e8-cb2d-4aa2-a22c-0182bc4c8f21","2022-01-19 11:06:00.596"
"ABB","37.060","18","37.060","1","-323","37.06","7a7e9e7a-b2ce-4f1b-b0f3-f046b799bbaf","2022-01-19 11:06:10.006"
"ABB","37.410","10","37.420","15","320","37.39","1e16a7f5-0202-4158-bbf2-af4607db9ae0","2022-01-19 12:35:59.509"
"ABB","37.420","13","37.430","10","321","37.38","e22b23f8-f723-4924-8beb-70d52701d7fa","2022-01-19 12:39:05.540"
"ABB","37.420","20","37.430","4","321","37.38","7f355097-8fa1-4ae4-9614-f0f650f9464c","2022-01-19 12:39:05.540"
"ABB","37.420","9","37.430","9","321","37.38","f30e02a3-4f5d-454c-8515-0b295c91579f","2022-01-19 12:39:05.540"
"ABB","37.410","12","37.420","36","321","37.38","095f2dc0-3f27-4c05-9e11-5e7c2791b404","2022-01-19 12:39:05.540"
"ABB","37.410","13","37.420","12","321","37.38","34fe88b5-e6a5-4910-9090-b60acc56d556","2022-01-19 12:39:05.540"
"ABB","37.410","6","37.420","12","320","37.38","fbc1a25a-9a9a-411b-a012-f1ea42a629a6","2022-01-19 12:39:05.540"
"ABB","37.410","11","37.420","10","321","37.38","0907e3a1-c65c-43a6-8f48-ec0c020b0ca5","2022-01-19 12:39:05.540"
"ABB","37.410","6","37.420","9","320","37.38","a62e1c3a-f33a-4a7e-8215-40bcf4b4d93f","2022-01-19 12:39:05.540"
"ABB","37.410","6","37.420","9","321","37.38","f5e9b88f-19ea-4345-b6a9-a097a2df6189","2022-01-19 12:39:05.540"
"ABB","37.370","3","37.380","23","-320","37.38","03573bdb-fff3-45d5-9adc-3a9e9b7c2630","2022-01-19 12:40:02.946"
"ABB","37.390","6","37.400","16","321","37.36","ffe2fbe3-e91e-4690-b4c6-d003a60097d0","2022-01-19 12:41:21.091"
"ABB","37.360","10","37.370","8","-321","37.37","bd74a487-18a4-488d-afad-78ca30424b72","2022-01-19 12:41:26.943"
"ABB","37.360","10","37.370","8","-321","37.37","952dbde6-856a-431b-9280-35085194d178","2022-01-19 12:41:26.943"
"ABB","37.360","10","37.370","8","-321","37.37","83cb492f-f335-42dc-8495-034fdb851e95","2022-01-19 12:41:26.943"
"ABB","37.360","10","37.370","8","-320","37.37","6063b159-b690-490f-9a6d-3c355337908a","2022-01-19 12:41:26.943"
"ABB","37.360","10","37.370","8","-321","37.37","5ec53d0a-142d-4aeb-ab98-670988480bbf","2022-01-19 12:41:26.943"
"ABB","37.350","8","37.360","15","-321","37.36","015c6cd4-d7ae-4de0-9dc5-3e668a53b8f0","2022-01-19 12:42:07.097"
"ABB","37.350","8","37.360","15","-321","37.36","59fab918-e976-4ed4-a4d5-a0429f300bca","2022-01-19 12:42:07.097"
"ABB","37.300","9","37.310","9","-321","37.31","084426b0-37df-49f8-b817-96bbe1aa9427","2022-01-19 12:43:55.304"
"ABB","37.300","9","37.310","9","-320","37.31","66d85463-3d1c-430b-9714-6bd625a23b63","2022-01-19 12:43:55.304"
"ABB","37.320","8","37.330","14","-321","37.33","5c856167-ab3a-45e2-805e-6ce4f29e2c52","2022-01-19 12:44:03.074"
"ABB","37.400","10","37.410","8","321","37.36","d07b66aa-d4bc-4e22-bd22-f5419b728940","2022-01-19 13:17:44.214"
"ABB","37.400","5","37.410","12","321","37.36","c686de3b-b6b9-4522-b205-9554784ac380","2022-01-19 13:17:44.214"
"ABB","37.400","7","37.410","10","321","37.36","a2822e1f-1b7d-4e4a-9005-7cca1204b92a","2022-01-19 13:17:44.214"
"ABB","37.400","12","37.410","8","321","37.36","d187a777-53d0-4261-a77e-08260cc7e141","2022-01-19 13:17:44.214"
"ABB","37.400","19","37.410","17","321","37.36","8969542f-b988-43a0-9635-5692c220d485","2022-01-19 13:17:44.214"
"ABB","37.400","18","37.410","6","321","37.36","f1eef78c-3790-4167-9602-ccec0284c714","2022-01-19 13:17:44.214"
"ABB","37.390","12","37.400","9","321","37.36","ca5fee00-71ee-445b-81d4-9416c9e4f2d5","2022-01-19 13:17:44.214"
"ABB","37.390","12","37.400","9","321","37.36","e69f534c-bbec-4de7-b510-9076b297d70b","2022-01-19 13:17:44.214"
"ABB","37.390","12","37.400","9","321","37.36","807a740e-9daf-4f94-8f5b-9dcd2ab3d3ac","2022-01-19 13:17:44.214"
"ABB","37.390","9","37.400","11","321","37.36","8a580b6e-1df4-4e7f-a14a-489768e4435c","2022-01-19 13:17:44.214"
"ABB","37.390","9","37.400","11","321","37.36","82609d99-12ee-4669-9ed5-183c44ee2e05","2022-01-19 13:17:44.214"
"ABB","37.390","14","37.400","8","321","37.36","a8a7fe48-d5fc-4eb1-b70f-94525fd8692c","2022-01-19 13:17:44.214"
"ABB","37.390","9","37.400","10","321","37.36","54164f51-671a-4807-a2c3-d5bf70013a0b","2022-01-19 13:17:44.214"
"ABB","37.360","1","37.370","23","-321","37.37","07d4b6d2-65a5-4175-b646-c2dffd889169","2022-01-19 13:18:31.294"
"ABB","37.360","1","37.370","23","-321","37.37","28dea8d8-a81e-4b57-8c5b-b2c7fb51756e","2022-01-19 13:18:31.294"
"ABB","37.360","1","37.370","23","-321","37.37","ca956c8d-e044-47b9-bcbd-ecdfe04818d6","2022-01-19 13:18:31.294"
"ABB","37.360","1","37.370","23","-321","37.37","53779fcf-9d50-4b4d-9332-9264f0b72642","2022-01-19 13:18:31.294"
"ABB","37.360","1","37.370","23","-321","37.37","2d7b1212-68d3-43c9-932f-e9f9aab5a5cf","2022-01-19 13:18:31.294"
"ABB","37.360","1","37.370","23","-321","37.37","3f8d979e-6518-4a9d-9e9e-8f3709036c3a","2022-01-19 13:18:31.294"
"ABB","37.360","1","37.370","23","-321","37.37","41d9058f-90bf-431f-a1f9-990d5239f440","2022-01-19 13:18:31.294"
"ABB","37.360","1","37.370","23","-321","37.37","5b53623f-4c97-425b-8583-f3a912d25cbc","2022-01-19 13:18:31.294"
"ABB","37.360","1","37.370","23","-321","37.37","499ed4a7-b523-41d3-8c8b-00a045580ec2","2022-01-19 13:18:31.294"
"ABB","37.360","1","37.370","23","-321","37.37","ae240bd4-6e42-41d0-8d6b-28a21f30ed0f","2022-01-19 13:18:31.294"
"ABB","37.360","6","37.370","15","-321","37.37","dabded00-da3f-4745-aa2a-6055aa7a84e4","2022-01-19 13:18:31.294"
"ABB","37.360","6","37.370","15","-321","37.37","29c8574b-a15d-42da-9395-0f5c7ac27bf2","2022-01-19 13:18:31.294"
"ABB","37.360","6","37.370","14","-321","37.37","09070c83-751f-4e71-a636-dccb7234d98b","2022-01-19 13:18:31.294"
"ABB","37.380","4","37.390","23","321","37.35","b1776c14-14f7-4409-b33f-53a030e41281","2022-01-19 13:20:16.860"
"ABB","37.320","29","37.330","6","-321","37.33","d635e86f-77b1-4006-bf5b-d6af6dcd184e","2022-01-19 13:22:08.311"
"ABB","37.140","10","37.150","10","323","37.14","6eb84606-4182-49e8-acf2-3b76c4ed09d8","2022-01-19 14:37:05.533"
"ABB","37.160","30","37.170","2","-323","37.17","9beaf4fc-4e96-4f95-9bd5-3da79037b41b","2022-01-19 14:43:11.284"
"ABB","37.210","14","37.220","14","322","37.19","3ee430e5-ec3d-40f3-b84c-d8d8428dbbe3","2022-01-19 15:16:04.784"
"ABB","37.220","18","37.230","18","322","37.19","94ee0294-9d7a-4016-8246-41eabd456b73","2022-01-19 15:16:04.784"
"ABB","37.220","31","37.230","6","322","37.19","54a66c6d-8f88-4dad-a6ed-c48c17c7f559","2022-01-19 15:16:04.784"
"ABB","37.190","15","37.200","10","-322","37.20","837fa554-28f5-443d-8322-a9a8ff305fc3","2022-01-19 15:16:30.767"
"ABB","37.190","15","37.200","10","-322","37.20","1de1e3af-0c52-49dc-85c4-e00e12adf896","2022-01-19 15:16:30.767"
"ABB","37.220","8","37.230","19","322","37.18","72e8ed66-203f-4492-8029-f20e8acfb9cb","2022-01-19 15:17:34.025"
"ABB","37.180","20","37.190","14","-322","37.19","13986666-a8d1-4fd9-854b-e17372833584","2022-01-19 15:18:44.943"
"ABB","37.180","13","37.190","13","-322","37.19","7efde11d-9f7f-4520-92e1-da0d67919dbb","2022-01-19 15:18:44.943"
"ABB","37.200","20","37.210","9","322","37.18","01d37116-a9b0-4da2-b52e-aad88dbbbc7e","2022-01-19 15:26:42.785"
"ABB","37.200","19","37.210","36","322","37.18","28e8f9eb-0e79-47da-af0d-fbce1a645db9","2022-01-19 15:26:42.785"
"ABB","37.190","4","37.200","26","322","37.17","97ff0388-10f6-4670-b821-c54c9383be5a","2022-01-19 15:26:45.076"
"ABB","37.190","12","37.200","17","322","37.17","fd18ded5-fc65-4646-9e09-68a035bb7478","2022-01-19 15:26:45.076"
"ABB","37.210","12","37.220","13","322","37.17","8bc1aa90-0a66-4a73-ab00-04731f84e3cb","2022-01-19 15:26:45.076"
"ABB","37.210","11","37.220","17","322","37.17","34c4cc26-7dc3-4916-87ee-117a1e704be3","2022-01-19 15:26:45.076"
"ABB","37.160","13","37.170","17","-322","37.17","cba66479-3b30-4c48-b211-4a4728add2d5","2022-01-19 15:28:24.118"
"ABB","37.180","10","37.190","11","322","37.16","d4c2a59e-b8b3-4d8c-981d-8bb374b9d03e","2022-01-19 15:28:43.550"
"ABB","37.190","8","37.200","20","322","37.16","30149076-806b-4462-bb75-c630c5ab804a","2022-01-19 15:28:43.550"
"ABB","37.180","7","37.190","16","322","37.16","a4a49851-0453-442b-8ea4-b10e0ffe12a5","2022-01-19 15:28:43.550"
"ABB","37.180","14","37.190","10","322","37.16","44567d48-62a2-4c61-8e8a-bef19326c159","2022-01-19 15:28:43.550"
"ABB","37.190","15","37.200","14","323","37.15","32fc0c86-86b2-44be-9ec6-b051fcd684c0","2022-01-19 15:29:00.562"
"ABB","37.190","1","37.200","21","323","37.15","c613298b-6cb6-44ba-aa2b-2914b2fe8098","2022-01-19 15:29:00.562"
"ABB","37.190","2","37.200","37","323","37.15","8c5f5632-db28-4a76-9313-f9aa546dddb8","2022-01-19 15:29:00.562"
"ABB","37.140","22","37.150","9","-322","37.15","5e39403c-a37e-4538-a48b-5840e31d9e43","2022-01-19 15:29:30.732"
"ABB","37.150","36","37.150","2","-322","37.15","18d2ea90-bf83-4959-9925-712454d5fb4f","2022-01-19 15:29:50.006"
"ABB","37.150","36","37.150","2","-322","37.15","5218b0fa-32e7-41d7-b0d4-9183cda9066e","2022-01-19 15:29:50.006"
"ABB","37.150","36","37.150","2","-322","37.15","2323a2d6-b0bb-487a-9361-e9cde6fbbc2f","2022-01-19 15:29:50.006"
"ABB","37.150","36","37.150","2","-323","37.15","d905ae76-e0da-4d76-b8dc-fc1d1a592a99","2022-01-19 15:29:50.006"
"ABB","37.150","36","37.150","2","-322","37.15","d9ac6d94-42e4-4b2f-9bbd-58a92c0cd71e","2022-01-19 15:29:50.006"
"ABB","37.150","36","37.150","2","-322","37.15","b3e370c6-d5bf-4bc5-b47d-afe5f67571c2","2022-01-19 15:29:50.006"
"ABB","37.160","24","37.170","25","-1,612","37.16","0b8112f6-84ab-4009-915e-dbb6822b4ebd","2022-01-19 15:48:00.006"
"ALB","227.130","1","227.310","1","53","225.98","9f4addbc-b879-4e76-86e5-0e012da983f5","2022-01-19 10:18:29.704"
"ALB","227.230","1","227.660","1","53","225.98","68c051ba-7060-4c13-b11e-fe5250f362c6","2022-01-19 10:18:29.704"
"ALB","227.150","2","227.440","2","53","225.98","04c33ed1-31f2-4d40-87a1-32349ed4a533","2022-01-19 10:18:29.704"
"ALB","227.180","2","227.620","2","53","225.98","c276936d-efa7-4aba-909c-f0d4406f080e","2022-01-19 10:18:29.704"
"ALB","227.460","2","227.660","1","53","225.98","26f1472f-24e8-4cd3-85fb-bf78799b8948","2022-01-19 10:18:29.704"
"ALB","227.190","1","227.510","1","53","225.98","d681908c-7e9d-46ed-9f52-107267b1cf45","2022-01-19 10:18:29.704"
"ALB","227.600","1","227.890","1","53","225.98","04bc1805-e26d-469c-aaa2-7e052da4ab94","2022-01-19 10:18:29.704"
"ALB","227.320","1","227.890","1","53","225.98","7aeb4031-db5e-4dab-8b99-4313c89a5ed9","2022-01-19 10:18:29.704"
"ALB","227.350","1","227.890","1","53","225.98","2f362e10-220d-49fe-ae33-ff3efbc905fe","2022-01-19 10:18:29.704"
"ALB","227.210","1","227.890","1","53","225.98","04aac9f2-fe49-488c-84ad-cd8ff029f037","2022-01-19 10:18:29.704"
"ALB","227.290","1","227.860","1","53","225.98","a4f62170-6718-4154-9c91-9304ad42e94f","2022-01-19 10:18:29.704"
"ALB","227.290","1","227.860","1","53","225.98","337a0250-be7c-4817-a945-0f3d2edbd197","2022-01-19 10:18:29.704"
"ALB","227.300","2","227.840","1","53","225.98","01c4572a-1de2-43cd-b326-6d8b825473e8","2022-01-19 10:18:29.704"
"ALB","227.360","2","228.000","4","53","225.98","9776a54c-1acd-4643-b453-d5e04ce62432","2022-01-19 10:18:29.704"
"ALB","227.380","1","227.880","2","53","225.98","6a465ba1-6aec-4fd9-bd88-b3514cf4bedf","2022-01-19 10:18:29.704"
"ALB","226.110","2","226.770","2","-53","226.78","46b8623c-689e-43ef-a758-c719095cdc6a","2022-01-19 10:19:19.217"
"ALB","226.110","2","226.770","2","-53","226.78","9655b31d-1847-4fe5-afb0-d47b38c59f71","2022-01-19 10:19:19.217"
"ALB","226.110","2","226.770","2","-53","226.78","10df91a5-b464-4a7d-b795-3463783581dc","2022-01-19 10:19:19.217"
"ALB","226.110","2","226.770","2","-53","226.78","245f5476-45df-4298-a5a1-5a15220d1972","2022-01-19 10:19:19.217"
"ALB","226.110","2","226.770","2","-53","226.78","fb3f3549-ee29-42fe-8022-64e7a9a536b6","2022-01-19 10:19:19.217"
"ALB","226.340","1","227.040","1","-53","227.04","5353a7a1-29e6-4210-b87f-fae4bf1a7c45","2022-01-19 10:19:28.477"
"ALB","226.340","1","227.040","1","-53","227.04","b74cdcb7-6300-4600-99e3-de92f9f0b1f4","2022-01-19 10:19:28.477"
"ALB","226.340","1","227.040","1","-53","227.04","8634867d-7411-411d-9e5d-0c3691eaaeb5","2022-01-19 10:19:28.477"
"ALB","226.340","1","227.040","1","-53","227.04","f3e917ef-f852-4b3d-8d78-ae6fac19090f","2022-01-19 10:19:28.477"
"ALB","226.340","1","227.040","1","-53","227.04","eeb7c739-d9da-4ae2-bce8-f8bfa1c095c0","2022-01-19 10:19:28.477"
"ALB","226.350","1","227.040","1","-53","227.04","801b2e14-84d0-4ab2-bcab-1a88c634cf22","2022-01-19 10:19:42.214"
"ALB","226.090","1","226.740","1","53","225.76","635657c2-eadf-4cbf-a62a-8ef261839363","2022-01-19 10:21:21.035"
"ALB","226.570","1","227.050","3","53","225.76","435cd90e-8db3-4868-8f1d-00eadbe5e443","2022-01-19 10:21:21.035"
"ALB","226.570","1","227.050","3","53","225.76","1a30aae2-bb86-4936-a96a-0e95a385ef59","2022-01-19 10:21:21.035"
"ALB","226.960","3","227.330","2","53","225.76","1598e1a8-c9e4-4827-bfbb-f58e5f77e82c","2022-01-19 10:21:21.035"
"ALB","226.410","1","226.960","1","53","225.76","774757bb-e419-47f1-9c93-12728da44d27","2022-01-19 10:21:21.035"
"ALB","226.540","1","226.890","1","53","225.76","8dc4bc75-b924-4f4d-986c-b43edd3db66e","2022-01-19 10:21:21.035"
"ALB","227.380","1","227.880","2","53","225.76","3f2d9d13-a9dd-4b4d-b59a-398efef9ba8a","2022-01-19 10:21:21.035"
"ALB","227.400","1","227.990","2","53","225.76","0698fc73-d9f2-4270-8e1f-c9ef35235716","2022-01-19 10:21:21.035"
"ALB","226.810","1","227.420","1","53","225.76","1d245d10-0720-4232-aa89-12c1af7bcee4","2022-01-19 10:21:21.035"
"ALB","226.640","1","227.140","1","53","225.76","5c3fc868-c9aa-483f-b324-2858aff97a18","2022-01-19 10:21:21.035"
"ALB","226.640","1","227.140","1","53","225.76","367adf8f-6e73-4bb5-9901-53387fa1e146","2022-01-19 10:21:21.035"
"ALB","226.660","1","227.100","1","53","225.76","bc30def1-f6ca-48a7-ae15-61e97994ab68","2022-01-19 10:21:21.035"
"ALB","226.640","1","226.840","1","53","225.50","1b5f15e3-a852-4860-aa7b-b103b76c9ebb","2022-01-19 10:21:35.481"
"ALB","225.150","1","225.750","1","-53","225.75","61bd5d1b-d884-48ba-8628-30b8e2ac6723","2022-01-19 10:21:41.229"
"ALB","225.150","1","225.750","1","-53","225.75","eee69ddb-4b4a-4aad-b77c-15c13af9df6b","2022-01-19 10:21:41.229"
"ALB","225.150","1","225.750","1","-53","225.75","dc3fa85b-3a8a-4c09-b97d-fd8c661e412c","2022-01-19 10:21:41.229"
"ALB","225.150","1","225.750","1","-53","225.75","b893ecf6-fe56-4218-bbfa-edf0bcdb099c","2022-01-19 10:21:41.229"
"ALB","225.150","1","225.750","1","-53","225.75","28d955eb-1298-462d-a618-106fa8056258","2022-01-19 10:21:41.229"
"ALB","225.150","1","225.750","1","-53","225.75","30fb46e1-42e7-4e23-99f9-1dcccd732de9","2022-01-19 10:21:41.229"
"ALB","225.150","1","225.750","1","-53","225.75","08db54a2-6414-4bb5-9b3c-d09fa300235d","2022-01-19 10:21:41.229"
"ALB","225.150","1","225.750","1","-53","225.75","9fba826e-ec53-4457-ac5b-1377565a1ff2","2022-01-19 10:21:41.229"
"ALB","225.070","1","225.640","1","-53","225.65","8c6cc628-fd14-46dd-8e2a-e16b7a6efd8e","2022-01-19 10:22:48.635"
"ALB","225.070","1","225.640","1","-53","225.65","92372aa0-0d72-4e08-a279-b0013bb76333","2022-01-19 10:22:48.635"
"ALB","225.070","1","225.640","1","-53","225.65","9c238e59-dd02-4d8f-b62a-e1ba2d6db4bf","2022-01-19 10:22:48.635"
"ALB","224.480","1","224.930","1","-53","224.94","e1d2adf3-3dc4-4252-b85d-dde245c572c9","2022-01-19 10:24:52.288"
"ALB","224.480","1","224.930","1","-53","224.94","2bbdf424-7474-42bf-b10b-e7fabe90ec7b","2022-01-19 10:24:52.288"
"ALB","224.400","2","224.930","2","-53","224.93","abe38107-6e03-487a-80ef-b74c5223abed","2022-01-19 10:25:05.347"
"ALB","224.510","1","224.860","1","-53","225.01","9b499b7a-ee2a-47e5-a270-0d7c0973f894","2022-01-19 10:25:43.882"
"ALB","224.510","1","224.860","1","-53","225.01","9c211e23-dfc8-4a96-b451-4bcfae8c2db1","2022-01-19 10:25:43.882"
"ALB","224.140","1","224.590","1","-53","224.59","12cb6aed-f310-43ec-8728-cefdfbb7d753","2022-01-19 10:25:57.914"
"ALB","222.950","1","223.220","1","53","222.34","367e2819-c10d-4da7-86d1-80926b70feda","2022-01-19 10:54:13.344"
"ALB","222.950","1","223.220","1","53","222.34","cb5d046a-fe9f-4965-9d16-f7420f7c5e5a","2022-01-19 10:54:13.344"
"ALB","222.680","1","222.950","1","53","222.34","b7ebe502-f1d5-4b34-bd11-11650a931e82","2022-01-19 10:54:13.344"
"ALB","222.130","2","222.500","1","-53","222.52","02ac4910-5183-4f95-951e-dc1dc8b0a1b6","2022-01-19 10:55:11.446"
"ALB","222.130","2","222.500","1","-53","222.52","c58fab25-faf6-461b-aa00-846ac1a62904","2022-01-19 10:55:11.446"
"ALB","222.270","1","222.520","1","-53","222.55","97be11e0-99f9-4bf5-83e3-5d4a4b9231cf","2022-01-19 10:55:27.429"
"ALB","223.010","1","223.330","1","53","222.21","3278565c-d7c8-455c-82b4-b3414d9f1199","2022-01-19 11:14:44.306"
"ALB","222.970","1","223.310","1","54","222.06","901da985-af22-4ce0-a9d5-19d946fcd1cd","2022-01-19 11:14:52.730"
"ALB","222.970","1","223.290","1","54","222.06","70438cd4-ca9d-423f-ae07-662c28b635f5","2022-01-19 11:14:52.730"
"ALB","223.350","1","223.710","1","54","222.06","24c3173d-262d-4162-a944-09937c3e87f8","2022-01-19 11:14:52.730"
"ALB","223.390","3","223.940","1","54","222.06","d5290c9b-a72b-4832-a890-f9c336e32a03","2022-01-19 11:14:52.730"
"ALB","223.420","2","223.650","2","54","222.06","f38e6bd3-0def-4c1c-983d-45f7525e6b51","2022-01-19 11:14:52.730"
"ALB","223.410","1","223.640","2","54","222.06","ae7e643c-3dc7-4482-b4ad-7ee22a58617e","2022-01-19 11:14:52.730"
"ALB","222.210","1","222.490","1","-54","222.49","c359f428-d0fa-466b-8b91-c563b89e6e8c","2022-01-19 11:15:23.454"
"ALB","222.210","1","222.490","1","-54","222.49","3fb2b86a-4dec-4387-b5c6-a291d44a1c25","2022-01-19 11:15:23.454"
"ALB","222.410","1","222.520","1","-54","222.52","5861d4f9-3153-477c-8de3-79ab0327c5e3","2022-01-19 11:15:30.581"
"ALB","222.410","1","222.520","1","-54","222.52","a99936ca-ee1a-4487-a7d8-7ff6a205b0a6","2022-01-19 11:15:30.581"
"ALB","222.410","1","222.520","1","-54","222.52","3a97942b-0b87-4c32-be0e-af80b1cb791a","2022-01-19 11:15:30.581"
"ALB","222.420","1","222.820","2","-53","223.02","901cb019-bbfc-427a-ba91-b7cef842b9bf","2022-01-19 11:15:40.925"
"ALB","222.140","1","222.380","1","-54","222.39","ddf1c514-42d6-4fde-91e7-ab5a072a5cfd","2022-01-19 11:17:13.422"
"ALB","222.710","1","223.080","1","54","222.02","88efd08c-01aa-43fe-aeb0-cb641b276a06","2022-01-19 11:18:12.401"
"ALB","223.140","2","223.580","2","54","222.00","129cba1f-5330-45ae-9ba2-fea6dc4a6dd4","2022-01-19 11:18:12.402"
"ALB","222.380","1","222.670","2","54","222.00","30dfe4d2-43c5-4e90-8b88-d7d0a2e8123e","2022-01-19 11:18:12.402"
"ALB","222.480","1","222.930","1","54","222.00","9a4a9c4f-01f9-45c6-b055-9a351f7150b5","2022-01-19 11:18:12.402"
"ALB","221.460","1","221.910","1","-54","221.91","e90e97dc-fa38-4a51-aa35-9bb0dd086da7","2022-01-19 11:18:35.145"
"ALB","221.460","1","221.910","1","-54","221.91","d505e793-1b8d-4a4c-8d63-de2a78bdc51f","2022-01-19 11:18:35.145"
"ALB","221.490","1","221.790","1","-54","221.81","f1895fc8-6598-4669-9d85-5a293942af29","2022-01-19 11:19:42.914"
"ALB","221.490","1","221.790","1","-54","221.81","e904424f-7b15-4793-8093-a1ed460d8af8","2022-01-19 11:19:42.914"
"ALB","222.800","1","223.380","2","53","222.26","701bc5c7-f474-4eb8-9e09-0de4edac5417","2022-01-19 11:29:27.528"
"ALB","222.760","2","223.190","1","-53","223.19","898dec47-a188-4e9c-8ad2-abfd1267b90f","2022-01-19 11:30:50.798"
"ALB","222.960","1","223.410","2","53","222.24","ab086bcf-c072-4ede-a509-94fca8237755","2022-01-19 11:31:30.622"
"ALB","221.560","1","221.950","1","-53","221.96","46bc2d51-c1c2-4707-a496-941c51b8461f","2022-01-19 11:37:00.258"
"ALB","221.960","1","222.350","1","54","222.02","2d1f1c7b-1499-450c-bc60-f2c22c0bca1e","2022-01-19 11:41:43.110"
"ALB","221.970","1","222.350","1","54","222.02","195edf72-ad9c-48a6-9c5b-e834b1138bef","2022-01-19 11:41:43.110"
"ALB","222.100","1","222.310","2","-54","222.40","8ec1e3d9-6905-4587-b285-3167933e03e7","2022-01-19 11:43:41.682"
"ALB","222.110","1","222.460","2","-54","222.46","1e491c69-d119-45eb-b40f-5b6abecfe0fe","2022-01-19 11:46:08.680"
"ALB","224.740","1","224.940","2","53","223.88","101cd165-7414-4652-abbf-002cc8012449","2022-01-19 12:35:34.290"
"ALB","224.740","1","224.930","2","53","223.88","d5153f77-efc2-47d1-ae30-f0ee96258d9b","2022-01-19 12:35:34.290"
"ALB","224.740","1","224.830","1","53","223.88","2ed83f34-2415-466f-8d03-873d29fe65e1","2022-01-19 12:35:34.290"
"ALB","224.420","2","224.770","1","53","223.88","c7df128e-1116-423b-ad25-9e1b1b8eff7d","2022-01-19 12:35:34.290"
"ALB","224.350","1","224.590","1","53","223.88","b61dd00c-de9e-4d94-a5bc-ad693a290d6e","2022-01-19 12:35:34.290"
"ALB","224.060","1","224.280","1","-53","224.28","5dc5b423-07e8-4d89-821a-8c9e47942195","2022-01-19 12:36:30.737"
"ALB","224.060","1","224.280","1","-53","224.28","5baa8952-ef2b-4d1e-8305-73708f7f3378","2022-01-19 12:36:30.737"
"ALB","224.060","1","224.280","1","-53","224.28","4a656ffb-800a-4583-8bb9-b90978efd53f","2022-01-19 12:36:30.737"
"ALB","224.110","1","224.370","1","-53","224.37","de8d866d-3ff9-4fb7-98ea-f483360b2f6b","2022-01-19 12:37:12.374"
"ALB","224.230","1","224.560","2","-53","224.56","b59e78b9-87f8-440a-baf0-ec503dccac0e","2022-01-19 12:37:43.397"
"ALB","224.610","1","225.000","2","53","223.56","ade3988d-a7d0-4ecb-9e3a-46c51b0a9d1a","2022-01-19 12:42:32.218"
"ALB","224.680","1","224.940","1","53","223.56","3eaefcce-ec68-4e5f-bb37-dd9797189f15","2022-01-19 12:42:32.218"
"ALB","224.680","1","225.000","2","53","223.56","8753c957-b3cb-492f-932d-41fc05301a81","2022-01-19 12:42:32.218"
"ALB","223.690","1","223.950","1","-53","223.95","5b3a8be3-4c05-4b1a-a68e-c771adef6c37","2022-01-19 12:46:07.193"
"ALB","223.690","1","223.950","1","-53","223.95","093e3787-0043-4014-8ea5-f486bc0a7336","2022-01-19 12:46:07.193"
"ALB","223.730","2","224.120","2","-53","224.12","796be418-4138-48fc-8acf-7f69f348861b","2022-01-19 12:46:19.431"
"ALB","224.650","4","225.000","2","53","224.31","ecfa620e-7266-4480-bbb1-b036dd591a93","2022-01-19 12:52:15.802"
"ALB","224.650","2","224.990","2","53","224.31","0e7c8573-8a33-4e01-a92b-79fba11f1723","2022-01-19 12:52:15.802"
"ALB","224.650","4","224.990","2","53","224.31","22a58c57-d886-423c-8c07-1be8a914dbaa","2022-01-19 12:52:15.802"
"ALB","224.650","4","224.990","3","53","224.31","16f5fd92-e59e-44ba-bd32-697ae2b3f908","2022-01-19 12:52:15.802"
"ALB","224.510","2","224.750","1","53","224.31","a852614b-d33b-489c-b1b0-9dfbace8872e","2022-01-19 12:52:15.802"
"ALB","224.420","6","224.750","2","-53","224.84","a5aac4dc-d024-41c3-8fce-9a55d42229f6","2022-01-19 12:53:11.083"
"ALB","224.420","6","224.750","2","-53","224.84","3e98f435-d9c5-4ae5-909a-936491ec2fe7","2022-01-19 12:53:11.083"
"ALB","224.420","6","224.750","2","-53","224.84","c4e16b2d-5750-46f5-9c33-9b2f9c1478e0","2022-01-19 12:53:11.083"
"ALB","224.620","1","224.920","2","53","224.20","3659fc5b-e20f-4714-a933-d0aa9be0d62c","2022-01-19 12:54:53.210"
"ALB","224.620","1","224.920","2","53","224.20","b37b57f9-f36b-40d6-a9e1-7d65c415d873","2022-01-19 12:54:53.210"
"ALB","224.650","1","225.000","2","53","224.20","c3ee6e66-0db4-4686-8f4f-845eec9eb684","2022-01-19 12:54:53.210"
"ALB","224.650","1","225.000","2","53","224.20","3438b763-aef4-47bc-8b19-dbf38b6a0ba4","2022-01-19 12:54:53.210"
"ALB","224.510","2","224.760","1","53","223.99","4e9cfe93-4e2c-4be4-ad84-d01b52bc99d9","2022-01-19 12:56:19.330"
"ALB","224.510","2","224.760","1","53","223.99","96636271-21ef-4a2a-960e-cc373c01ed82","2022-01-19 12:56:19.330"
"ALB","224.510","2","224.760","1","53","223.99","022f4de2-f8c7-439e-a8aa-57d996dee3cf","2022-01-19 12:56:19.330"
"ALB","224.510","1","224.760","1","53","223.99","e96be7c7-e289-4b1f-8c76-6ebf14d7f3e7","2022-01-19 12:56:19.330"
"ALB","223.970","1","224.170","1","-53","224.17","0f57e3d9-4652-420d-88f2-bc1c203a3327","2022-01-19 12:57:35.649"
"ALB","223.970","1","224.170","1","-53","224.17","328ee877-aa47-4688-b938-5d05ecf95bae","2022-01-19 12:57:35.649"
"ALB","223.970","1","224.170","1","-53","224.17","8e60f8c4-197b-4a8b-9af4-92bc04e4e5cc","2022-01-19 12:57:35.649"
"ALB","224.020","1","224.240","1","-53","224.24","9a3281d8-135c-4548-83f2-3e56b6b5402c","2022-01-19 12:59:02.569"
"ALB","224.020","1","224.240","1","-53","224.24","a3fc766f-1779-46f9-bf30-33b04639a3db","2022-01-19 12:59:02.569"
"ALB","224.020","1","224.240","1","-53","224.24","3002c939-63a6-4546-936d-35456dadf673","2022-01-19 12:59:02.569"
"ALB","224.020","1","224.240","1","-53","224.24","c6bf6c35-51d7-4117-a09d-8a0cf053c50a","2022-01-19 12:59:02.569"
"ALB","224.020","1","224.230","1","-53","224.24","29d88a05-2b29-4aa1-b6a7-60a69c9ff9ae","2022-01-19 12:59:02.569"
"ALB","224.020","1","224.230","1","-53","224.24","84e873ec-ca82-465f-8dea-5d7b26e0ffa4","2022-01-19 12:59:02.569"
"ALB","224.020","1","224.230","1","-53","224.24","07386988-a6e6-4268-a5c5-90343375d014","2022-01-19 12:59:02.569"
"ALB","224.150","1","224.480","1","53","224.06","c448a592-99f1-41bc-bb05-ee53d0364c84","2022-01-19 13:17:05.396"
"ALB","224.190","1","224.570","2","53","224.06","28fb0c5f-a788-4b57-9302-400eaa3f54b8","2022-01-19 13:17:05.396"
"ALB","224.120","1","224.450","1","53","224.00","a8a9ed9c-fbc5-4627-a08f-f322f5c3a2b8","2022-01-19 13:17:38.803"
"ALB","224.340","1","224.590","2","53","224.00","7cbbe700-a1ea-4e30-86d3-9480db00e7c8","2022-01-19 13:17:38.803"
"ALB","223.880","7","224.290","2","-53","224.36","30253142-4046-4d33-bbeb-8356f8c5c0b8","2022-01-19 13:19:13.908"
"ALB","223.880","7","224.290","2","-53","224.36","16145adc-58b9-40cb-9091-a305d586fda7","2022-01-19 13:19:13.908"
"ALB","223.880","7","224.290","2","-53","224.36","76adaf96-50f0-4d10-b2f0-3a061cbe509e","2022-01-19 13:19:13.908"
"ALB","223.900","1","224.250","2","-53","224.36","7a5975da-b995-476a-b746-be39c1cf2b1a","2022-01-19 13:19:13.908"
"ALB","224.210","1","224.480","2","53","223.60","c4aab476-b4fe-428e-ae4a-46d0ded07bc1","2022-01-19 13:29:24.539"
"ALB","223.930","3","224.390","2","53","223.60","8d9fca65-4aa6-41d7-8cb6-6537f55480ec","2022-01-19 13:29:24.539"
"ALB","224.040","1","224.310","2","53","223.60","c2e51e8e-3acf-4646-82ea-42422daa2f51","2022-01-19 13:29:24.539"
"ALB","224.070","1","224.310","1","53","223.60","9f1c5b38-a9a1-46eb-bdec-083b3ae6b81f","2022-01-19 13:29:24.539"
"ALB","224.070","1","224.310","1","53","223.60","5b79a0d0-c093-4eef-87fe-da2484eef11b","2022-01-19 13:29:24.539"
"ALB","224.070","1","224.310","1","53","223.60","657a224d-4c1c-4366-af87-cc033e8d7b09","2022-01-19 13:29:24.539"
"ALB","224.110","1","224.310","1","53","223.60","358ee15e-d327-40b1-a13a-d695084fb749","2022-01-19 13:29:24.539"
"ALB","223.920","1","224.250","3","53","223.43","be700cf8-8426-4844-8495-17eb7fa871df","2022-01-19 13:29:36.742"
"ALB","224.090","1","224.410","2","53","223.43","cd6f29b3-4083-4a8b-8935-57a6547e9ec0","2022-01-19 13:29:36.742"
"ALB","223.980","2","224.400","2","53","223.43","bc265572-ce39-424d-bc76-a2b8729df2ee","2022-01-19 13:29:36.742"
"ALB","223.980","2","224.400","2","53","223.43","d48e568d-2b9e-4d67-b31d-cc01afe2a378","2022-01-19 13:29:36.742"
"ALB","224.010","1","224.310","1","53","223.43","f2247a45-6886-417a-bee4-e37329a54bba","2022-01-19 13:29:36.742"
"ALB","224.010","1","224.310","1","53","223.43","3aaadb81-2ffc-4f9c-a5bf-a7864a11eb93","2022-01-19 13:29:36.742"
"ALB","223.080","2","223.520","1","-53","223.52","9f27e085-01b0-4b00-9d59-ced2c9a77269","2022-01-19 13:30:57.122"
"ALB","223.080","2","223.520","1","-53","223.52","04a51c6c-8c0c-4f3b-835c-9f9b11177840","2022-01-19 13:30:57.122"
"ALB","223.080","2","223.520","1","-53","223.52","3097d9d8-f063-4546-bfa9-dd921003fca4","2022-01-19 13:30:57.122"
"ALB","223.080","2","223.520","1","-53","223.52","3f95333b-e5e9-4209-b14d-fce9fa7a4e24","2022-01-19 13:30:57.122"
"ALB","223.080","2","223.520","1","-53","223.52","43dd58e9-d279-4bed-8628-0be472d77802","2022-01-19 13:30:57.122"
"ALB","223.080","2","223.520","1","-53","223.52","4d73ade1-5b7b-4e05-9c65-5feb63ec3bd1","2022-01-19 13:30:57.122"
"ALB","223.080","2","223.520","1","-53","223.52","8c76eebc-ff46-4ea5-bb54-750f60b637f3","2022-01-19 13:30:57.122"
"ALB","223.250","1","223.640","2","-53","223.64","6d1e70d3-23be-4e17-8bb3-358b5a49b14d","2022-01-19 13:30:59.013"
"ALB","223.250","1","223.640","2","-53","223.64","983d943e-e1bf-4f4c-8b28-bc5afa153de4","2022-01-19 13:30:59.013"
"ALB","223.250","1","223.640","2","-53","223.64","8e9ea1da-3171-49b4-be14-f0a431ba9085","2022-01-19 13:30:59.013"
"ALB","223.290","1","223.640","2","-53","223.64","e7cb8e92-5483-4a42-816b-cb90935932c1","2022-01-19 13:30:59.013"
"ALB","223.290","1","223.640","2","-53","223.64","66398df4-278a-4339-b7a6-131ba7e2dceb","2022-01-19 13:30:59.013"
"ALB","223.430","1","223.680","1","-53","223.68","d58037ad-b175-4278-935d-9ab0302556d6","2022-01-19 13:31:00.375"
"ALB","223.350","1","223.550","1","53","223.45","f3ff3837-5320-4a55-a2fa-52dfd519dd9b","2022-01-19 13:46:11.174"
"ALB","223.000","4","223.310","1","-53","223.33","e838fc43-e3cf-434f-8b50-a30d4b966448","2022-01-19 13:47:55.498"
"ALB","223.550","1","223.790","1","53","223.26","83d17aaa-3186-4661-b298-19fdfe9962a5","2022-01-19 14:05:30.516"
"ALB","223.450","2","223.720","2","53","223.26","4f1d4c34-e742-49a3-b6f0-c3f470e5a6ce","2022-01-19 14:05:30.516"
"ALB","223.400","8","223.770","2","53","223.23","c0b739d4-2546-40b1-ada6-f805adfd7890","2022-01-19 14:05:30.520"
"ALB","223.680","2","223.960","1","53","222.99","ec73df57-725d-47f1-aca8-f842f6c6a591","2022-01-19 14:05:42.046"
"ALB","223.690","2","223.880","1","53","222.99","f9e3d419-5979-49ed-b980-6329480543ea","2022-01-19 14:05:42.046"
"ALB","223.620","2","224.040","4","53","222.99","2620530e-653f-4ee7-a4ee-4dccd6f7b826","2022-01-19 14:05:42.046"
"ALB","223.810","1","224.020","2","53","222.99","f4090bf1-f852-4393-bf43-e2cec9b0c549","2022-01-19 14:05:42.046"
"ALB","223.820","1","224.120","2","53","222.99","7cca575f-29f5-43fd-bace-ecee29e37868","2022-01-19 14:05:42.046"
"ALB","223.680","3","224.050","2","53","222.99","a4ebb95e-2ccb-482e-87cc-6877ad6a236b","2022-01-19 14:05:42.046"
"ALB","222.380","1","222.760","2","-53","222.76","4b70a3f9-d9da-4b65-a58d-aca73e28d04d","2022-01-19 14:07:01.656"
"ALB","222.380","1","222.760","2","-53","222.76","c1948142-1201-4f3a-b5fc-ecbba165ad86","2022-01-19 14:07:01.656"
"ALB","222.380","1","222.760","2","-53","222.76","4e08eeea-2852-4130-aeda-b3ef47e8eabd","2022-01-19 14:07:01.656"
"ALB","222.380","1","222.760","2","-53","222.76","d5a5c5c8-075a-4439-9a8c-0ae54e4f38b1","2022-01-19 14:07:01.656"
"ALB","222.450","3","222.760","1","-53","222.76","806f858a-c9df-4279-85b8-114f333027af","2022-01-19 14:07:01.656"
"ALB","222.450","3","222.760","1","-53","222.76","0721ba2d-bf16-4f98-85e7-7b573a69fe15","2022-01-19 14:07:01.656"
"ALB","222.620","1","222.890","1","-53","222.89","095d0f2e-cbbc-4d17-9c80-4d570a5b5a78","2022-01-19 14:07:12.098"
"ALB","222.680","1","223.020","2","-53","223.02","db99ed59-0364-4cde-9bd1-3a4b42f6778a","2022-01-19 14:07:48.336"
"ALB","222.680","1","223.020","2","-53","223.02","218a555c-a23f-4d9b-af37-3d1602b0ec99","2022-01-19 14:07:48.336"
"ALB","222.470","1","222.820","1","54","221.91","b0766c1e-06ae-4e46-af02-0f209f1bc866","2022-01-19 14:21:32.844"
"ALB","222.340","2","222.640","1","54","221.91","848d0eaa-e922-4954-ba55-3fd9f842d2b9","2022-01-19 14:21:32.844"
"ALB","222.340","2","222.640","1","54","221.91","f41bf70f-ac8f-4ea9-b9cb-92935e71014b","2022-01-19 14:21:32.844"
"ALB","222.250","1","222.740","1","54","221.91","88441bdb-b679-4d09-a2b9-744091a6ee69","2022-01-19 14:21:32.844"
"ALB","222.290","1","222.720","2","54","221.91","6c68b762-a96e-41bc-ab47-990dabcf8fd7","2022-01-19 14:21:32.844"
"ALB","222.140","1","222.410","1","-54","222.47","e209f451-cb69-40ad-a959-96ff0a8b8622","2022-01-19 14:22:03.543"
"ALB","222.140","1","222.470","2","-54","222.47","5938c5fc-0a81-48ec-88c4-ff68afd8c2b0","2022-01-19 14:22:21.555"
"ALB","222.130","1","222.540","1","-54","222.54","a26edc33-f6bb-49ac-b761-443fd28df873","2022-01-19 14:23:33.268"
"ALB","222.100","1","222.280","1","-54","222.28","b4e200af-be79-40d3-99c1-665488c4d788","2022-01-19 14:25:15.570"
"ALB","221.870","1","222.060","2","-54","222.06","9092c273-45cf-407a-acca-067601a9240a","2022-01-19 14:28:12.092"
"ALB","221.760","1","222.140","2","54","221.64","b24e2c53-e0d2-42c2-8cd9-132c3748a0a2","2022-01-19 14:28:34.571"
"ALB","221.650","1","222.010","2","54","221.64","7901e05a-8ca3-4915-850e-cdf7a190ca76","2022-01-19 14:28:34.571"
"ALB","221.650","1","221.980","1","54","221.64","d02855e3-5a30-43f7-bf10-03f2a30f2521","2022-01-19 14:28:34.571"
"ALB","222.290","1","222.640","1","54","221.46","e29544c2-ce79-4c2a-b080-65939c95cf47","2022-01-19 14:31:50.908"
"ALB","222.350","1","222.620","1","54","221.46","cd06f4e5-d0ed-4af7-8c8d-59e9222181bc","2022-01-19 14:31:50.908"
"ALB","222.350","1","222.620","1","54","221.46","f9b472e4-43bd-4d5d-b281-5642cd2a26a5","2022-01-19 14:31:50.908"
"ALB","221.520","1","221.720","1","-54","221.72","d80d3506-f071-493f-b1c5-64f6e9a4dfc1","2022-01-19 14:32:51.204"
"ALB","221.520","1","221.720","1","-54","221.72","b45f3766-ac7b-408b-a1e2-01decfc30f18","2022-01-19 14:32:51.204"
"ALB","221.300","1","221.480","1","-54","221.48","a08a1771-16bf-45aa-b2e2-d9933b6336be","2022-01-19 14:34:02.114"
"ALB","221.300","1","221.480","1","-54","221.48","216cfe24-5f77-472b-b458-fb8e68819ed1","2022-01-19 14:34:02.114"
"ALB","221.560","1","221.690","1","-54","221.75","09a6d779-e7b2-444b-8693-10d7c4538482","2022-01-19 14:34:16.836"
"ALB","221.550","1","221.750","1","-54","221.75","351c74e4-c10e-4759-a95b-4eb9e79fae60","2022-01-19 14:34:56.579"
"ALB","222.220","1","222.500","2","53","222.23","da085423-1876-4bd8-808c-bbd3b26e0064","2022-01-19 14:36:43.007"
"ALB","221.900","4","222.170","1","-53","222.17","59f18690-9d17-46dd-80a4-86109f35b6e2","2022-01-19 14:43:33.010"
"ALB","222.200","5","222.640","1","54","221.50","4cbbc145-a7ec-471d-abd4-4ef17cc3c8fd","2022-01-19 14:48:13.543"
"ALB","222.220","2","222.520","1","54","221.50","9ae39ae5-0834-45a6-8c47-ee84f1eefc9c","2022-01-19 14:48:13.543"
"ALB","222.220","2","222.570","2","54","221.50","16823e2d-896e-46b5-a3f2-a007fa3e78c0","2022-01-19 14:48:13.543"
"ALB","222.210","1","222.410","1","54","221.50","bdca00aa-89b5-4bd1-91ff-7d4fb273c219","2022-01-19 14:48:13.543"
"ALB","222.210","1","222.390","1","54","221.41","1eb6ae81-effc-40da-8572-f22c11a7c84d","2022-01-19 14:48:24.088"
"ALB","221.480","1","221.640","2","-54","221.64","3adfbb97-871d-47c8-a854-16df2ab0fb12","2022-01-19 14:49:46.149"
"ALB","221.480","1","221.640","2","-54","221.64","05e6e6eb-37ce-461c-997c-a7b5d17d7ee6","2022-01-19 14:49:46.149"
"ALB","221.480","1","221.640","2","-54","221.64","b8e67ced-784b-4a1c-9d0e-ec46a28de369","2022-01-19 14:49:46.149"
"ALB","221.480","1","221.640","2","-54","221.64","3a3d081a-d280-4f08-a6ca-eea7ad23ef96","2022-01-19 14:49:46.149"
"ALB","221.580","1","221.760","1","-54","221.76","11acf1d4-5920-4436-9f6b-74a5f83dd7f1","2022-01-19 14:51:06.030"
"ALB","222.330","1","222.650","1","54","221.78","d8d77f2d-e2ba-4474-a08b-78350f992046","2022-01-19 15:03:58.369"
"ALB","222.360","1","222.610","2","54","221.78","35646cd1-6d59-4977-8677-cf70cfc23872","2022-01-19 15:03:58.369"
"ALB","222.480","1","222.850","2","54","221.78","6204b388-e568-4640-8235-3dafeacee48b","2022-01-19 15:03:58.369"
"ALB","222.480","3","222.740","1","54","221.78","0e9b7336-d55d-4aed-8973-dd05b763d03d","2022-01-19 15:03:58.369"
"ALB","222.100","4","222.410","1","54","221.78","643b411b-44e1-4ff0-8afb-3e23ad9e3552","2022-01-19 15:03:58.369"
"ALB","222.100","4","222.400","1","54","221.78","d7f47809-fe23-4cb9-adfc-697f0b1b7bed","2022-01-19 15:03:58.369"
"ALB","222.370","2","222.600","1","54","221.78","1d56aef2-319f-45ff-a080-db83b27bd5c5","2022-01-19 15:03:58.369"
"ALB","222.370","1","222.600","1","54","221.78","509ddb53-4f19-44f4-8111-ca49b0871f02","2022-01-19 15:03:58.369"
"ALB","222.370","1","222.600","1","54","221.78","53dd9841-f929-4dab-a0ca-78b14777dc18","2022-01-19 15:03:58.369"
"ALB","222.370","2","222.600","1","54","221.78","96d085d9-9662-4d7d-8ec4-cab4876e8056","2022-01-19 15:03:58.369"
"ALB","222.370","2","222.600","1","54","221.78","6c264954-ef34-43a9-a4a0-eb54e5c02f27","2022-01-19 15:03:58.369"
"ALB","222.130","3","222.480","1","54","221.78","159f4e47-ba66-4edf-b491-23f3ebea4a9b","2022-01-19 15:03:58.369"
"ALB","222.060","2","222.450","2","54","221.78","43ef3db7-7bd3-4a66-b055-5a246820af43","2022-01-19 15:03:58.369"
"ALB","221.970","2","222.310","2","54","221.78","6e88a327-f161-403e-b47b-2b54d18bce68","2022-01-19 15:03:58.369"
"ALB","221.990","1","222.310","2","54","221.78","e798eaf3-d842-40be-a6c2-950ae2ecba22","2022-01-19 15:03:58.369"
"ALB","221.910","4","222.310","2","54","221.78","5aa9f82f-0028-4629-b532-a263a5a3b7c7","2022-01-19 15:03:58.369"
"ALB","222.080","1","222.310","2","54","221.78","c1b76b38-39cf-4c40-b257-f075d1733d54","2022-01-19 15:03:58.369"
"ALB","221.750","1","221.930","1","-54","221.95","3a4967ec-4ea4-428e-90a8-7e180c02af6e","2022-01-19 15:04:37.914"
"ALB","221.750","1","221.930","1","-54","221.95","453a39b1-9d59-4941-8061-d5d40a7c53b3","2022-01-19 15:04:37.914"
"ALB","221.750","1","221.930","1","-54","221.95","243ffd08-0333-4926-b398-2b8398732175","2022-01-19 15:04:37.914"
"ALB","221.750","1","221.930","1","-54","221.95","21d8abbb-3359-4b20-8c38-f89bd6952168","2022-01-19 15:04:37.914"
"ALB","221.850","1","222.160","4","-54","222.17","0b2144a0-69a6-4380-b7ff-719d652906ef","2022-01-19 15:05:06.602"
"ALB","221.850","1","222.160","4","-54","222.17","af5547d3-bc4b-43e3-9f52-4a852ed7ee84","2022-01-19 15:05:06.602"
"ALB","221.850","1","222.160","4","-54","222.17","9eedc167-3a1d-49c8-9840-c2311e394c41","2022-01-19 15:05:06.602"
"ALB","221.850","1","222.160","4","-54","222.17","aa9e538c-5218-4869-bf77-68ae6e8f2c91","2022-01-19 15:05:06.602"
"ALB","221.850","1","222.160","4","-54","222.17","15837b7f-c5db-413f-aea5-0c6881655085","2022-01-19 15:05:06.602"
"ALB","221.850","1","222.160","4","-54","222.17","7dbe66d9-f488-4fe8-95c7-edc91fc86080","2022-01-19 15:05:06.602"
"ALB","222.100","1","222.290","1","-54","222.29","70573fa3-f967-4c11-80e2-0e6f8a0b27b1","2022-01-19 15:05:25.157"
"ALB","222.100","1","222.290","1","-54","222.29","f0f96e62-79e7-4435-a91b-43756cfc6d28","2022-01-19 15:05:25.157"
"ALB","222.270","1","222.440","2","-54","222.44","40ea22f7-98e6-4f5f-99ba-f5c6a44f18ad","2022-01-19 15:06:03.957"
"ALB","222.270","1","222.440","2","-54","222.44","d563d928-f9f9-4861-afb5-2ae1affddaa9","2022-01-19 15:06:03.957"
"ALB","222.450","1","222.680","1","-54","222.68","8eef6dfb-de62-4624-b3e8-c172ec107e4f","2022-01-19 15:06:10.191"
"ALB","222.450","1","222.680","1","-54","222.68","5b200ada-f9fe-481c-9122-fcab8cf58f45","2022-01-19 15:06:10.191"
"ALB","222.520","4","222.850","2","-54","222.85","1819dadf-545c-40f9-b46b-23e016156415","2022-01-19 15:06:44.192"
"ALB","222.260","2","222.490","2","54","221.85","e0db55bc-dfb1-43bc-9847-440f568d19d0","2022-01-19 15:28:40.070"
"ALB","222.270","1","222.490","7","54","221.85","832eaa06-7d75-4f8b-a298-cf4006c5bae3","2022-01-19 15:28:40.070"
"ALB","222.270","1","222.490","2","54","221.85","54c0e8d1-a51e-4d4a-b427-134606ee31de","2022-01-19 15:28:40.070"
"ALB","222.480","1","222.740","2","54","221.77","7d21580c-b966-4276-89f0-1123bcbb454e","2022-01-19 15:29:00.894"
"ALB","222.390","2","222.640","1","54","221.77","6216f44a-da52-4a1d-8917-540ea903011d","2022-01-19 15:29:00.894"
"ALB","222.390","2","222.630","1","54","221.77","bd411e00-e6b9-49cd-ac4b-4a8909457327","2022-01-19 15:29:00.894"
"ALB","222.490","1","222.660","1","54","221.77","b1176f41-9eb2-4879-b8c7-f470fce05d99","2022-01-19 15:29:00.894"
"ALB","222.490","1","222.660","1","54","221.77","d6d623eb-3387-4e57-8163-486931750d7f","2022-01-19 15:29:00.894"
"ALB","222.450","1","222.670","1","54","221.77","4211cfea-ae0f-4c39-acde-583763580c84","2022-01-19 15:29:00.894"
"ALB","222.470","1","222.690","1","54","221.77","cf7015de-33e3-4bec-8ddc-f02bb6d3f5c4","2022-01-19 15:29:00.894"
"ALB","221.550","2","221.720","1","-54","221.73","b7716d9c-fc08-44f2-bb5e-211233303937","2022-01-19 15:30:23.980"
"ALB","221.550","2","221.720","1","-54","221.73","82e2ee72-f893-4ed9-9bf7-202a999fbd9b","2022-01-19 15:30:23.980"
"ALB","221.550","2","221.720","1","-54","221.73","6176fc97-71ea-4a0e-a8f1-ae3a03116649","2022-01-19 15:30:23.980"
"ALB","221.550","2","221.720","1","-54","221.73","7638e61d-42a0-4392-ab56-0be2306cf13b","2022-01-19 15:30:23.980"
"ALB","221.550","2","221.720","1","-54","221.73","ed3c6a6f-a0fd-4c67-9375-c9af19a47481","2022-01-19 15:30:23.980"
"ALB","221.880","1","222.160","2","54","221.43","23237b86-0a92-4a0d-b85f-e799e3381968","2022-01-19 15:32:08.805"
"ALB","222.580","3","222.860","1","54","221.43","64888808-45f2-43b8-aedd-e0e7f0bf390c","2022-01-19 15:32:08.805"
"ALB","222.320","2","222.640","1","54","221.43","a965947c-46de-46a0-9839-04c9ed530044","2022-01-19 15:32:08.805"
"ALB","222.300","1","222.640","1","54","221.43","a5c861ae-d909-42f8-9c53-5eecc70822a4","2022-01-19 15:32:08.805"
"ALB","222.390","1","222.760","4","54","221.43","a65e0dc1-0a20-43f0-ac0e-180cffd53a30","2022-01-19 15:32:08.805"
"ALB","221.600","1","221.910","2","54","221.32","b29cae0c-acfe-4aad-9c57-f3b00f51dab5","2022-01-19 15:32:09.886"
"ALB","221.550","5","221.860","1","54","221.32","8f5d5c81-8edc-455b-b914-32a1ff4238d5","2022-01-19 15:32:09.886"
"ALB","221.550","5","221.750","1","54","221.32","8623bd64-332e-4cd1-a32d-87d82a2fdc2d","2022-01-19 15:32:09.886"
"ALB","221.550","5","221.840","1","54","221.32","923906a4-c690-4ad7-943f-225c4d1031ec","2022-01-19 15:32:09.886"
"ALB","221.760","4","222.080","3","54","221.32","4bfb9149-1c3f-4ebc-9a8d-83d1c8fd9edd","2022-01-19 15:32:09.886"
"ALB","221.840","1","222.120","2","54","221.32","7b5cbeb6-4cb3-4f35-9c17-88bdaa78f042","2022-01-19 15:32:09.886"
"ALB","221.150","1","221.270","1","-864","221.15","484d316d-d2ca-4f61-90b1-7bf58c947a84","2022-01-19 15:48:00.006"
"ALC","79.080","7","79.150","1","151","78.94","be0327d5-6ab3-49ff-9d95-c74784b6c513","2022-01-19 10:00:35.874"
"ALC","79.080","7","79.150","1","152","78.94","ba95e118-48a8-4942-96b1-62859d9883e4","2022-01-19 10:00:35.874"
"ALC","79.080","9","79.150","1","152","78.94","adb616e8-750d-4845-b642-667114c1932a","2022-01-19 10:00:35.874"
"ALC","79.000","7","79.070","2","-152","79.07","5ae2d759-8327-4b7d-9de8-6be1350a0c8c","2022-01-19 10:03:43.833"
"ALC","79.060","9","79.130","1","-151","79.13","7012d086-f59e-4ec6-895b-ccf9219692e2","2022-01-19 10:04:01.127"
"ALC","79.200","7","79.250","2","-152","79.25","982be421-0795-4128-9261-94a895bb3074","2022-01-19 10:05:32.764"
"ALC","79.250","1","79.290","1","151","79.02","45524aea-1299-4883-982c-01ab137e3057","2022-01-19 10:38:43.759"
"ALC","79.280","7","79.320","3","151","79.02","e692d359-df43-403f-a016-259ca7b68b48","2022-01-19 10:38:43.759"
"ALC","79.280","7","79.320","3","151","79.02","eacd13ae-0265-419b-b528-65ce7017c110","2022-01-19 10:38:43.759"
"ALC","79.260","7","79.320","9","151","79.02","d530932f-a750-4edd-8bc1-322a8f8680a7","2022-01-19 10:38:43.759"
"ALC","79.300","7","79.380","7","151","78.98","285bbfdc-0b90-4d45-a78f-1a2836a8630f","2022-01-19 10:39:30.066"
"ALC","79.340","7","79.380","1","151","78.98","600fc966-d176-463d-b25f-3b8cb2948f02","2022-01-19 10:39:30.066"
"ALC","79.340","1","79.380","1","151","78.98","b2e602cc-0e16-44ce-bcd9-fd70d62ae362","2022-01-19 10:39:30.066"
"ALC","79.320","7","79.380","8","151","78.98","60b69f15-76a2-4a12-92d6-ea7d1c644a66","2022-01-19 10:39:30.066"
"ALC","79.320","7","79.380","8","151","78.98","d9b23e41-3e6c-414b-8169-ade93c9767ad","2022-01-19 10:39:30.066"
"ALC","79.340","7","79.390","1","151","78.98","64f9b0e5-1b9d-435e-971c-5ecec8efefc4","2022-01-19 10:39:30.066"
"ALC","79.220","7","79.280","3","151","78.98","51e417ab-331e-46ce-b402-594ed97c5b3c","2022-01-19 10:39:30.066"
"ALC","78.860","7","78.910","2","-151","78.91","c71d24ee-f227-430c-8bb5-dc642abb9dd5","2022-01-19 10:43:43.226"
"ALC","78.860","7","78.910","2","-151","78.91","9d984d19-a537-4cb3-9351-aa1a9e2f633e","2022-01-19 10:43:43.226"
"ALC","78.860","7","78.910","2","-151","78.91","768b9b82-4c29-4fa8-9e68-563b1d019a9d","2022-01-19 10:43:43.226"
"ALC","78.860","7","78.910","2","-151","78.91","50c42c6c-0a3d-4f58-89c7-25e190d9c517","2022-01-19 10:43:43.226"
"ALC","78.860","7","78.910","2","-151","78.91","afe09460-48ff-455e-9325-9f780518e7b0","2022-01-19 10:43:43.226"
"ALC","78.860","7","78.910","2","-151","78.91","8ec6c6de-399c-4c01-8c89-67a540901a06","2022-01-19 10:43:43.226"
"ALC","78.860","7","78.910","3","-151","78.91","71552fed-01e5-40f3-b28c-d7e7223ebd78","2022-01-19 10:44:23.219"
"ALC","78.860","7","78.910","3","-151","78.91","3470f3c6-c41a-4236-a913-cb9506b32444","2022-01-19 10:44:23.219"
"ALC","78.860","7","78.910","3","-151","78.91","7aee93b9-ee71-4db3-b9af-95cbf50a65ce","2022-01-19 10:44:23.219"
"ALC","78.860","9","78.910","3","-151","78.91","63b1487f-3340-4d91-b8f4-60eee996ce1f","2022-01-19 10:44:23.219"
"ALC","78.860","9","78.910","3","-151","78.91","b1f4ea34-1835-415a-80af-b29aa4a8adda","2022-01-19 10:44:23.219"
"ALC","78.880","7","78.950","4","151","78.95","276e101a-0d51-4b6c-8644-428328eecd93","2022-01-19 10:48:00.006"
"ALC","78.860","7","78.920","9","-151","78.92","7f7013a4-0e1a-4728-8e8a-9a9d276ec820","2022-01-19 10:51:10.781"
"ALC","78.920","9","78.980","1","151","78.98","95538f15-d03b-4f5b-88f5-f8dffe7c9f4f","2022-01-19 10:52:30.006"
"ALC","78.880","7","78.920","3","-151","78.92","2ffed37b-bfd2-475b-b748-0f30834306f1","2022-01-19 10:58:20.184"
"ALC","78.980","7","79.040","1","152","78.80","4a71ef49-1bec-42bf-a62e-4d28f9081b68","2022-01-19 11:00:57.984"
"ALC","79.020","7","79.070","1","152","78.80","643f2c8a-6dd1-4740-9540-7ae8bd874883","2022-01-19 11:00:57.984"
"ALC","79.040","9","79.070","1","152","78.80","ba37597e-024f-48a7-ba4c-ffbbc5c38efd","2022-01-19 11:00:57.984"
"ALC","79.040","8","79.140","7","152","78.80","c6c86de6-5585-4b9b-8699-e5d069e8cd86","2022-01-19 11:00:57.984"
"ALC","79.040","8","79.140","7","152","78.80","67638626-057c-49d0-8485-75d2d913df19","2022-01-19 11:00:57.984"
"ALC","79.040","7","79.120","9","152","78.80","e0169224-5249-40c9-a30b-f80f55337277","2022-01-19 11:00:57.984"
"ALC","79.040","7","79.120","9","152","78.80","dabe4e86-89e1-4db4-9f4f-d80545933141","2022-01-19 11:00:57.984"
"ALC","79.040","7","79.120","9","152","78.80","fe0a36ed-3203-4e39-be26-c0afcbf9317d","2022-01-19 11:00:57.984"
"ALC","79.020","10","79.100","7","152","78.80","7195aaca-5dfb-41b4-84b3-89bafc610365","2022-01-19 11:00:57.984"
"ALC","79.080","7","79.160","8","152","78.80","6754fb6c-e849-4b09-a822-767752929542","2022-01-19 11:00:57.984"
"ALC","79.080","7","79.160","8","152","78.80","ecdcfe80-34b8-4cc4-8e8a-9cc729173e8e","2022-01-19 11:00:57.984"
"ALC","78.700","6","78.760","2","-152","78.76","3a62d371-92cd-4094-bd11-e44359af339b","2022-01-19 11:03:32.654"
"ALC","78.700","6","78.760","2","-152","78.76","35a6d503-ff8b-4494-bbef-3bae7066c05c","2022-01-19 11:03:32.654"
"ALC","78.700","6","78.760","2","-152","78.76","2f35eedf-b5f7-4db9-a6fb-050826a48e1f","2022-01-19 11:03:32.654"
"ALC","78.700","6","78.760","2","-152","78.76","03b777d9-018b-4e0b-a2a2-d63b946d2a98","2022-01-19 11:03:32.654"
"ALC","78.700","6","78.760","2","-152","78.76","a5d29996-4d1c-416f-97dd-5d6f6001a35f","2022-01-19 11:03:32.654"
"ALC","78.700","6","78.760","2","-152","78.76","0c199ffa-e056-46a5-8cad-4d45f1b0c9a9","2022-01-19 11:03:32.654"
"ALC","78.720","7","78.760","2","-152","78.76","19eb3e40-89ad-420a-ad9f-ff49dd737cb4","2022-01-19 11:03:48.952"
"ALC","78.720","7","78.760","2","-152","78.76","5f660816-4d49-4a41-bf74-7b9d7e21ab7d","2022-01-19 11:03:48.952"
"ALC","78.720","7","78.760","2","-152","78.76","049d2fa2-6128-4df3-a5f4-6d1a20463391","2022-01-19 11:03:48.952"
"ALC","78.540","9","78.610","3","-152","78.61","e2774a6b-d232-4f90-9f3c-c4d01fee9017","2022-01-19 11:05:59.971"
"ALC","78.540","9","78.610","3","-152","78.61","22b1867a-e88c-491a-b672-2518518c2d97","2022-01-19 11:05:59.971"
"ALC","78.660","4","78.690","3","152","78.53","6c76fe7f-b91e-4694-af64-2ea9674e019a","2022-01-19 11:44:44.991"
"ALC","78.720","3","78.740","1","152","78.53","7069a285-24ea-4fb7-bf29-eaa69d47e7f9","2022-01-19 11:44:44.991"
"ALC","78.830","1","78.900","2","152","78.53","311d23ec-02d6-4b27-b8a5-30c9c3665a16","2022-01-19 11:44:44.991"
"ALC","78.830","1","78.900","2","152","78.53","48fc59e6-8246-4142-944b-e21986622de0","2022-01-19 11:44:44.991"
"ALC","78.840","1","78.900","2","152","78.53","7f91f61a-b935-4513-bc77-2452afffed24","2022-01-19 11:44:44.991"
"ALC","78.840","1","78.900","2","152","78.53","bd1121fc-78d7-49cb-beed-559e7dbc02d5","2022-01-19 11:44:44.991"
"ALC","78.840","2","78.900","2","152","78.53","21a42953-1951-4309-8d3a-d17ac3cf58fa","2022-01-19 11:44:44.991"
"ALC","78.840","3","78.900","2","152","78.53","5471fad5-8d19-43a6-9644-b1b1d173fc57","2022-01-19 11:44:44.991"
"ALC","78.650","2","78.840","1","152","78.53","9085f72b-c082-4b45-9c53-e324399d7a25","2022-01-19 11:44:44.991"
"ALC","78.650","2","78.840","1","152","78.53","0f670f86-88f1-42f3-8539-932ae62128d7","2022-01-19 11:44:44.991"
"ALC","78.650","2","78.840","1","152","78.53","00817809-77d8-45d9-929a-f18c7c39a31f","2022-01-19 11:44:44.991"
"ALC","78.640","1","78.710","1","-152","78.71","2d5a66cc-8cb4-4392-b61c-db5b90167d27","2022-01-19 11:48:20.411"
"ALC","78.640","1","78.710","1","-152","78.71","9def4efc-38dd-41c0-be56-e9b4ad910314","2022-01-19 11:48:20.411"
"ALC","78.640","1","78.710","1","-152","78.71","0e992ee9-d68b-477d-9446-6764c2182f61","2022-01-19 11:48:20.411"
"ALC","78.640","1","78.710","1","-152","78.71","7a7a9065-c8cd-4d63-b748-8af2510b0d8c","2022-01-19 11:48:20.411"
"ALC","78.560","1","78.620","3","-152","78.62","19453541-d651-4140-942f-c462b2cd0a10","2022-01-19 11:51:23.957"
"ALC","78.560","1","78.620","4","-152","78.62","a2f9c43b-34f6-4d1e-be8d-915d4fd03422","2022-01-19 11:51:36.733"
"ALC","78.560","1","78.620","4","-152","78.62","7026253f-20a6-44bc-be7a-dedd0db03e75","2022-01-19 11:51:36.733"
"ALC","78.560","1","78.620","4","-152","78.62","aa21da23-fb2c-4c01-817c-afbf6c2f2c09","2022-01-19 11:51:36.733"
"ALC","78.580","1","78.620","3","-152","78.62","ae30e092-9e85-45ed-b84f-a9942f6f3d3c","2022-01-19 11:51:50.459"
"ALC","78.590","2","78.640","1","-152","78.65","9cc70f6c-8b53-40ca-9d7b-da47d34006b4","2022-01-19 11:53:22.930"
"ALC","78.640","4","78.670","1","-152","78.67","2682efcc-a4a3-4ea2-a53d-f15d9ddf7ac0","2022-01-19 12:00:48.372"
"ALC","78.630","5","78.660","1","152","78.59","bdf020c1-b317-441c-819e-bdb9ba1cabb4","2022-01-19 12:10:31.896"
"ALC","78.740","3","78.810","2","-152","78.81","d625c73e-6e80-43e9-8a53-ed0d349e45ad","2022-01-19 12:14:26.727"
"ALC","78.820","1","78.920","3","152","78.77","1369710d-0362-4da3-830f-1e40c0783c2a","2022-01-19 12:40:58.174"
"ALC","78.820","1","78.920","3","152","78.77","a0dc30ae-8330-4dc8-ad9e-862cae1fda17","2022-01-19 12:40:58.174"
"ALC","78.820","1","78.920","3","152","78.77","44417281-0580-4ff2-b29f-01deb6f92cda","2022-01-19 12:40:58.174"
"ALC","78.830","1","78.910","3","152","78.77","d3cb9adc-27cc-4d44-9425-764726a9815c","2022-01-19 12:40:58.174"
"ALC","78.850","3","78.910","1","152","78.77","5cc0c3b7-2d49-44bf-bd0b-1daf1ecb4829","2022-01-19 12:40:58.174"
"ALC","78.850","5","78.910","1","152","78.77","459fd237-b822-4aec-aebc-3d7e89516a3f","2022-01-19 12:40:58.174"
"ALC","78.850","5","78.910","2","152","78.77","f6eda6bf-d4c5-4be2-9eaa-db180b73f392","2022-01-19 12:40:58.174"
"ALC","78.840","1","78.870","2","152","78.77","ab16bf1e-fcd4-4f73-bcfd-e89553c8e414","2022-01-19 12:40:58.174"
"ALC","78.900","1","78.950","2","152","78.74","91f32c69-3578-4f7c-a62f-407241710124","2022-01-19 12:40:58.514"
"ALC","78.900","1","78.950","2","152","78.74","332565bc-1267-4874-9b85-49ce25cc9f45","2022-01-19 12:40:58.514"
"ALC","78.910","3","78.950","1","152","78.74","b97d0691-ceee-4d79-b33b-4e7f7e8e50c1","2022-01-19 12:40:58.514"
"ALC","78.820","1","78.920","3","152","78.74","e67dc42f-2c58-49c9-8150-9eb288fa2357","2022-01-19 12:40:58.514"
"ALC","78.610","5","78.720","1","-152","78.72","08c222eb-55a7-45cd-99fd-d7a5b712839b","2022-01-19 12:43:35.377"
"ALC","78.610","5","78.720","1","-152","78.72","f0890f12-8811-46a0-84f3-52e1d78cff96","2022-01-19 12:43:35.377"
"ALC","78.610","5","78.720","1","-152","78.72","88aa0e25-a5fc-40f8-9541-1d802117cfab","2022-01-19 12:43:35.377"
"ALC","78.610","5","78.720","1","-152","78.72","e7373d34-eac0-4cfc-8c41-68e4ec7fa732","2022-01-19 12:43:35.377"
"ALC","78.610","5","78.720","1","-152","78.72","8ad6e29b-4f5b-43ef-9a8c-ca770dcea107","2022-01-19 12:43:35.377"
"ALC","78.610","5","78.720","1","-152","78.72","f09c3103-43f7-49be-b929-d527f2ee2790","2022-01-19 12:43:35.377"
"ALC","78.610","5","78.720","1","-152","78.72","02b9d432-b11d-47a1-8dde-66679455d061","2022-01-19 12:43:35.377"
"ALC","78.610","5","78.720","1","-152","78.72","6d457b58-0881-4a68-b575-c4b6743cee78","2022-01-19 12:43:35.377"
"ALC","78.620","3","78.720","1","-152","78.72","99a68e74-369f-40d7-a5ba-ab478f2a9d6f","2022-01-19 12:43:35.377"
"ALC","78.620","3","78.720","1","-152","78.72","3a7804c3-a015-4a6d-9d24-338bf601d265","2022-01-19 12:43:35.377"
"ALC","78.620","3","78.720","1","-152","78.72","2d2cef2b-8e8e-43f5-8969-63467e26e3e2","2022-01-19 12:43:35.377"
"ALC","78.620","3","78.720","1","-152","78.72","2a176265-5eba-4f31-9dc9-10c414756fca","2022-01-19 12:43:35.377"
"ALC","78.590","1","78.680","2","152","78.65","b1c21a44-f072-4525-b69c-7b2344092c9c","2022-01-19 13:06:20.743"
"ALC","78.610","1","78.700","3","-152","78.70","da41533d-6b26-4bee-a41a-7b3539d49c6a","2022-01-19 13:09:38.042"
"ALC","78.660","5","78.740","1","152","78.61","4e12fbdb-1534-479c-ab5c-3640931877a1","2022-01-19 13:13:47.237"
"ALC","78.660","5","78.740","1","152","78.61","8aaa9a14-f7b6-4cef-9bf3-4a7b7ad783dc","2022-01-19 13:13:47.237"
"ALC","78.660","5","78.740","1","152","78.61","94f2d36c-3b71-4e8f-a56b-626f6ea754eb","2022-01-19 13:13:47.237"
"ALC","78.640","3","78.740","2","152","78.61","123d64c7-89c3-4c63-80b6-1c429503be39","2022-01-19 13:13:47.237"
"ALC","78.670","5","78.740","1","152","78.61","051da526-9c42-4393-b9e0-f7166cbdbe09","2022-01-19 13:13:47.237"
"ALC","78.670","5","78.740","1","152","78.61","c85eaba5-0d11-4d3e-a4b9-ffa8120fe431","2022-01-19 13:13:47.237"
"ALC","78.660","2","78.760","3","-152","78.76","b9cd37bd-378c-4f7c-985a-1cb3cd5d62dc","2022-01-19 13:22:52.038"
"ALC","78.660","2","78.760","3","-152","78.76","3e96e297-a021-469f-91b3-d8ee623947e5","2022-01-19 13:22:52.038"
"ALC","78.590","1","78.700","3","-152","78.70","dd32784c-9126-460d-af17-5586ccb41ae2","2022-01-19 13:29:08.429"
"ALC","78.590","1","78.700","3","-152","78.70","7e1242ce-2999-49f3-80e5-939e51d2689a","2022-01-19 13:29:08.429"
"ALC","78.590","1","78.690","1","-152","78.70","8dab08d1-5c3d-4ff4-b7a8-e7319bc2b61d","2022-01-19 13:29:08.429"
"ALC","78.590","1","78.690","1","-152","78.70","7fbbf54b-af1e-4283-84c1-0f6aff5f8c91","2022-01-19 13:29:08.429"
"ALC","78.620","1","78.640","1","152","78.54","7ccfa790-9ca7-48b8-a912-dcb11c627f7e","2022-01-19 13:35:48.691"
"ALC","78.740","2","78.830","2","153","78.41","ea5314b8-6824-4627-885a-26aeb5aa680b","2022-01-19 13:41:34.387"
"ALC","78.590","4","78.830","2","153","78.41","b31076d4-bc63-411a-9f99-fa55df511141","2022-01-19 13:41:34.387"
"ALC","78.610","1","78.820","2","153","78.41","d47eca49-5a83-431a-bc48-2cd8ca3741a3","2022-01-19 13:41:34.387"
"ALC","78.640","1","78.800","2","153","78.41","b1779602-e07f-45ef-bcb7-12be711dcf86","2022-01-19 13:41:34.387"
"ALC","78.650","1","78.760","1","153","78.41","4d6ca11e-8cd3-48ad-9fd8-d3987a621e64","2022-01-19 13:41:34.387"
"ALC","78.650","3","78.760","1","153","78.41","5d84c937-4416-4f40-89cf-da5af58629df","2022-01-19 13:41:34.387"
"ALC","78.650","3","78.760","1","153","78.41","110f74e9-c823-42b3-a4a0-79dc047f8d96","2022-01-19 13:41:34.387"
"ALC","78.560","1","78.720","1","153","78.41","c7ea12b8-9c84-49dc-80f3-c738034a94a6","2022-01-19 13:41:34.387"
"ALC","78.560","1","78.720","1","153","78.41","bad6c612-2992-43f7-bcc0-d852bae2d0d6","2022-01-19 13:41:34.387"
"ALC","78.560","1","78.720","1","153","78.41","83e5e90c-d304-4c07-ad7d-8ec915bbe8bd","2022-01-19 13:41:34.387"
"ALC","78.560","1","78.720","1","153","78.41","9ee506e4-0da0-4ef3-9ce2-51d11e466b3e","2022-01-19 13:41:34.387"
"ALC","78.430","3","78.480","2","-153","78.48","0b432131-e61d-4440-b35f-181ad1196521","2022-01-19 13:47:20.694"
"ALC","78.430","3","78.480","2","-153","78.48","47db631d-5b1a-4312-87b0-59a6d97ec0c6","2022-01-19 13:47:20.694"
"ALC","78.430","3","78.480","2","-153","78.48","e84ca167-fb25-4aca-9522-776c70997922","2022-01-19 13:47:20.694"
"ALC","78.430","3","78.480","2","-153","78.48","1baeac60-38c8-4e36-9f34-b05dc19bf41e","2022-01-19 13:47:20.694"
"ALC","78.430","3","78.480","2","-153","78.48","9a705fe5-369a-48d4-876d-08a51078ff0d","2022-01-19 13:47:20.694"
"ALC","78.430","3","78.480","2","-153","78.48","7c321cb6-5933-4e53-9ba6-256493efcea3","2022-01-19 13:47:20.694"
"ALC","78.430","3","78.480","2","-153","78.48","c69db885-36c9-454a-9459-db4b20df2d5a","2022-01-19 13:47:58.935"
"ALC","78.430","3","78.480","2","-153","78.48","e39140a6-1906-41b4-a40f-72b5e42bfc59","2022-01-19 13:47:58.935"
"ALC","78.430","3","78.480","2","-153","78.48","bcddbc14-744f-4022-8e29-4fc32db13219","2022-01-19 13:48:27.131"
"ALC","78.430","3","78.480","2","-153","78.48","8fe21c02-62cc-4173-8d74-25d5217c5973","2022-01-19 13:48:27.131"
"ALC","78.430","3","78.480","2","-152","78.48","8a4d6d5a-19bd-493e-a7fb-0c57d40bfa57","2022-01-19 13:48:27.131"
"ALC","78.430","3","78.480","2","-153","78.48","9a2a3e84-a37a-4578-9a59-c5c4f2b8106d","2022-01-19 13:48:27.131"
"ALC","78.530","2","78.590","1","153","78.39","19780274-0819-4649-a17d-df321345867f","2022-01-19 14:08:30.891"
"ALC","78.570","1","78.620","2","153","78.39","c4d20ce6-7aaf-4b02-b0db-a77166d67711","2022-01-19 14:08:30.891"
"ALC","78.590","5","78.640","1","153","78.39","83218825-5909-4881-a80d-926df137117e","2022-01-19 14:08:30.891"
"ALC","78.590","5","78.640","1","153","78.39","513db949-3b77-4b5b-9551-69c4d578dfb0","2022-01-19 14:08:30.891"
"ALC","78.600","2","78.660","2","153","78.39","11bf7a14-24ad-4d2e-85df-2397e9b2b1a5","2022-01-19 14:08:30.891"
"ALC","78.600","2","78.660","2","153","78.39","a56f167a-8526-4bd1-82df-4b527f40441d","2022-01-19 14:08:30.891"
"ALC","78.570","3","78.660","4","153","78.39","6d6f82e9-e61e-432e-b726-99c36086875d","2022-01-19 14:08:30.891"
"ALC","78.570","1","78.640","3","153","78.39","45d64a9c-c2c2-4eb7-9189-e286ea225b66","2022-01-19 14:08:30.891"
"ALC","78.570","1","78.640","3","153","78.39","d5b1b539-910e-4c20-a40f-5840a73cf833","2022-01-19 14:08:30.891"
"ALC","78.570","1","78.640","3","153","78.39","512ff7e1-cf37-466b-ae9e-6c4eb0fe2881","2022-01-19 14:08:30.891"
"ALC","78.570","1","78.640","3","153","78.39","75405f89-8c0b-4ec7-941a-45b987e16302","2022-01-19 14:08:30.891"
"ALC","78.570","1","78.640","3","153","78.39","3630f483-295c-4fdc-a04a-d8785ad5be5d","2022-01-19 14:08:30.891"
"ALC","78.570","1","78.640","3","153","78.39","e2b45a9b-602f-45c1-82b2-226071cc9943","2022-01-19 14:08:30.891"
"ALC","78.570","1","78.640","3","153","78.39","9e2ffc9d-f2f5-4e48-9851-f805925058b5","2022-01-19 14:08:30.891"
"ALC","78.570","1","78.640","3","153","78.39","65d0a917-e42f-4825-bb7d-fdd590baf669","2022-01-19 14:08:30.891"
"ALC","78.570","1","78.630","5","153","78.39","80d62352-fd1a-4eb1-98bf-44de686551f3","2022-01-19 14:08:30.891"
"ALC","78.570","1","78.630","5","153","78.39","fc7da091-7d0f-4e24-8666-8bdf02e324df","2022-01-19 14:08:30.891"
"ALC","78.570","6","78.630","3","153","78.39","146f0fd2-4e55-482e-9d11-281f50ff5d94","2022-01-19 14:08:30.891"
"ALC","78.570","6","78.630","3","153","78.39","871e1c23-a6c4-4eff-9b46-60ccc474ec27","2022-01-19 14:08:30.891"
"ALC","78.570","6","78.630","4","153","78.39","53dc1809-7270-4c9f-b605-b3f4ca43f4d8","2022-01-19 14:08:30.891"
"ALC","78.520","2","78.530","1","153","78.39","a9240660-24c0-4798-8b4b-01777a3e803d","2022-01-19 14:08:30.891"
"ALC","78.520","1","78.530","2","153","78.39","56eff894-3ff8-49db-8fc4-4739cc7963d4","2022-01-19 14:08:30.891"
"ALC","78.520","1","78.530","2","153","78.39","fbb8849e-8abc-4ae0-97a4-19f603d40983","2022-01-19 14:08:30.891"
"ALC","78.520","1","78.530","2","153","78.39","2372ff08-8d63-402f-99d1-762fcabdb34a","2022-01-19 14:08:30.891"
"ALC","78.520","1","78.530","2","153","78.39","1141b3af-dea6-48a8-8d83-b21c96a432ec","2022-01-19 14:08:30.891"
"ALC","78.300","3","78.420","1","-153","78.42","f0bf70b0-c27e-449e-a386-e3a5c4c18ffc","2022-01-19 14:10:53.225"
"ALC","78.280","1","78.460","1","-153","78.46","0bf9508a-f41d-44b5-a441-f2f04811d255","2022-01-19 14:10:54.899"
"ALC","78.280","1","78.460","1","-153","78.46","224b8232-6149-4a42-8c8c-fd944723fd0a","2022-01-19 14:10:54.899"
"ALC","78.280","1","78.460","1","-153","78.46","0a1bafd6-e10e-470c-b520-07fd07b7c11c","2022-01-19 14:10:54.899"
"ALC","78.310","1","78.440","1","-153","78.46","da36aa9c-7bac-4333-9bd0-064542777db2","2022-01-19 14:10:54.899"
"ALC","78.310","1","78.440","1","-153","78.46","a00d7fa7-001a-4463-acb3-812e66852c5c","2022-01-19 14:10:54.899"
"ALC","78.320","2","78.530","3","-153","78.53","14ed9b28-5f11-430f-a67f-2ac516491d7e","2022-01-19 14:11:18.082"
"ALC","78.320","2","78.530","3","-153","78.53","3e0a54f2-d3ef-48c1-b393-93fd2ecfe677","2022-01-19 14:11:18.082"
"ALC","78.320","2","78.530","3","-153","78.53","7d4fe2bd-913e-494e-865c-435c07061847","2022-01-19 14:11:18.082"
