"Symbol","Bid","Bid Sz","Ask","Ask Sz","Shares","Price","Order ID","Timestamp"
"AA","48.740","4","48.770","1","245","48.77","15811444-f53b-49aa-8b08-233639a5d421","2021-12-10 10:02:00.006"
"AA","48.690","1","48.730","4","-245","48.73","10a84aa7-9b42-4a85-a4ac-99cb9b15907f","2021-12-10 10:02:40.029"
"AA","48.760","1","48.800","1","245","48.80","548806a8-d837-46df-8a55-a5aeeff1dd7a","2021-12-10 10:02:50.006"
"AA","48.180","5","48.220","2","-245","48.22","6aac83fd-6e28-4bcd-ba1d-9b0e2db6e836","2021-12-10 10:06:14.732"
"AA","48.610","1","48.620","1","247","48.50","715f4532-bacd-4a1a-b2a1-3836ef83a524","2021-12-10 10:43:29.995"
"AA","48.600","8","48.620","2","247","48.50","1305f0dd-3807-412b-8315-61382ff86098","2021-12-10 10:43:29.995"
"AA","48.600","5","48.620","3","247","48.50","a8265a70-a125-4d72-a5fa-51e6d9e70f4b","2021-12-10 10:43:29.995"
"AA","48.580","1","48.600","6","247","48.50","586b18e7-bcb5-4ead-8a3a-fc7dd87a48cb","2021-12-10 10:43:29.995"
"AA","48.620","6","48.640","1","247","48.50","f007bcf7-e20f-4d49-9271-597148f466db","2021-12-10 10:43:29.995"
"AA","48.620","1","48.640","2","247","48.50","7f98f162-9717-4adc-bfc0-ed6d9005d872","2021-12-10 10:43:29.995"
"AA","48.590","1","48.610","4","247","48.50","efc828c3-cb4e-44f2-9897-ec62cebe2065","2021-12-10 10:43:29.995"
"AA","48.610","1","48.640","20","247","48.50","858ff6dd-3b6b-4f1c-8399-9ee9ee16fe24","2021-12-10 10:43:29.995"
"AA","48.610","5","48.650","6","247","48.50","89f0f406-e30a-4a96-b42c-ab6a9d6c619b","2021-12-10 10:43:29.995"
"AA","48.510","5","48.550","7","-247","48.55","f2aecedd-a400-4230-882d-76471f3649e0","2021-12-10 10:43:40.665"
"AA","48.510","5","48.550","7","-247","48.55","67acb53c-6966-4006-addc-0956c42c6fe8","2021-12-10 10:43:40.665"
"AA","48.510","5","48.550","7","-247","48.55","e283c391-594a-49ad-93fb-1f8c660174e7","2021-12-10 10:43:40.665"
"AA","48.510","5","48.550","7","-247","48.55","2d2bce0b-2cd9-41b2-ae6b-2cbf9101af39","2021-12-10 10:43:40.665"
"AA","48.510","5","48.550","7","-247","48.55","20fe9d48-a31d-417a-b894-76063e4ab295","2021-12-10 10:43:40.665"
"AA","48.510","1","48.520","2","-247","48.52","6d356555-1402-40b7-b0bf-02950da41d1f","2021-12-10 10:43:51.314"
"AA","48.510","1","48.520","2","-247","48.52","8d614779-9716-4546-ab26-bb84291e0410","2021-12-10 10:43:51.314"
"AA","48.420","4","48.450","1","-247","48.45","c2d84e09-c331-459a-bac1-2eaa6e963aba","2021-12-10 10:44:05.921"
"AA","48.670","1","48.700","4","248","48.31","378346fa-7cb9-4a29-9624-f4369d3231f8","2021-12-10 10:46:02.105"
"AA","48.690","1","48.720","4","248","48.31","445602b3-8ede-4b38-aeed-8dc0a24e8ffc","2021-12-10 10:46:02.105"
"AA","48.620","1","48.640","1","248","48.22","e87d7105-3d2a-49b2-98e5-62d348b820b2","2021-12-10 10:46:15.448"
"AA","48.630","4","48.670","2","248","48.22","92ae245b-aa5d-4bf6-9e95-758987b52687","2021-12-10 10:46:15.448"
"AA","48.640","2","48.670","2","248","48.22","afaae99e-c7d5-4853-b223-b960d78f6a06","2021-12-10 10:46:15.448"
"AA","48.620","1","48.630","1","248","48.22","c2da41d5-c5b0-42fe-8689-127e0d110ab6","2021-12-10 10:46:15.448"
"AA","48.620","4","48.650","2","248","48.22","33d317c5-d5cf-464e-afa4-b680d27a401e","2021-12-10 10:46:15.448"
"AA","48.200","26","48.230","1","-247","48.24","d8450122-8cb5-4a84-8ec2-bb1ead44f689","2021-12-10 10:46:28.192"
"AA","48.200","26","48.230","1","-248","48.24","6b30856b-8976-4ff7-a663-d53eefe062f0","2021-12-10 10:46:28.192"
"AA","48.210","6","48.240","1","-248","48.24","eb3b81ab-2afe-4b58-b6a7-c096507f4bef","2021-12-10 10:46:35.986"
"AA","48.320","3","48.350","1","-248","48.35","68b381be-ec4f-4cc1-8a09-08a4bb653dae","2021-12-10 10:46:50.780"
"AA","48.320","3","48.350","1","-248","48.35","e790dfca-5344-4fe0-b960-a8a2eb337de6","2021-12-10 10:46:50.780"
"AA","48.320","3","48.350","1","-248","48.35","7d039809-ca4f-4671-b084-45dc79ce999d","2021-12-10 10:46:50.780"
"AA","48.350","1","48.380","6","-248","48.38","c5835ae0-c7c3-42cd-9546-0d2e61df8e6c","2021-12-10 10:47:02.124"
"AA","48.310","6","48.340","1","-248","48.35","c29b9402-ecfd-4491-b437-928541387cfe","2021-12-10 10:47:38.551"
"AA","48.550","5","48.580","2","249","48.19","212a4a4a-1e95-461f-8c75-d6f510300be2","2021-12-10 10:49:17.631"
"AA","48.590","1","48.630","1","249","48.19","f5ff9440-895d-4622-9f73-1ae242f845de","2021-12-10 10:49:17.631"
"AA","48.540","2","48.570","7","249","48.19","b6fd4d6c-7226-408f-8949-e027f32f00ed","2021-12-10 10:49:17.631"
"AA","48.510","2","48.560","5","249","48.19","31dc39a7-bb20-48f4-97f9-d00c57fc3ece","2021-12-10 10:49:17.631"
"AA","48.150","1","48.170","3","-249","48.17","9d5a9ce2-3cde-4885-8c8a-3293332e08c9","2021-12-10 10:50:34.076"
"AA","48.150","1","48.170","3","-249","48.17","b027510b-26a2-433c-a109-d2aaf6c0bd18","2021-12-10 10:50:34.076"
"AA","48.180","1","48.200","3","-249","48.20","f9b84dd4-bfee-4cc2-94ae-5eddcfd6e7b1","2021-12-10 10:50:41.459"
"AA","48.200","3","48.220","3","-249","48.22","864607a4-ca97-4d75-a9d4-8369f1a0f471","2021-12-10 10:50:53.008"
"AA","48.010","1","48.030","1","249","48.03","e097986b-c5e0-459e-9be1-32483e25a4df","2021-12-10 11:20:10.006"
"AA","48.110","1","48.130","1","-249","48.13","f286d12a-5a48-42df-a216-7bee10d61a77","2021-12-10 11:23:58.889"
"AA","48.570","1","48.590","1","247","48.46","5ba55646-a100-46a4-b935-bdd4520c1924","2021-12-10 12:17:36.621"
"AA","48.560","2","48.590","6","247","48.46","2bd66022-701b-47b5-9ac8-eb0fed81f644","2021-12-10 12:17:36.621"
"AA","48.590","1","48.610","1","247","48.46","e2b26a3a-d76f-4c6f-8b12-7109011cafa0","2021-12-10 12:17:36.621"
"AA","48.600","10","48.630","2","247","48.46","35ff7425-64ac-425a-8152-b617ac9cbd1b","2021-12-10 12:17:36.621"
"AA","48.590","11","48.630","2","247","48.46","154e28a8-ba13-4df7-bc77-534fe064fe0c","2021-12-10 12:17:36.621"
"AA","48.590","6","48.630","3","247","48.46","c7fe9625-3981-4371-bd97-95f496e696ff","2021-12-10 12:17:36.621"
"AA","48.510","1","48.530","1","247","48.46","65a6c7be-4e6a-4f8a-a171-e72530b920a5","2021-12-10 12:17:36.621"
"AA","48.450","11","48.480","1","-247","48.48","b4d81cac-74c1-4f07-8b88-5df2fd83d8d1","2021-12-10 12:18:12.720"
"AA","48.450","11","48.480","1","-247","48.48","279b06da-d22e-40eb-9051-fb6e5e17c200","2021-12-10 12:18:12.720"
"AA","48.450","11","48.480","1","-247","48.48","7d83151a-8c80-44bd-b05a-fc0d1270e32a","2021-12-10 12:18:12.720"
"AA","48.450","11","48.480","1","-247","48.48","7a790705-829b-4131-9383-125b57ab66ba","2021-12-10 12:18:12.720"
"AA","48.590","3","48.610","4","247","48.45","98b285a5-7c0b-49c6-a03f-0f4990eb3942","2021-12-10 12:18:29.534"
"AA","48.590","2","48.610","4","247","48.45","a13fb10d-83ee-4539-a841-29de1ba883fb","2021-12-10 12:18:29.534"
"AA","48.610","1","48.630","13","247","48.45","64ff6470-d9e3-4de2-836b-a788c638df81","2021-12-10 12:18:29.534"
"AA","48.610","5","48.630","1","247","48.45","457e9a13-ab00-4a1b-8476-f06e9d050ec4","2021-12-10 12:18:29.534"
"AA","48.610","5","48.630","1","247","48.45","0bcc12f8-648d-49a7-a1aa-d0540b73bf1f","2021-12-10 12:18:29.534"
"AA","48.560","11","48.600","2","247","48.45","8d7ebb59-a418-4c20-801f-f85ca8881b74","2021-12-10 12:18:29.534"
"AA","48.570","1","48.580","1","247","48.45","e983b7fd-b8e4-4ab2-ad79-41b2c64e96d2","2021-12-10 12:18:29.534"
"AA","48.560","1","48.580","5","247","48.45","4cec4fab-f872-4091-a3ba-0437d582e8fb","2021-12-10 12:18:29.534"
"AA","48.560","1","48.590","1","247","48.45","d52e618c-3a18-4c21-aac4-593ce07d2c78","2021-12-10 12:18:29.534"
"AA","48.460","5","48.480","20","-247","48.48","fcd27e5b-a528-4b7d-b7a1-fc7386ce7562","2021-12-10 12:18:34.294"
"AA","48.480","1","48.500","2","-247","48.50","3f5267ab-baa5-40fc-ae54-c5289e541522","2021-12-10 12:18:57.041"
"AA","48.480","1","48.500","2","-247","48.50","63b363d2-47ea-45d8-b586-976b5ef5cb85","2021-12-10 12:18:57.041"
"AA","48.480","1","48.500","2","-247","48.50","a918ca56-dafb-4dcb-94f3-e5c9697d9a7c","2021-12-10 12:18:57.041"
"AA","48.490","1","48.500","2","-247","48.50","29efeef7-ba6f-4bf5-a43b-4370d7305c3f","2021-12-10 12:19:05.766"
"AA","48.490","1","48.500","2","-247","48.50","d69e97b9-4755-49e3-be9d-2f23c3b9f7c7","2021-12-10 12:19:05.766"
"AA","48.490","1","48.500","2","-247","48.50","109efe0c-2eda-4421-9e60-48eed51216fd","2021-12-10 12:19:05.766"
"AA","48.490","1","48.500","2","-247","48.50","7334d6fc-66c0-40f4-bb0d-16ec9b1ae160","2021-12-10 12:19:05.766"
"AA","48.490","2","48.510","1","-247","48.51","2e1c9e7e-5251-4f0b-80cb-73c5c6fac3b0","2021-12-10 12:19:25.345"
"AA","48.470","1","48.490","2","-247","48.49","a1dd6067-7e0f-4d6b-9320-29f160f118fc","2021-12-10 12:19:51.449"
"AA","48.490","1","48.500","1","-247","48.50","90040d23-974b-4f7d-b5b8-71daa60d85d1","2021-12-10 12:20:00.051"
"AA","48.500","2","48.520","1","-247","48.53","9bdfc7b8-7c94-4823-8caa-157494b2f7fc","2021-12-10 12:21:17.055"
"AA","48.640","6","48.660","1","247","48.57","8556d2f4-f374-4ed9-a4bd-92a42a5b5dd4","2021-12-10 12:32:06.036"
"AA","48.640","1","48.660","7","247","48.57","a25578ee-028b-4fab-b1ae-6c9ab9f0bd65","2021-12-10 12:32:06.036"
"AA","48.630","7","48.650","3","247","48.57","1c6c838e-b4e3-45e8-ac64-0bcd7de4f6ab","2021-12-10 12:32:06.036"
"AA","48.600","1","48.620","7","247","48.54","ef6bf2fa-f99c-4103-ac1e-44c143f2c703","2021-12-10 12:32:50.902"
"AA","48.620","3","48.630","1","247","48.50","6bfd8dc1-3dba-4327-9083-dab4436926e4","2021-12-10 12:32:59.835"
"AA","48.600","1","48.620","1","247","48.50","ab768055-1e09-4797-a7f4-f3f2d15801b1","2021-12-10 12:32:59.835"
"AA","48.610","7","48.630","1","247","48.50","4bc9c800-e2c4-49de-809f-db300c73e91e","2021-12-10 12:32:59.835"
"AA","48.620","1","48.640","5","247","48.50","7b18d4b9-2352-424b-8c38-8cfa5d2fcb71","2021-12-10 12:32:59.835"
"AA","48.590","5","48.620","1","247","48.50","b3735da4-8a77-4183-bcbb-2d02956c660f","2021-12-10 12:32:59.835"
"AA","48.590","10","48.620","1","247","48.50","4cd70c8f-950c-4330-ada0-c251e97d4c86","2021-12-10 12:32:59.835"
"AA","48.660","6","48.680","1","247","48.50","c6e09786-bea0-4e30-8480-e82ebc3a669f","2021-12-10 12:32:59.835"
"AA","48.650","1","48.670","7","247","48.50","5b7b330d-dcf4-4174-85b9-58287253f8f4","2021-12-10 12:32:59.835"
"AA","48.540","2","48.560","2","-247","48.56","71421284-1797-4b6b-97ca-62f120b68b87","2021-12-10 12:34:26.117"
"AA","48.540","2","48.560","2","-247","48.56","5c79aa45-709d-4928-894b-25234707293e","2021-12-10 12:34:26.117"
"AA","48.540","2","48.560","2","-247","48.56","da423a55-ff68-4127-8d1e-22eaea781f84","2021-12-10 12:34:26.117"
"AA","48.540","2","48.560","2","-247","48.56","576c5edb-75b4-4463-aac8-45cb2ededbc5","2021-12-10 12:34:26.117"
"AA","48.540","1","48.560","5","-247","48.56","2d02c444-586f-46b0-9fa4-687c113b7fd0","2021-12-10 12:34:53.012"
"AA","48.540","1","48.560","5","-247","48.56","b92a2fb0-a466-4da1-aebe-f3510e1d25b3","2021-12-10 12:34:53.012"
"AA","48.540","1","48.560","5","-247","48.56","3696e0ae-2b41-4550-901c-782228ce7810","2021-12-10 12:34:53.012"
"AA","48.540","1","48.560","3","-247","48.56","36ed6fdb-d63c-406d-84f7-41a435d10177","2021-12-10 12:35:02.355"
"AA","48.540","1","48.560","3","-247","48.56","ea56ed2e-12a1-4fa4-a2b6-82bae2cdd780","2021-12-10 12:35:02.355"
"AA","48.540","1","48.560","3","-247","48.56","a7c6564a-f7f8-491a-8795-7775cbe20567","2021-12-10 12:35:02.355"
"AA","48.540","12","48.570","1","-247","48.57","02393676-fe08-4257-82ec-50f8bd919bc2","2021-12-10 12:35:10.444"
"AA","48.530","4","48.570","6","-247","48.57","c932a432-b8dd-4fe9-8f1d-260ff8516881","2021-12-10 12:35:42.632"
"AA","48.510","1","48.530","1","247","48.50","c6a1ee2b-ef8d-41d3-be31-1f73e69f44bb","2021-12-10 12:52:58.578"
"AA","48.520","5","48.540","1","247","48.50","68702530-31dd-432e-81df-48ed615d808d","2021-12-10 12:52:58.578"
"AA","48.520","11","48.550","1","247","48.50","3d231d38-b11c-4d17-a238-b76cf7045b01","2021-12-10 12:52:58.578"
"AA","48.550","1","48.560","1","-247","48.56","3d5cd194-456a-4269-83aa-4d21eb9d9727","2021-12-10 12:53:55.755"
"AA","48.540","6","48.560","2","-247","48.56","dc1f0162-cec3-4142-b2c9-d3a6774f8b4f","2021-12-10 12:54:26.365"
"AA","48.530","1","48.540","1","-247","48.54","86b60851-babd-4cce-996e-ed47d7a54c35","2021-12-10 13:02:52.372"
"AA","48.740","5","48.760","3","246","48.65","b91ffe79-a9e9-491b-bbd0-dcfe33063afe","2021-12-10 13:45:19.368"
"AA","48.750","5","48.770","4","246","48.65","9c9c7ca0-89cd-4196-a860-3c8f2e84f318","2021-12-10 13:45:19.368"
"AA","48.750","5","48.770","1","246","48.65","406a3510-95cc-4812-bc83-0f3aee542435","2021-12-10 13:45:19.368"
"AA","48.750","5","48.790","8","246","48.65","7f7bfd2a-e83e-4347-96cf-927e1aa4b656","2021-12-10 13:45:19.368"
"AA","48.740","1","48.770","6","246","48.65","89633be8-d6d4-4b49-b8d6-4a457530ac1f","2021-12-10 13:45:19.368"
"AA","48.750","1","48.770","2","246","48.65","a9971505-00d4-4d76-afbf-4728634c05dc","2021-12-10 13:45:19.368"
"AA","48.760","2","48.780","6","246","48.65","4f65ab32-b335-49bb-b4ba-6c178ecde2b9","2021-12-10 13:45:19.368"
"AA","48.730","1","48.740","1","246","48.60","43658242-5bf6-4baf-ae1c-232e93567579","2021-12-10 13:45:19.382"
"AA","48.650","1","48.660","1","-246","48.66","8c8a1de0-3a6e-4a68-b966-eaca322f1df3","2021-12-10 13:49:00.920"
"AA","48.650","1","48.660","1","-246","48.66","49a83c90-5bf3-4383-b1b6-0caeb6dc7f1e","2021-12-10 13:49:00.920"
"AA","48.640","4","48.660","1","-246","48.66","40484a62-04ca-4d8d-87ea-a846adce67cc","2021-12-10 13:49:26.783"
"AA","48.660","1","48.680","2","-246","48.68","6330c3af-2cfd-41ca-bbc1-8ccb06a6a8e1","2021-12-10 13:50:07.119"
"AA","48.660","1","48.680","2","-246","48.68","63b27230-944f-4c18-9e14-19478c06b6cf","2021-12-10 13:50:07.119"
"AA","48.650","1","48.680","2","-246","48.68","4b04ba80-5a93-475f-8557-8292691543c8","2021-12-10 13:50:07.119"
"AA","48.650","1","48.680","2","-246","48.68","9682e805-27bf-447d-8c13-88ac8eeb7357","2021-12-10 13:50:07.119"
"AA","48.650","1","48.680","2","-246","48.68","018cbe32-76ba-407c-b5a3-cb366cbd2b75","2021-12-10 13:50:07.119"
"AA","48.680","2","48.700","5","246","48.67","caeb2096-6a94-4752-a1a8-e3e2533f7fed","2021-12-10 13:58:30.483"
"AA","48.670","13","48.700","2","246","48.65","0f80ef4e-98ab-4ecc-b442-752c87666387","2021-12-10 14:00:05.463"
"AA","48.670","13","48.700","2","246","48.65","de7bcedc-35fb-4d2e-a168-572435ad941c","2021-12-10 14:00:05.463"
"AA","48.670","16","48.690","2","246","48.65","e2231196-ba59-4767-a21a-37d67d2887e1","2021-12-10 14:00:05.463"
"AA","48.690","3","48.710","3","246","48.65","20c2735a-681f-43ec-9e61-61d36d646666","2021-12-10 14:00:05.463"
"AA","48.680","6","48.690","2","246","48.63","b4d1b139-6651-42d2-8f02-93d191cf48ad","2021-12-10 14:00:07.411"
"AA","48.690","1","48.700","2","246","48.63","6b1ce511-e3fc-4144-98ec-582b41102a80","2021-12-10 14:00:07.411"
"AA","48.710","5","48.730","1","246","48.63","efa199c9-7d36-499d-b276-198ff1796047","2021-12-10 14:00:07.411"
"AA","48.620","1","48.640","1","-246","48.64","6723985b-5a01-4878-9985-5bfbcb780430","2021-12-10 14:01:14.335"
"AA","48.620","1","48.640","1","-246","48.64","22d4003d-bd11-4954-aaed-2681a04524c8","2021-12-10 14:01:14.335"
"AA","48.620","1","48.640","1","-246","48.64","9c8d43d2-318b-451e-aff6-3b99a2df36e2","2021-12-10 14:01:14.335"
"AA","48.620","1","48.640","1","-246","48.64","3252a4a9-cff9-499a-bab6-a4e8d7584a87","2021-12-10 14:01:14.335"
"AA","48.630","7","48.650","2","-246","48.65","ceb086a6-4c8a-4e97-b6ab-147a20dcc958","2021-12-10 14:01:32.557"
"AA","48.630","7","48.650","2","-246","48.65","1ff495a7-2125-4b8b-9a4a-95eba86aabdc","2021-12-10 14:01:32.557"
"AA","48.630","7","48.650","2","-246","48.65","bf24f7f8-d451-4450-92c3-6635742f98b3","2021-12-10 14:01:32.557"
"AA","48.530","1","48.540","7","-246","48.54","6d92a878-2b97-4538-ba23-7c41788406b6","2021-12-10 14:08:14.326"
"AA","48.580","5","48.590","1","246","48.59","7aad6da8-c49d-4d17-b7b3-75a5df151809","2021-12-10 14:16:40.006"
"AA","48.680","45","48.700","2","-246","48.70","fcee0588-d854-477a-96de-652d00609b44","2021-12-10 14:23:04.011"
"AA","48.630","5","48.670","6","246","48.62","079cd531-0e34-4614-8b85-9f0e0bb34782","2021-12-10 14:41:35.003"
"AA","48.680","1","48.680","1","246","48.61","157b52da-d21d-4a21-a984-9c9a73298a67","2021-12-10 14:41:42.069"
"AA","48.680","1","48.700","9","246","48.61","713df5f1-a955-4c7c-95b4-5bbe63b474e6","2021-12-10 14:41:42.069"
"AA","48.680","1","48.690","5","246","48.61","674dbc17-41f4-40e6-a2c8-d85bd18bdb1d","2021-12-10 14:41:42.069"
"AA","48.680","1","48.690","5","246","48.61","07cd4086-e9c7-44bf-82f4-0526ab1b3a9b","2021-12-10 14:41:42.069"
"AA","48.590","2","48.610","1","-246","48.61","da5662ba-55cb-4bf1-a7e4-234f2b8406d6","2021-12-10 14:42:16.093"
"AA","48.590","2","48.610","1","-246","48.61","bfe992e6-4ef3-4526-b130-3c91da5f9736","2021-12-10 14:42:16.093"
"AA","48.590","2","48.610","1","-246","48.61","d23e592c-bfcc-48fa-9923-b874ebcc301a","2021-12-10 14:42:16.093"
"AA","48.610","6","48.630","2","-246","48.63","cc77ee64-c8fb-4497-83dc-5f39af3578a4","2021-12-10 14:42:21.713"
"AA","48.620","11","48.650","2","-246","48.65","26d4cd5c-a4e0-4f14-a1a3-7fe99ffec9a0","2021-12-10 14:42:33.848"
"AA","48.660","1","48.670","4","246","48.61","11f72921-236c-4185-aed6-4b930745d5da","2021-12-10 14:48:18.043"
"AA","48.650","2","48.670","1","246","48.61","486e175e-7863-47a3-88b0-0638406262dd","2021-12-10 14:48:18.043"
"AA","48.660","5","48.690","6","246","48.61","33e1bc3c-d686-400c-957f-f029a82bf885","2021-12-10 14:48:18.043"
"AA","48.660","5","48.690","1","246","48.61","263675fc-467d-4589-bcaa-e1b0ef35d124","2021-12-10 14:48:18.043"
"AA","48.670","1","48.690","6","246","48.61","0714774e-d593-47a5-a7aa-1ccba89ea357","2021-12-10 14:48:18.043"
"AA","48.640","1","48.670","1","-246","48.67","b613b3e9-0c82-4b31-9390-7152536f1a7d","2021-12-10 14:48:48.052"
"AA","48.640","1","48.670","1","-246","48.67","b6bb3fd2-2602-44f8-b97f-6db11824da3d","2021-12-10 14:48:48.052"
"AA","48.640","1","48.670","1","-246","48.67","30c24436-0b95-4c24-99ea-7955f96bff25","2021-12-10 14:48:48.052"
"AA","48.660","30","48.680","5","-246","48.68","d4da1fe2-9015-4ff5-a306-f58d4aad8a39","2021-12-10 14:49:00.341"
"AA","48.640","6","48.660","1","-246","48.66","e8f3e177-ee8d-48a9-b86b-b0951b458942","2021-12-10 14:49:10.969"
"AA","48.660","2","48.690","1","246","48.60","ce61ada2-676a-41e6-965b-6be618098453","2021-12-10 14:54:09.217"
"AA","48.620","2","48.630","1","247","48.56","a690a5ff-dc1f-4d5c-873b-598605add260","2021-12-10 14:54:41.476"
"AA","48.620","2","48.650","12","247","48.56","53fffda1-412b-4e90-a3d5-5d81ae4569bf","2021-12-10 14:54:41.476"
"AA","48.640","1","48.650","1","247","48.54","7b230156-aa3e-4d1f-9530-b08d028c38ad","2021-12-10 14:54:50.623"
"AA","48.650","1","48.670","1","247","48.54","f80f730b-f8e4-4473-aefe-31564cf33f71","2021-12-10 14:54:50.623"
"AA","48.620","10","48.650","2","247","48.54","d1b4ef80-67f7-4c3d-902b-469a384240bc","2021-12-10 14:54:50.623"
"AA","48.620","10","48.650","2","247","48.54","2f40ea38-222a-46fb-a4cd-37894a7b8447","2021-12-10 14:54:50.623"
"AA","48.600","10","48.620","2","247","48.54","95337fcc-1aaf-4187-a5f6-23e4afdf0e82","2021-12-10 14:54:50.623"
"AA","48.540","1","48.560","6","-246","48.56","cbb32866-480b-44db-8445-6d7b0fddb312","2021-12-10 14:55:38.724"
"AA","48.540","1","48.560","6","-247","48.56","1ee4ae06-9cdc-435e-8d80-48d8cc6136e4","2021-12-10 14:55:38.724"
"AA","48.540","1","48.560","6","-247","48.56","1009938e-9ab9-48da-9474-41eba186f2ba","2021-12-10 14:55:38.724"
"AA","48.540","1","48.560","6","-247","48.56","6dadb2b7-c37e-4634-8c11-f6da528f616b","2021-12-10 14:55:38.724"
"AA","48.550","1","48.560","2","-247","48.56","0ad291be-ac17-4ebd-aeb5-e54652f3c4d2","2021-12-10 14:55:40.620"
"AA","48.550","1","48.560","2","-247","48.56","5933569a-d863-4932-b30b-82ecb4ae922e","2021-12-10 14:55:40.620"
"AA","48.540","3","48.550","1","-247","48.55","bbccc536-c859-4ff9-8af7-e5f4c393d327","2021-12-10 14:55:50.482"
"AA","48.400","1","48.410","1","-247","48.41","f0444c3c-aa47-49fd-857d-243940df21a7","2021-12-10 14:59:41.438"
"AG","10.850","44","10.860","18","1,109","10.82","bf9a7a55-00f7-4b65-b6e8-b203e5690435","2021-12-10 10:32:48.153"
"AG","10.830","8","10.830","1","-1,109","10.83","81236c05-b9b0-4b69-8a37-47477ce5e6fe","2021-12-10 10:33:30.006"
"AG","10.870","60","10.880","10","1,107","10.84","b8d25fad-74ba-4bac-9f91-b432b6d7028e","2021-12-10 10:46:09.823"
"AG","10.870","27","10.880","9","1,107","10.84","c949ad33-5f91-453d-bfe1-0b803b706cc2","2021-12-10 10:46:09.823"
"AG","10.830","32","10.840","16","-1,107","10.84","dff7855a-ebaf-4352-9620-aa6387d107c0","2021-12-10 10:46:37.435"
"AG","10.840","19","10.850","18","-1,107","10.85","4bf3b133-9480-42fc-858f-117dc65911a3","2021-12-10 10:46:40.105"
"AG","10.850","18","10.860","36","1,106","10.85","cda06fc9-0784-4148-9284-e8f7683db580","2021-12-10 11:03:12.571"
"AG","10.820","34","10.830","17","-1,106","10.83","3c88b38d-5cc2-424f-8677-c650c009b7fd","2021-12-10 11:04:45.799"
"AG","10.840","29","10.850","22","1,110","10.81","a5ab5b11-7bfe-409d-8468-7cf0052a6e51","2021-12-10 11:07:22.469"
"AG","10.840","29","10.850","22","1,110","10.81","a0390dd4-be42-44e2-b628-2cb0bd0f396f","2021-12-10 11:07:22.469"
"AG","10.840","29","10.850","22","1,110","10.81","7089be63-d042-49dd-8ce3-046d3b24888c","2021-12-10 11:07:22.469"
"AG","10.830","51","10.840","9","1,110","10.81","be632301-4cb4-4639-b2b3-a53f3d1db5f1","2021-12-10 11:07:22.469"
"AG","10.840","23","10.850","17","1,110","10.81","6ab76ec8-09ac-4be4-9309-8d5676c4b0bc","2021-12-10 11:07:22.469"
"AG","10.840","1","10.840","23","1,110","10.81","3197605a-b9c2-4c8e-8d15-fe065217b00b","2021-12-10 11:07:22.469"
"AG","10.840","36","10.850","13","1,110","10.81","a4f0f429-b0bb-4045-9b27-3e2770ce89c4","2021-12-10 11:07:22.469"
"AG","10.840","36","10.850","13","1,110","10.81","f512e116-65c8-4bdc-aed9-df7e96ab4687","2021-12-10 11:07:22.469"
"AG","10.820","17","10.830","22","-1,110","10.83","f7f2eb8b-035e-4728-9259-0d89e3a3f879","2021-12-10 11:08:32.781"
"AG","10.820","17","10.830","22","-1,110","10.83","f97ed0d4-2d26-4c1b-beff-89983bdf66ab","2021-12-10 11:08:32.781"
"AG","10.810","15","10.820","51","-1,110","10.82","6d5246ca-bc63-4cf9-8f19-b246b3f2af68","2021-12-10 11:09:29.044"
"AG","10.810","15","10.820","51","-1,110","10.82","115906db-e4f0-4938-b560-a22c7dd6be50","2021-12-10 11:09:29.044"
"AG","10.810","13","10.820","62","-1,110","10.82","237cb408-6b04-41c4-929b-297e496f591b","2021-12-10 11:09:29.044"
"AG","10.810","25","10.820","37","-1,110","10.82","dbfd1ae6-a096-42a2-9816-d3fe6d9fc7d9","2021-12-10 11:09:35.020"
"AG","10.820","17","10.830","16","-1,110","10.83","8d9b56d4-d838-4fcc-8e87-9c9fb9f1b0c7","2021-12-10 11:10:03.760"
"AG","10.820","43","10.830","8","-1,110","10.83","506af049-c45a-428d-bae3-5b2733ae696e","2021-12-10 11:10:13.973"
"AG","10.840","76","10.850","6","1,110","10.80","f150f496-9b12-47d0-a810-73258f4f0352","2021-12-10 11:16:57.303"
"AG","10.850","13","10.860","16","1,110","10.80","6cbf56d4-0018-4b84-956c-07f0bc9bbb89","2021-12-10 11:16:57.303"
"AG","10.800","17","10.810","27","-1,110","10.81","b620cb5d-b1df-4902-b554-c4c10de236a2","2021-12-10 11:17:40.003"
"AG","10.800","21","10.810","26","-1,110","10.81","5b77b9d1-b137-4bb6-8b45-1cd3776bf557","2021-12-10 11:17:40.003"
"AG","10.850","32","10.860","12","1,109","10.82","ddcf3ff6-fa09-4aad-8384-c58a45e0bef9","2021-12-10 11:45:21.177"
"AG","10.850","32","10.860","12","1,109","10.82","1f85bf3e-0452-4e5d-b3b2-27eeab94cc72","2021-12-10 11:45:21.177"
"AG","10.850","32","10.860","12","1,109","10.82","f3fba9f6-3dbd-46c2-bc11-ea11a8631615","2021-12-10 11:45:21.177"
"AG","10.840","56","10.850","13","1,109","10.82","647eea0c-72cb-4270-b73e-4b0102688812","2021-12-10 11:45:21.177"
"AG","10.840","44","10.850","7","1,109","10.82","1fe7b998-f2bd-48b9-8caf-222badf8c786","2021-12-10 11:45:21.177"
"AG","10.860","19","10.870","33","1,110","10.81","00f1752b-8c56-4cb6-8165-58c7699a6f06","2021-12-10 11:45:21.179"
"AG","10.860","9","10.870","55","1,110","10.81","f6ee3834-a25a-4f5e-9fb1-76a9adee0f2b","2021-12-10 11:45:21.179"
"AG","10.840","88","10.850","1","1,110","10.81","3fac5c37-bdeb-4e50-8042-adfaf493f18d","2021-12-10 11:45:21.179"
"AG","10.840","88","10.850","1","1,110","10.81","550053e4-d087-4b63-8968-a717353274ab","2021-12-10 11:45:21.179"
"AG","10.870","29","10.880","22","1,111","10.80","90778a67-1ab9-4ee6-92f7-06effc66dd59","2021-12-10 11:45:51.325"
"AG","10.860","19","10.870","25","1,111","10.80","95ce0df2-43b6-4736-88a9-b568a10b47cc","2021-12-10 11:45:51.325"
"AG","10.840","37","10.850","14","1,111","10.80","069296a2-f78c-47d8-a36d-794158327023","2021-12-10 11:45:51.325"
"AG","10.850","24","10.860","26","1,111","10.80","d687416c-f899-406e-a236-cc0cff7f04ba","2021-12-10 11:45:51.325"
"AG","10.840","21","10.850","24","1,111","10.80","3a31cfac-be7a-444e-bef5-0f204e1acea4","2021-12-10 11:45:51.325"
"AG","10.840","21","10.850","24","1,111","10.80","9acd4583-295a-4e9e-ac44-3f1741023b6f","2021-12-10 11:45:51.325"
"AG","10.820","35","10.830","14","1,112","10.78","49d23e18-64cb-433f-894b-f8fe840f9d3b","2021-12-10 11:46:18.147"
"AG","10.830","4","10.840","18","1,112","10.78","445039f2-6b55-4af8-be41-5f510afd0e4d","2021-12-10 11:46:18.147"
"AG","10.850","39","10.860","8","1,113","10.78","b84cb400-8282-41fc-876f-6f26965bb3d2","2021-12-10 11:47:23.574"
"AG","10.880","20","10.890","15","1,113","10.78","6f7d8a52-b4f8-4b8c-98ad-ff3d6ca04e6d","2021-12-10 11:47:23.574"
"AG","10.890","18","10.900","19","1,113","10.78","b7b060ba-1ea8-4d44-9d0a-cd39d73d60e9","2021-12-10 11:47:23.574"
"AG","10.780","30","10.790","16","-1,111","10.79","bc5c7420-426f-4321-9c5a-1622b79627c7","2021-12-10 11:47:23.574"
"AG","10.780","30","10.790","16","-1,109","10.79","0ec8a201-351f-4f98-8c40-c85a608f677d","2021-12-10 11:47:23.574"
"AG","10.780","30","10.790","16","-1,110","10.79","e294ac52-1a21-49e5-a375-3423eefc4e6f","2021-12-10 11:47:23.574"
"AG","10.780","30","10.790","16","-1,111","10.79","9ef126f7-2091-4638-9385-24f65e8b32f7","2021-12-10 11:47:23.574"
"AG","10.780","30","10.790","16","-1,110","10.79","2a84258a-331c-4cbd-9ab2-a615e01d1247","2021-12-10 11:47:23.574"
"AG","10.780","30","10.790","16","-1,111","10.79","6d44317e-4dfb-44aa-9815-246f009692c9","2021-12-10 11:47:23.574"
"AG","10.780","30","10.790","16","-1,109","10.79","47a9ca0a-55a2-4af6-9cdd-9c3e649f75c1","2021-12-10 11:47:23.574"
"AG","10.780","30","10.790","16","-1,109","10.79","959b4316-14f9-4571-af2e-a4bc298f133d","2021-12-10 11:47:23.574"
"AG","10.780","30","10.790","22","-1,111","10.79","869e9c4a-6100-4fc8-9d99-e22346f38abe","2021-12-10 11:47:23.574"
"AG","10.780","30","10.790","22","-1,109","10.79","2d51a4b5-58ec-474d-8d9b-357f96c5250b","2021-12-10 11:47:23.574"
"AG","10.780","30","10.790","22","-1,111","10.79","b85b0dfa-0b20-40e1-9f1e-aa6b2ce52504","2021-12-10 11:47:23.574"
"AG","10.780","30","10.790","22","-1,112","10.79","5e2bcbf9-6612-453b-9048-ca891a3924c9","2021-12-10 11:47:23.574"
"AG","10.780","30","10.790","22","-1,110","10.79","8221dfae-9dd0-460f-a59d-27400bd4c456","2021-12-10 11:47:23.574"
"AG","10.780","30","10.790","22","-1,111","10.79","98015733-ddf6-4ca4-8e97-3c932fd1e395","2021-12-10 11:47:23.574"
"AG","10.780","30","10.790","22","-1,110","10.79","ed02c2dc-41d5-4d76-b183-189ee62be007","2021-12-10 11:47:23.574"
"AG","10.780","30","10.790","22","-1,109","10.79","ac0aeb84-6c56-44d0-84ee-043671be2556","2021-12-10 11:47:23.574"
"AG","10.780","30","10.790","22","-1,112","10.79","1b9dabe9-dbd2-44c6-adc9-5aa6d8c09898","2021-12-10 11:47:23.574"
"AG","10.790","12","10.800","28","-1,113","10.80","a91e12a3-85ff-4df9-b069-c4eff90be35b","2021-12-10 11:49:29.289"
"AG","10.800","23","10.810","42","-1,113","10.81","6367642f-7adb-4632-a31e-16ca479fa024","2021-12-10 11:49:46.503"
"AG","10.830","45","10.840","41","-1,113","10.84","7cfea490-6ac8-4ed7-af81-146ffb348915","2021-12-10 11:50:34.576"
"AG","10.810","58","10.820","1","1,109","10.82","60c9bb46-38d0-43a4-8d00-3900f6583068","2021-12-10 12:10:20.006"
"AG","10.810","40","10.820","35","-1,109","10.82","53d48fb2-df47-4895-a5a5-00321381b72d","2021-12-10 12:14:00.010"
"AG","10.810","18","10.820","18","1,112","10.78","6dd010b1-8a95-4904-a7fd-dc523ac7d0c6","2021-12-10 12:32:47.634"
"AG","10.810","18","10.820","17","1,113","10.78","699827e7-ffab-447e-9c23-83854b2c89fc","2021-12-10 12:32:47.634"
"AG","10.810","20","10.820","17","1,112","10.78","56b221fb-5852-492a-964f-53d95eab4861","2021-12-10 12:32:47.634"
"AG","10.820","23","10.830","28","1,112","10.78","d2b9a1e1-8f5d-4bf7-9865-2b8fdff42dee","2021-12-10 12:32:47.634"
"AG","10.820","24","10.830","24","1,113","10.78","66c7914a-97e6-4a39-b590-131e8606a63b","2021-12-10 12:32:47.634"
"AG","10.810","56","10.820","15","1,113","10.78","51b2b235-db6c-49ac-b9e3-bbd82e86b3de","2021-12-10 12:32:47.634"
"AG","10.820","2","10.830","49","1,113","10.78","8bf5246c-0f00-4c56-b4a0-d85d73260375","2021-12-10 12:32:47.634"
"AG","10.820","2","10.830","49","1,113","10.78","5ecf145e-3908-4f1a-9e2d-b6cb1de14caa","2021-12-10 12:32:47.634"
"AG","10.820","3","10.830","32","1,113","10.78","526cb68c-7147-423e-b6bd-3d8d7558a71b","2021-12-10 12:32:47.634"
"AG","10.820","35","10.830","37","1,113","10.78","14c9cf81-2e09-4fb3-ab08-44e5ed0934f0","2021-12-10 12:32:47.634"
"AG","10.820","29","10.830","10","1,112","10.78","df519f68-147c-4976-9eba-61159b3b3eef","2021-12-10 12:32:47.634"
"AG","10.820","28","10.830","42","1,113","10.78","cabda5fb-11bd-41be-9e73-14f73bf36848","2021-12-10 12:32:47.634"
"AG","10.820","27","10.830","18","1,113","10.78","dc2a864e-4b4c-4cd8-8635-54a9104ba03c","2021-12-10 12:32:47.634"
"AG","10.820","24","10.830","18","1,113","10.78","67836d9c-3d46-45fd-be6b-d5f9805db62b","2021-12-10 12:32:47.634"
"AG","10.790","32","10.800","35","1,113","10.78","97192f50-f915-44e2-8504-afeeb1534ec4","2021-12-10 12:32:47.634"
"AG","10.790","35","10.800","22","1,113","10.78","ed3d13f1-9d97-4b72-b86d-40383547c46a","2021-12-10 12:32:47.634"
"AG","10.790","35","10.800","22","1,113","10.78","17d21440-0881-4c14-94fb-3588b15c1832","2021-12-10 12:32:47.634"
"AG","10.790","35","10.800","22","1,113","10.78","46e00fac-0efc-43f6-b007-cc79ecb26db7","2021-12-10 12:32:47.634"
"AG","10.790","31","10.800","48","1,113","10.78","5a59c187-a6c8-4e63-970b-ad607b708233","2021-12-10 12:32:47.634"
"AG","10.770","41","10.790","59","-1,112","10.80","d051a8da-9e6a-4628-96bc-95a8d0d268fc","2021-12-10 12:33:09.845"
"AG","10.770","41","10.790","59","-1,112","10.80","4d888a69-c1fc-4776-9cac-6e37d836a70b","2021-12-10 12:33:09.845"
"AG","10.770","41","10.790","59","-1,113","10.80","436a827c-f68f-4924-bf50-d13c6c2d92ce","2021-12-10 12:33:09.845"
"AG","10.770","41","10.790","59","-1,113","10.80","39dd3a13-0319-445a-9912-cb8796b16587","2021-12-10 12:33:09.845"
"AG","10.770","41","10.790","59","-1,113","10.80","e6a4ae99-aed9-4f7d-884b-2098c3dbe86a","2021-12-10 12:33:09.845"
"AG","10.770","41","10.790","59","-1,113","10.80","fb3d5261-c374-4c8b-9d02-b5f4d4f6bbe4","2021-12-10 12:33:09.845"
"AG","10.770","41","10.790","59","-1,113","10.80","5982f0c8-21d7-4896-9e00-bced3e19ca71","2021-12-10 12:33:09.845"
"AG","10.770","41","10.790","59","-1,113","10.80","df85a0a4-7a43-4a5b-ba03-6c7de7ff49ac","2021-12-10 12:33:09.845"
"AG","10.770","41","10.790","59","-1,113","10.80","c445f0ba-ee70-4ad5-91bb-c509c06d619c","2021-12-10 12:33:09.845"
"AG","10.770","41","10.790","59","-1,113","10.80","2013b40a-4387-4a44-b4ea-d9385c9e3d72","2021-12-10 12:33:09.845"
"AG","10.790","31","10.800","20","-1,113","10.80","a38c0c0b-76c6-44fd-8eaf-3db4d3ae0152","2021-12-10 12:33:20.851"
"AG","10.790","31","10.800","20","-1,113","10.80","e607f0cb-05a3-4dbd-8276-3cbeca55f22e","2021-12-10 12:33:20.851"
"AG","10.790","34","10.800","22","-1,112","10.80","a3c8f433-3267-4d42-858f-0111036da893","2021-12-10 12:33:50.878"
"AG","10.790","34","10.800","22","-1,113","10.80","48fe6b03-9d64-46ea-a281-d800cb35de2d","2021-12-10 12:33:50.878"
"AG","10.790","34","10.800","22","-1,113","10.80","99a3543a-30d1-4cea-98af-8ab7ff1940ac","2021-12-10 12:33:50.878"
"AG","10.790","46","10.800","17","-1,112","10.80","74f847bb-f6f4-498a-a330-5bb68bda756d","2021-12-10 12:34:45.888"
"AG","10.790","46","10.800","17","-1,113","10.80","3df13b9d-cc30-4e6e-a988-12c22a6562b3","2021-12-10 12:34:45.888"
"AG","10.790","52","10.800","9","-1,113","10.80","c7001f13-fbab-4f23-a532-246d7194ec46","2021-12-10 12:34:50.900"
"AG","10.800","22","10.810","26","-1,113","10.81","0ca42c9d-e14f-4c48-a442-4f471561378c","2021-12-10 12:35:06.056"
"AG","10.880","12","10.890","21","1,113","10.77","225d5031-c1eb-4ff4-bb9f-74b3dcb3824e","2021-12-10 12:38:52.424"
"AG","10.880","15","10.890","14","1,113","10.77","bd195a98-fc97-42d5-aac0-308f16e466d0","2021-12-10 12:38:52.424"
"AG","10.880","2","10.890","23","1,113","10.77","41a806ca-eb0b-4f0c-8b72-f75f209ddfa1","2021-12-10 12:38:52.424"
"AG","10.760","7","10.770","38","-1,113","10.77","4849d958-1e2b-41aa-a3a3-38c23240eb21","2021-12-10 12:40:12.321"
"AG","10.760","7","10.770","38","-1,113","10.77","55228721-041d-4434-8110-1f36c9479814","2021-12-10 12:40:12.321"
"AG","10.760","7","10.770","38","-1,113","10.77","5b812cf2-dfab-42ce-bda4-b1516154790a","2021-12-10 12:40:12.321"
"AG","10.850","9","10.860","17","1,116","10.75","047470b8-88f8-43b0-9cc8-7ac03d2e22dc","2021-12-10 12:41:27.636"
"AG","10.740","24","10.750","19","-1,116","10.75","2855d966-1018-42f4-8d8d-b170d35e209e","2021-12-10 12:44:30.913"
"AG","10.780","11","10.790","29","1,113","10.78","8c070e22-7d91-4a6c-a91f-8abb59425ce7","2021-12-10 12:51:32.409"
"AG","10.780","11","10.790","29","1,113","10.78","14c2c8ae-662a-452f-bcc6-58fb430c9041","2021-12-10 12:51:32.409"
"AG","10.780","11","10.790","29","1,113","10.78","2766469b-e627-46fd-aab4-0f7bbfa48e0e","2021-12-10 12:51:32.409"
"AG","10.790","13","10.800","30","-1,113","10.80","74a2da15-9b44-4b97-8383-d4b03501b1c4","2021-12-10 12:54:01.849"
"AG","10.790","8","10.800","70","-1,113","10.80","a12fc785-fd99-4ddf-8699-61a95837f9ad","2021-12-10 12:56:59.971"
"AG","10.790","8","10.800","46","-1,113","10.80","8bf37517-3d7e-401e-a605-73b8e7be73ca","2021-12-10 12:57:39.306"
"AG","10.780","21","10.790","11","1,114","10.77","f44bebe1-c1ec-4213-b572-3aeb115b25bd","2021-12-10 13:11:48.512"
"AG","10.780","13","10.790","16","1,114","10.77","b51e6f55-a74c-499f-86a0-aec2a9210252","2021-12-10 13:11:48.512"
"AG","10.780","18","10.790","17","-1,114","10.79","aec56ae7-4c9b-4a5e-933f-762b99b3ee23","2021-12-10 13:13:41.008"
"AG","10.780","18","10.790","19","-1,114","10.79","da0d3a4a-8073-49e4-b66d-c01af85e92c0","2021-12-10 13:14:10.324"
"AG","10.790","16","10.790","1","1,116","10.75","fb1b183d-d60d-434c-b02e-29da7bbbd550","2021-12-10 13:21:53.779"
"AG","10.780","33","10.790","29","1,116","10.75","03948e48-aac0-4038-8448-2bb4d4246a91","2021-12-10 13:21:53.779"
"AG","10.780","33","10.790","11","1,116","10.75","54f57856-056e-4c36-bff1-981d33e9fa63","2021-12-10 13:21:53.779"
"AG","10.780","10","10.790","22","1,116","10.75","a5d218a0-898c-4880-ba64-83afe66ba9f3","2021-12-10 13:21:53.779"
"AG","10.750","25","10.760","17","-1,116","10.76","806b9f8a-a092-415f-8f1f-d21b537c4626","2021-12-10 13:22:28.132"
"AG","10.750","25","10.760","17","-1,116","10.76","ed39862e-5e7e-48f6-b18d-e9a0b7fd295d","2021-12-10 13:22:28.132"
"AG","10.750","29","10.760","16","-1,116","10.76","913b7c42-6eb3-428b-a58f-c8fe42222503","2021-12-10 13:22:31.788"
"AG","10.760","17","10.770","32","-1,116","10.77","8f9a6f51-d490-4ae5-9b17-74155d69ba78","2021-12-10 13:22:46.705"
"AG","10.780","12","10.790","33","1,114","10.77","2e0c4fa0-a6bf-47db-96f2-92fa3b33d10b","2021-12-10 13:36:25.325"
"AG","10.750","39","10.760","24","-1,114","10.76","520e7667-42f7-4b14-ae02-6092c8544097","2021-12-10 13:39:03.841"
"AG","10.770","40","10.780","18","1,114","10.76","632e71ca-4be1-417b-a1b2-702eca1bc169","2021-12-10 13:44:45.058"
"AG","10.770","27","10.780","18","1,114","10.76","99c6ffc5-3ef1-435a-85fd-9929b12feada","2021-12-10 13:44:45.058"
"AG","10.770","26","10.770","1","-1,114","10.77","bad392dd-9b64-4ba5-8684-8b14165e433c","2021-12-10 13:45:00.006"
"AG","10.770","38","10.780","28","-1,114","10.78","cef4697f-5466-4564-a0e4-a5fc17b6ded1","2021-12-10 13:46:50.275"
"AG","10.770","22","10.780","26","1,115","10.75","753d4dea-10b0-4e2f-af98-f2a7abd82434","2021-12-10 13:51:48.041"
"AG","10.770","22","10.780","26","1,116","10.75","a3728f33-4fb7-4a69-9b8c-fb5a45372504","2021-12-10 13:51:48.041"
"AG","10.770","22","10.780","26","1,115","10.75","bae5edb3-79ff-4902-bec6-243952891462","2021-12-10 13:51:48.041"
"AG","10.770","27","10.780","20","1,116","10.75","39dd34f0-4953-4240-8b7e-9bf25a1f2307","2021-12-10 13:51:48.041"
"AG","10.770","27","10.780","20","1,115","10.75","5b9ac9ab-af19-4b5a-aefe-00fa888ded19","2021-12-10 13:51:48.041"
"AG","10.770","37","10.780","20","1,115","10.75","7cbff1e9-a62f-4d38-9e70-b89b06f36db6","2021-12-10 13:51:48.041"
"AG","10.770","37","10.780","20","1,115","10.75","7e879fdd-42bf-4232-991f-8aafca993138","2021-12-10 13:51:48.041"
"AG","10.740","40","10.750","18","-1,116","10.75","550faf93-9cb1-4ea6-96ac-37bfc941915c","2021-12-10 13:52:08.070"
"AG","10.740","40","10.750","18","-1,115","10.75","1390d4be-c92d-47a4-956b-3e5df2df8df0","2021-12-10 13:52:08.070"
"AG","10.740","40","10.750","18","-1,115","10.75","e5f6e860-0f30-4018-8743-936e5b2791bd","2021-12-10 13:52:08.070"
"AG","10.740","40","10.750","18","-1,115","10.75","dc7570fc-aed0-4496-b794-2b8bc4ef364a","2021-12-10 13:52:08.070"
"AG","10.740","31","10.750","22","-1,115","10.75","f5595dc0-f2f8-41d8-aa3b-e36b52bb283a","2021-12-10 13:52:11.832"
"AG","10.740","31","10.750","22","-1,115","10.75","c0dae7ec-0997-42a1-b385-56d465d0e9a0","2021-12-10 13:52:11.832"
"AG","10.740","57","10.750","4","-1,116","10.75","f8fff23b-054c-4ee1-9d5b-6e0199f87d6c","2021-12-10 13:52:21.329"
"AG","10.780","10","10.790","22","1,116","10.74","6e983564-3061-4ee2-ab5c-9d6855d68119","2021-12-10 13:54:45.474"
"AG","10.770","14","10.780","34","1,116","10.74","0d20f725-7618-4bdf-bcc0-dfed6b104942","2021-12-10 13:54:45.474"
"AG","10.790","42","10.800","10","1,117","10.74","8f8550fa-5cb0-4e7b-bf4b-20d0d8197038","2021-12-10 13:54:45.474"
"AG","10.790","39","10.800","10","1,117","10.74","f910dcd9-f8bf-4290-8919-0683fa6acbe7","2021-12-10 13:54:45.474"
"AG","10.790","26","10.800","10","1,117","10.74","a2e26aa9-8cbc-41e9-9f8f-2e4abbca7c7d","2021-12-10 13:54:45.474"
"AG","10.790","17","10.800","18","1,117","10.74","5d59d721-cad9-4581-908b-c7581d831a11","2021-12-10 13:54:45.474"
"AG","10.790","10","10.800","23","1,117","10.74","8bfcce83-afc9-40bd-8d59-d9a9141c12fe","2021-12-10 13:54:45.474"
"AG","10.770","27","10.780","20","1,117","10.74","b2bcef5a-efe1-4660-b4bf-b7cdc48a2d14","2021-12-10 13:54:45.474"
"AG","10.770","27","10.780","20","1,117","10.74","ef21e7ae-9d69-4ccb-907b-c3aca834c1b9","2021-12-10 13:54:45.474"
"AG","10.750","13","10.760","35","-1,116","10.76","3a0befe0-ad03-4b45-bc26-8e3938ca8ce6","2021-12-10 14:01:09.820"
"AG","10.750","13","10.760","35","-1,117","10.76","0ec2c15a-0138-4634-890e-eabbb5a136b5","2021-12-10 14:01:09.820"
"AG","10.750","13","10.760","35","-1,117","10.76","1d7e2a93-29f8-4b95-b928-1a7c964f1794","2021-12-10 14:01:09.820"
"AG","10.740","36","10.750","36","-1,117","10.75","a83a50b4-c8ed-4078-86de-152f1ec94e4e","2021-12-10 14:02:00.941"
"AG","10.740","36","10.750","36","-1,116","10.75","159217fd-9e45-49a8-9dc0-c759cb532ce1","2021-12-10 14:02:00.941"
"AG","10.750","15","10.760","30","-1,117","10.76","9c039cc2-5ae1-48c6-b09b-670f307a31d2","2021-12-10 14:02:08.526"
"AG","10.750","15","10.760","30","-1,117","10.76","0f4a41c6-95bd-434f-b5dd-258c8a0502e4","2021-12-10 14:02:08.526"
"AG","10.760","10","10.770","15","-1,117","10.77","46f9a2eb-ab33-4ff6-baf0-66036420ae23","2021-12-10 14:02:44.001"
"AG","10.770","27","10.780","61","-1,117","10.78","1d84751e-5d7f-4342-bdb9-94c325b04f22","2021-12-10 14:03:15.990"
"AG","10.760","17","10.770","18","1,114","10.77","7d191696-0e3c-43b4-8594-c5e73cd89e97","2021-12-10 14:06:50.006"
"AG","10.760","25","10.770","18","1,114","10.76","a3a1160c-a2d5-47ed-974a-15b508f1c179","2021-12-10 14:07:23.857"
"AG","10.760","25","10.770","18","1,114","10.76","88321447-bcf6-4eb1-88ec-18e58628915b","2021-12-10 14:07:23.857"
"AG","10.770","16","10.780","26","-1,114","10.78","b9995f39-e67d-4af9-81b8-5d681f1abe22","2021-12-10 14:08:54.861"
"AG","10.760","27","10.770","38","-1,114","10.77","f918c7b6-cad3-40f5-b67a-d7d101bcef28","2021-12-10 14:12:27.838"
"AG","10.750","36","10.760","29","-1,114","10.76","48cd818e-e77d-495e-a79f-bfad458d9265","2021-12-10 14:15:12.385"
"AG","10.750","28","10.760","19","1,117","10.74","b8a0178b-26e6-4344-a7ce-3b7e9c600b86","2021-12-10 14:22:08.938"
"AG","10.750","29","10.760","19","1,117","10.74","76fc10bc-2705-4e9a-bb2e-3fde4b68bb6e","2021-12-10 14:22:08.938"
"AG","10.750","29","10.760","19","1,117","10.74","95df1747-3d0b-48eb-acb4-f8216c98089b","2021-12-10 14:22:08.938"
"AG","10.750","37","10.760","5","1,117","10.74","457d4073-1874-41e5-b1f0-ad0200246462","2021-12-10 14:22:08.938"
"AG","10.760","21","10.770","28","1,116","10.74","75963b5a-0ee2-4de3-bf6f-f8e9e144628e","2021-12-10 14:22:08.938"
"AG","10.740","31","10.750","15","-1,117","10.75","151f5632-dc0c-47a2-ad55-e00db60f4185","2021-12-10 14:23:13.057"
"AG","10.740","31","10.750","15","-1,117","10.75","9ce5ae02-d5c1-43dc-8699-4b599648a5c2","2021-12-10 14:23:13.057"
"AG","10.740","31","10.750","15","-1,117","10.75","313a1f82-ca36-48d5-b50f-886e0680a93a","2021-12-10 14:23:13.057"
"AG","10.740","31","10.750","15","-1,117","10.75","ed55dc08-0e86-4d34-9fd9-e09054a54009","2021-12-10 14:23:13.057"
"AG","10.740","31","10.750","16","-1,116","10.75","6ac40976-ecfb-4fb4-90ff-c033c64c7bee","2021-12-10 14:23:42.335"
"AG","10.750","30","10.760","29","1,118","10.73","4d33cd60-1c5c-42c9-b9b0-0c415c31d3a6","2021-12-10 14:59:37.537"
"AG","10.750","30","10.760","29","1,118","10.73","e5f48874-8568-420b-8c60-c8d15ad04b34","2021-12-10 14:59:37.537"
"AG","10.750","30","10.760","29","1,118","10.73","dc753e18-f522-476a-af9d-be588449bbf5","2021-12-10 14:59:37.537"
"AG","10.750","30","10.760","29","1,117","10.73","e4aa7365-820a-40e3-9395-41709556aa0f","2021-12-10 14:59:37.537"
"AG","10.750","20","10.760","25","1,119","10.72","2f0ee5fd-d829-4b57-b85c-51192522b052","2021-12-10 14:59:51.724"
"AG","10.750","35","10.760","24","1,119","10.72","1693e94b-f0a3-41c4-8a60-6a823aba241f","2021-12-10 14:59:51.724"
"AG","10.760","24","10.770","22","1,119","10.72","cccbb693-43e4-4507-bfb0-bdf20d36fdbc","2021-12-10 14:59:51.724"
"AG","10.760","24","10.770","22","1,119","10.72","43146ed0-2770-48fc-8479-0186d793092c","2021-12-10 14:59:51.724"
"AG","10.760","15","10.770","27","1,119","10.72","c45e3ff3-5a0d-4de4-be7f-2343aa85ef5c","2021-12-10 14:59:51.724"
"AG","10.750","23","10.760","30","1,119","10.72","559277b1-288a-4675-917e-ccfcca42b019","2021-12-10 14:59:51.724"
"AG","10.750","30","10.760","29","1,119","10.72","5d9c1a56-a806-411d-8ec5-301462fd6339","2021-12-10 14:59:51.724"
"AG","10.730","14","10.740","27","-1,118","10.74","7a186bf4-bca2-457d-8c9c-8101eef1a326","2021-12-10 15:01:09.829"
"AG","10.730","14","10.740","27","-1,119","10.74","0a1b24df-316b-4796-a7cf-278bc1c96f6a","2021-12-10 15:01:09.829"
"AG","10.730","14","10.740","27","-1,118","10.74","a1e96852-dc85-489d-9441-e37640543c96","2021-12-10 15:01:09.829"
"AG","10.730","14","10.740","27","-1,118","10.74","492913ea-1711-49de-bce7-7f8e88c7717d","2021-12-10 15:01:09.829"
"AG","10.730","11","10.740","28","-1,119","10.74","a220cc5f-47c6-416f-8b5b-cb07654ed710","2021-12-10 15:01:31.879"
"AG","10.730","11","10.740","28","-1,119","10.74","5b8daa2a-1292-4030-9e8c-4f9eb4c74bea","2021-12-10 15:01:31.879"
"AG","10.730","11","10.740","28","-1,119","10.74","fd79ae50-6028-4b95-a1ee-ce8e60330850","2021-12-10 15:01:31.879"
"AG","10.730","21","10.740","21","-1,117","10.74","c1abf6c7-abe4-40ec-906e-227d496da1be","2021-12-10 15:02:00.087"
"AG","10.730","21","10.740","21","-1,119","10.74","e5c1d961-123f-4409-b6bf-d76a66c0df4f","2021-12-10 15:02:00.087"
"AG","10.730","31","10.740","14","-1,119","10.74","329f1e6d-42a2-4141-8ee2-7ca2ebd2b54f","2021-12-10 15:02:10.365"
"AG","10.750","45","10.760","14","1,120","10.71","ffbe5e7b-d2ec-46e6-b732-1ecd76dc5733","2021-12-10 15:05:52.334"
"AG","10.750","43","10.760","13","1,120","10.71","bf7fab5a-66af-42de-b742-77072027a6fb","2021-12-10 15:05:52.334"
"AG","10.750","50","10.760","20","1,120","10.71","3afe721b-07bd-4eda-8dbd-496908f326a2","2021-12-10 15:05:52.334"
"AG","10.710","48","10.720","20","-1,119","10.72","86d07615-f1e8-4ceb-a56e-8199e1569248","2021-12-10 15:08:32.451"
"AG","10.710","59","10.720","20","-1,120","10.72","cd95585d-d4ce-4a6f-bbde-e74b5aaa4c3a","2021-12-10 15:08:46.893"
"AG","10.710","59","10.720","20","-1,120","10.72","12dc1427-af11-4e09-bc8b-ecceab469d8d","2021-12-10 15:08:46.893"
"AG","10.720","32","10.730","28","-1,120","10.73","8ae5ce26-53e8-4e26-973f-082b3735cbc7","2021-12-10 15:09:04.396"
"AG","10.730","30","10.740","26","1,116","10.74","66251433-9dd8-4e9c-bd62-33455c36fa52","2021-12-10 15:12:10.006"
"AG","10.740","21","10.750","31","-1,116","10.75","e411c567-7fb8-4f85-9bd7-81176e7710f3","2021-12-10 15:13:50.865"
"AG","10.740","4","10.750","59","1,118","10.73","5e23a653-a4dd-4fba-bd98-00544e9b9c43","2021-12-10 15:19:19.929"
"AG","10.740","10","10.750","45","1,118","10.73","487f10fb-edbf-405b-ab85-16b0ece9f172","2021-12-10 15:19:19.929"
"AG","10.740","10","10.750","45","1,118","10.73","f21171e8-560a-440b-9833-f2837a6d54b5","2021-12-10 15:19:19.929"
"AG","10.730","25","10.740","23","1,118","10.73","ebe5bf42-8d4c-4224-a877-42c7b8a053ea","2021-12-10 15:19:19.929"
"AG","10.730","42","10.740","5","1,118","10.73","bca76a69-ef4b-4aef-be03-631f161696c5","2021-12-10 15:19:19.929"
"AG","10.730","53","10.740","46","1,118","10.73","41c1cee2-303a-4158-9ca6-02ffbaaa303a","2021-12-10 15:19:19.929"
"AG","10.730","26","10.740","21","1,118","10.73","5fb408a8-7daf-4d10-be47-1d8838c23405","2021-12-10 15:19:19.929"
"AG","10.740","56","10.750","30","-1,118","10.75","d8b52d1d-b605-459b-b06d-1efb0fe6af4d","2021-12-10 15:22:30.075"
"AG","10.740","56","10.750","30","-1,118","10.75","65ca6c48-663d-44bc-99d4-4253a5411752","2021-12-10 15:22:30.075"
"AG","10.740","56","10.750","30","-1,118","10.75","fa4b635f-5b6b-45e4-85c6-2bcc83bb05db","2021-12-10 15:22:30.075"
"AG","10.740","56","10.750","30","-1,118","10.75","dc30c21b-c394-464b-8138-60b48dc83073","2021-12-10 15:22:30.075"
"AG","10.740","19","10.750","51","-1,118","10.75","21614db5-71a7-4f52-b170-66d0ff3ea0c2","2021-12-10 15:24:31.090"
"AG","10.730","41","10.740","29","-1,118","10.74","6c2b9caa-1b64-483c-ba05-4556080d8015","2021-12-10 15:26:32.111"
"AG","10.730","42","10.740","32","-1,118","10.74","c903efe6-e021-40d3-b6bf-7e26e11ef476","2021-12-10 15:26:32.111"
"AG","10.730","42","10.740","39","1,120","10.71","addc81b3-8b70-45bc-981a-2785a3158be2","2021-12-10 15:30:08.775"
"AG","10.730","39","10.740","39","1,120","10.71","eadffccb-39b4-4b1b-a9de-d7bbd1c9d9d7","2021-12-10 15:30:08.775"
"AG","10.710","68","10.720","47","-2,240","10.71","5544f807-793f-4de5-b3a7-63c8c72eaa77","2021-12-10 15:48:00.006"
"ABB","36.720","10","36.730","40","327","36.67","03a96c8e-46db-487b-b847-7e34a3d70df4","2021-12-10 09:55:39.296"
"ABB","36.700","13","36.710","7","327","36.67","99c156be-f757-4528-a503-04412b0436e1","2021-12-10 09:55:39.296"
"ABB","36.700","13","36.710","9","327","36.67","902ad5d2-dea1-49ee-b743-1fc5414afe60","2021-12-10 09:55:39.296"
"ABB","36.700","1","36.710","11","327","36.67","50fb1f3d-0676-48fe-b1b4-b65b93c89439","2021-12-10 09:55:39.296"
"ABB","36.700","1","36.710","11","327","36.67","26c10688-2eed-493a-9fb5-ce6d6a750907","2021-12-10 09:55:39.296"
"ABB","36.650","9","36.660","37","-327","36.66","86186a2a-c7f9-4732-81a5-b4043a92f300","2021-12-10 09:59:51.486"
"ABB","36.650","9","36.660","37","-327","36.66","1215cd20-52ff-4c2f-9f2e-05fed300c34f","2021-12-10 09:59:51.486"
"ABB","36.650","9","36.660","37","-327","36.66","edb132ae-5abe-48e2-b121-6ec888283e00","2021-12-10 09:59:51.486"
"ABB","36.650","8","36.660","37","-327","36.66","744fa990-6b05-4a82-8a19-c18eeb71b419","2021-12-10 09:59:51.486"
"ABB","36.650","4","36.660","37","-327","36.66","740142f1-2086-4b57-9328-cc8975d179a0","2021-12-10 09:59:51.486"
"ABB","36.700","3","36.710","34","326","36.71","b7825bd8-1f9c-4f22-ab79-2ed766bbf96d","2021-12-10 10:03:20.006"
"ABB","36.700","8","36.710","14","-326","36.71","561819df-b867-44f4-b55a-ebf60d99cba6","2021-12-10 10:04:16.084"
"ABB","36.720","14","36.730","9","327","36.67","860cc295-edbd-4a3e-a32b-77a02ae8cfe2","2021-12-10 10:33:16.499"
"ABB","36.720","14","36.730","9","327","36.67","70c41c70-daad-448f-9dd1-864a251fad39","2021-12-10 10:33:16.499"
"ABB","36.720","10","36.730","8","327","36.67","004eb520-76ee-4bd5-b970-9aa193150c68","2021-12-10 10:33:16.499"
"ABB","36.660","10","36.670","18","-327","36.67","f03b93f6-78aa-41f7-8780-04b7c11fe709","2021-12-10 10:33:50.098"
"ABB","36.670","7","36.680","52","-327","36.68","0db64040-d721-45ec-8633-581254c1bfb0","2021-12-10 10:33:50.099"
"ABB","36.720","18","36.730","1","327","36.65","9c6315f1-b0eb-4066-a31c-df415b859351","2021-12-10 10:34:09.069"
"ABB","36.730","27","36.750","36","327","36.65","ac8d6ca5-ab88-40ad-af62-64a40be1b24f","2021-12-10 10:34:09.069"
"ABB","36.730","27","36.750","36","327","36.65","13abf7c0-f248-4a27-b693-0d7dd600c412","2021-12-10 10:34:09.069"
"ABB","36.670","27","36.680","11","327","36.65","65758a4a-8934-4920-be31-fcefb9c3dc4c","2021-12-10 10:34:09.069"
"ABB","36.640","28","36.650","17","-327","36.65","fc9dfb85-8330-4638-9ed7-017b0710a81a","2021-12-10 10:34:30.049"
"ABB","36.640","28","36.650","17","-327","36.65","20e71e9d-8b75-4209-af31-078e07569e86","2021-12-10 10:34:30.049"
"ABB","36.640","28","36.650","17","-327","36.65","6ea42905-2f51-4abf-9ce9-fce1dd3ef523","2021-12-10 10:34:30.049"
"ABB","36.640","3","36.650","35","-327","36.65","22af6d6d-9509-415e-ae49-cfa1384f7430","2021-12-10 10:34:53.574"
"ABB","36.710","27","36.720","5","327","36.64","29d99671-621c-40ad-89cb-1375fbad170a","2021-12-10 10:35:40.415"
"ABB","36.730","11","36.740","9","327","36.64","df9cb942-6f9d-4f09-a993-bd82879a54fd","2021-12-10 10:35:40.415"
"ABB","36.730","3","36.740","10","327","36.64","2a6d5401-13fb-4efe-8979-d0df0dc4cad2","2021-12-10 10:35:40.415"
"ABB","36.720","18","36.730","1","327","36.64","f1ec1e10-8d2b-4ad3-bf3c-d25f65092667","2021-12-10 10:35:40.415"
"ABB","36.720","29","36.730","1","327","36.64","e8851963-45cf-4a42-a6f0-71ef277ca29c","2021-12-10 10:35:40.415"
"ABB","36.730","9","36.740","40","327","36.64","dea8c0b3-0758-4ecf-9d63-bef4cea1b503","2021-12-10 10:35:40.415"
"ABB","36.730","9","36.740","40","327","36.64","8ab42682-25fe-4f5f-9136-abbc060bf756","2021-12-10 10:35:40.415"
"ABB","36.740","19","36.750","38","327","36.64","1a4a21c0-16de-4818-8d9a-11531eef35c9","2021-12-10 10:35:40.415"
"ABB","36.740","16","36.750","37","327","36.64","8d2ccfbf-9203-4e78-9880-74ff9e67f156","2021-12-10 10:35:40.415"
"ABB","36.740","22","36.750","8","327","36.64","0249ac93-cb57-41ad-adb8-b83d11bc0d17","2021-12-10 10:35:40.415"
"ABB","36.740","23","36.750","7","327","36.64","a2dd621c-63fd-46bc-b4cf-c2e56eeadc09","2021-12-10 10:35:40.415"
"ABB","36.740","6","36.750","39","327","36.64","79c3e156-c16b-4567-be6c-dfa0462cad2d","2021-12-10 10:35:40.415"
"ABB","36.710","25","36.720","34","327","36.64","815d5da8-f6dd-4426-8810-4fc4a851f86c","2021-12-10 10:35:40.415"
"ABB","36.700","15","36.710","39","327","36.64","b2adc480-7768-44f4-bb4d-cbbc20f9a73f","2021-12-10 10:35:40.415"
"ABB","36.700","9","36.710","39","327","36.64","7030566e-9c4d-4bb8-8ac8-ce593a94d39c","2021-12-10 10:35:40.415"
"ABB","36.700","9","36.710","39","327","36.64","9306ee82-4d7e-4c7c-be01-9e36ffb9a015","2021-12-10 10:35:40.415"
"ABB","36.690","24","36.700","44","327","36.64","fba6cda1-5cbd-4fe8-9502-f1c24c144efa","2021-12-10 10:35:40.415"
"ABB","36.700","6","36.710","39","327","36.63","69508a1c-5f58-4889-a9e6-6fc1b98a8f7a","2021-12-10 10:35:49.421"
"ABB","36.700","10","36.710","39","327","36.63","87ac4434-c393-41f4-bb2c-310b33d66017","2021-12-10 10:35:49.421"
"ABB","36.610","1","36.620","54","-327","36.62","ae298a31-8707-4cc4-b2ab-a951508cb217","2021-12-10 10:36:50.995"
"ABB","36.610","1","36.620","54","-327","36.62","7c9d0aac-52a1-4706-a60b-759408c8f3fd","2021-12-10 10:36:50.995"
"ABB","36.610","1","36.620","54","-327","36.62","fae95345-1243-472e-bf0a-e64d92ae877c","2021-12-10 10:36:50.995"
"ABB","36.610","1","36.620","54","-327","36.62","3aa44962-ee6c-40b4-ab48-252c04fcd466","2021-12-10 10:36:50.995"
"ABB","36.610","1","36.620","54","-327","36.62","e6f23546-3852-419c-81f8-8849413e3b51","2021-12-10 10:36:50.995"
"ABB","36.600","29","36.610","3","-327","36.61","489e1693-ad89-48c5-b6c2-21e8267e2dd3","2021-12-10 10:37:30.104"
"ABB","36.600","29","36.610","3","-327","36.61","d5ddcad5-dee9-4614-b893-f5e8e454a8c5","2021-12-10 10:37:30.104"
"ABB","36.600","29","36.610","3","-327","36.61","4db289bf-2009-4ac8-8f1c-5ca8b1b19a72","2021-12-10 10:37:30.104"
"ABB","36.600","29","36.610","3","-327","36.61","0f0e4c2e-075e-486f-9d42-6712cfe7ac65","2021-12-10 10:37:30.104"
"ABB","36.600","29","36.610","3","-327","36.61","45e0c09e-b1db-4968-8d41-7f990522e1f1","2021-12-10 10:37:30.104"
"ABB","36.600","29","36.610","3","-327","36.61","66bdfd40-96c6-4bab-96ea-023bfdfd2eb0","2021-12-10 10:37:30.104"
"ABB","36.600","29","36.610","3","-327","36.61","fdde9676-ac35-4c06-847b-8629b218708a","2021-12-10 10:37:30.104"
"ABB","36.610","1","36.620","56","-327","36.62","5f8cead6-0da9-4477-b6d9-2bebe3975597","2021-12-10 10:37:37.899"
"ABB","36.610","1","36.620","56","-327","36.62","ca048e5e-11f4-43c9-868b-ea67628c814c","2021-12-10 10:37:37.899"
"ABB","36.610","1","36.620","56","-327","36.62","c0ae381a-54ce-4acc-b83f-2aaa74ee48ff","2021-12-10 10:37:37.899"
"ABB","36.610","1","36.620","56","-327","36.62","e559533e-2cdf-42e3-a8a5-f4367a3ac8a9","2021-12-10 10:37:37.899"
"ABB","36.610","1","36.620","56","-327","36.62","fb666b68-184f-44ef-b22a-087736f875ad","2021-12-10 10:37:37.899"
"ABB","36.610","1","36.620","56","-327","36.62","3da53ca0-2014-4105-8680-334ee2ea7921","2021-12-10 10:37:37.899"
"ABB","36.620","2","36.630","49","-327","36.63","1bbb601e-af0f-4bad-afa5-9a0d33e6309a","2021-12-10 10:37:51.354"
"ABB","36.620","2","36.630","49","-327","36.63","13e18797-9646-4802-944e-6b45b0ff8acd","2021-12-10 10:37:51.354"
"ABB","36.640","27","36.650","4","327","36.63","e389d5b6-09e7-484a-be7d-785baa45a57f","2021-12-10 11:01:12.315"
"ABB","36.630","15","36.640","10","-327","36.65","d780afd1-f547-4233-95ae-9a574b4b5c84","2021-12-10 11:01:35.984"
"ABB","36.640","8","36.650","54","327","36.63","296197d9-92f7-4495-9bcc-ee4370030f09","2021-12-10 11:05:19.229"
"ABB","36.640","37","36.650","6","327","36.63","a4f94284-8aac-4475-85c5-e24d9b5d8a22","2021-12-10 11:05:19.229"
"ABB","36.660","2","36.670","58","327","36.63","fb75ca4a-4451-4585-a070-1bb9bf8a6b90","2021-12-10 11:05:19.229"
"ABB","36.660","21","36.670","39","327","36.63","bc146c13-b0af-4e3e-bc85-7e1d30895a5e","2021-12-10 11:05:19.229"
"ABB","36.660","18","36.670","47","327","36.63","7fb3f2b6-6db8-413d-8630-b00106a43861","2021-12-10 11:05:19.229"
"ABB","36.660","13","36.670","50","327","36.63","dd9c354d-7e1b-4162-b463-9b447583172e","2021-12-10 11:05:19.229"
"ABB","36.650","13","36.660","54","327","36.63","18711b2e-b508-4dd3-9923-35e7a8b20f1f","2021-12-10 11:05:19.229"
"ABB","36.650","19","36.660","37","327","36.63","46801c5a-a725-4a03-a5e3-cdeb93e35515","2021-12-10 11:05:19.229"
"ABB","36.650","18","36.660","41","327","36.63","106bebf4-91cc-4256-939f-918dc829b02b","2021-12-10 11:05:19.229"
"ABB","36.640","17","36.650","48","-327","36.65","a3de6bc0-1fb5-4a67-9bed-503deff6a30f","2021-12-10 11:06:11.453"
"ABB","36.640","17","36.650","48","-327","36.65","d624945f-ed55-4f55-a76e-cf74ced39b2c","2021-12-10 11:06:11.453"
"ABB","36.640","17","36.650","48","-327","36.65","4f6e1562-8c37-4b8d-ac7a-c237e89a9318","2021-12-10 11:06:11.453"
"ABB","36.640","11","36.640","1","-327","36.64","1995bad3-8fe8-4a0b-839b-7f714df216fb","2021-12-10 11:07:00.006"
"ABB","36.640","11","36.640","1","-327","36.64","39138f91-a386-4edb-803f-8ea7c22363a0","2021-12-10 11:07:00.006"
"ABB","36.640","11","36.640","1","-327","36.64","e992044a-62a7-42ee-9e00-fbe8a73a572a","2021-12-10 11:07:10.006"
"ABB","36.640","11","36.640","1","-327","36.64","3aba2581-8e4d-46f3-a1cc-927b8b287689","2021-12-10 11:07:10.006"
"ABB","36.640","1","36.640","29","-327","36.64","234fc531-d7a1-4eed-88d3-6aecfe128820","2021-12-10 11:07:20.006"
"ABB","36.630","11","36.640","49","-327","36.64","449f8fe3-8fed-4f06-ba23-c7ae20be8c0f","2021-12-10 11:07:52.366"
"ABB","36.640","14","36.650","31","327","36.62","234fcfb4-c5f4-4894-a749-8064277f7a4f","2021-12-10 11:08:36.681"
"ABB","36.640","1","36.650","36","327","36.62","eb485826-303d-4763-a0ca-ef2b3899e9c7","2021-12-10 11:08:36.681"
"ABB","36.640","1","36.650","36","327","36.62","529b6285-7ead-485d-8622-492834e47c35","2021-12-10 11:08:36.681"
"ABB","36.640","21","36.650","37","327","36.62","f44fd487-19e1-4632-a5d8-58d720473309","2021-12-10 11:08:36.681"
"ABB","36.640","21","36.650","37","327","36.62","c743c6b7-0881-4dde-ae81-dea7a499205e","2021-12-10 11:08:36.681"
"ABB","36.640","21","36.650","37","327","36.62","687ccc40-1770-482e-8980-a60e2e56695a","2021-12-10 11:08:36.681"
"ABB","36.640","11","36.650","48","327","36.62","cb4157ec-e004-4da6-a994-8ed2273a6236","2021-12-10 11:08:36.681"
"ABB","36.620","11","36.630","63","-327","36.63","d7208dda-b3d8-4387-9e26-02aea6da3990","2021-12-10 11:10:14.742"
"ABB","36.620","11","36.630","63","-327","36.63","7dcb588a-c2f3-43c4-8025-b453e61519ce","2021-12-10 11:10:14.742"
"ABB","36.620","19","36.630","42","-327","36.63","f6fcd595-7d48-4d42-ba48-8a91773ccbfc","2021-12-10 11:10:31.388"
"ABB","36.630","14","36.640","54","-327","36.64","d4f13da5-ee2b-49b0-a007-0af57896a331","2021-12-10 11:10:38.135"
"ABB","36.630","14","36.640","54","-327","36.64","12b9cdaa-8d14-47bb-ad3f-c82ec08f2798","2021-12-10 11:10:38.135"
"ABB","36.630","14","36.640","54","-327","36.64","45458542-c9bd-4e22-86f4-8a771aab3f8a","2021-12-10 11:10:38.135"
"ABB","36.630","26","36.640","3","-327","36.64","8ef30386-9af4-413a-882a-e01523875bd7","2021-12-10 11:10:43.263"
"ABB","36.780","8","36.790","14","326","36.76","85020d19-0008-47bc-a06b-6ac11c52e6e1","2021-12-10 12:17:29.047"
"ABB","36.780","8","36.790","14","326","36.76","b52a7801-b535-4570-adb2-2312f6e60abe","2021-12-10 12:17:29.047"
"ABB","36.760","3","36.770","20","-326","36.77","f4ff0887-e733-4146-b324-c8077e887b3b","2021-12-10 12:18:04.542"
"ABB","36.780","8","36.790","14","-326","36.79","b782e281-7a55-46c1-a68b-2a90a8732d04","2021-12-10 12:22:01.017"
"ABB","36.790","3","36.800","24","326","36.76","db4391a7-3c61-4154-9d6a-2fcde8895db4","2021-12-10 12:31:27.943"
"ABB","36.790","3","36.800","24","326","36.76","b53a9404-78cd-4466-a7a8-d6b59eac11b7","2021-12-10 12:31:27.943"
"ABB","36.790","3","36.800","24","326","36.76","4ee6561d-fb6a-40bd-a099-e812fa168046","2021-12-10 12:31:27.943"
"ABB","36.790","12","36.800","13","326","36.75","d2162087-5c44-4888-9b21-2b6aa58f337d","2021-12-10 12:32:47.410"
"ABB","36.790","12","36.800","13","326","36.75","7523e35b-d0eb-40d8-988d-e6d446c85cd6","2021-12-10 12:32:47.410"
"ABB","36.790","12","36.800","13","326","36.75","3c59de6d-e39f-4d23-a913-4d1df52c17cd","2021-12-10 12:32:47.410"
"ABB","36.790","14","36.800","10","326","36.75","6ea0ec3c-d008-4997-978b-9c44600e3d76","2021-12-10 12:32:47.410"
"ABB","36.790","9","36.800","13","326","36.75","102ba0f3-9474-4bb3-9af5-62a5466ec33a","2021-12-10 12:32:47.410"
"ABB","36.780","8","36.790","18","326","36.75","3d9d440b-d263-4c48-bee7-82aacddf732e","2021-12-10 12:32:47.410"
"ABB","36.800","1","36.810","24","326","36.75","3d02acad-f123-4631-8b1c-efa82bfd3473","2021-12-10 12:32:47.410"
"ABB","36.790","13","36.800","10","326","36.75","09a48444-b9e9-4de7-93b0-33a244e2ed5b","2021-12-10 12:32:47.410"
"ABB","36.740","14","36.750","8","-326","36.75","df5258d0-064f-452e-ad92-58c82f5eabde","2021-12-10 12:33:05.865"
"ABB","36.740","14","36.750","8","-326","36.75","586c2885-1f70-4e39-ba0b-631aebd29861","2021-12-10 12:33:05.865"
"ABB","36.740","14","36.750","8","-326","36.75","425acec0-7448-4b2c-9bef-4ef7630c7caa","2021-12-10 12:33:05.865"
"ABB","36.740","14","36.750","8","-326","36.75","7c1d2778-f991-4fa5-a43b-b511e62ff449","2021-12-10 12:33:05.865"
"ABB","36.740","14","36.750","8","-326","36.75","7f2b5bf5-6d97-485d-b3f8-0c414d566a60","2021-12-10 12:33:05.865"
"ABB","36.740","14","36.750","8","-326","36.75","766df898-edf7-4879-ab04-735b3b881839","2021-12-10 12:33:05.865"
"ABB","36.740","25","36.750","2","-326","36.75","b923b29b-17d9-4dd7-86c2-e80d9595b5a7","2021-12-10 12:34:00.435"
"ABB","36.740","25","36.750","2","-326","36.75","2f0ce654-7266-47fb-8c90-5865da4e14cb","2021-12-10 12:34:00.435"
"ABB","36.740","25","36.750","2","-326","36.75","205fdb3d-b1d5-4ff8-be7e-3f7baf7752b3","2021-12-10 12:34:00.435"
"ABB","36.740","25","36.750","2","-326","36.75","5d587ff0-f65f-473a-9262-d07dfe3a6a4d","2021-12-10 12:34:00.435"
"ABB","36.740","25","36.750","2","-326","36.75","d147346b-a9f3-4d4d-9f6c-b978eabf8ef3","2021-12-10 12:34:00.435"
"ABB","36.780","6","36.790","13","326","36.74","50c921fe-7eab-486c-9345-abf287fb62cc","2021-12-10 12:38:21.113"
"ABB","36.780","6","36.790","13","326","36.74","95f9cca3-2da5-42ab-9a32-82bbbcd979d0","2021-12-10 12:38:21.113"
"ABB","36.780","6","36.790","13","326","36.74","19dacc91-a0c7-4fa3-8b9b-0cd6f46034c2","2021-12-10 12:38:21.113"
"ABB","36.790","30","36.800","6","326","36.74","7f1ab22a-f650-422f-82a5-1f378071044c","2021-12-10 12:38:21.113"
"ABB","36.800","9","36.810","17","326","36.74","dd21ce56-b793-4213-a282-c1a9f5c0dc87","2021-12-10 12:38:21.113"
"ABB","36.800","9","36.810","17","326","36.74","fe9878dc-d790-4dc0-a50b-7beab9f4f694","2021-12-10 12:38:21.113"
"ABB","36.720","10","36.730","9","-326","36.73","bd9777b3-f8b6-43ed-82b8-0137d2f612b9","2021-12-10 12:39:16.789"
"ABB","36.720","12","36.730","8","-326","36.73","4fc688a2-b381-46ff-9fec-2283fc36db69","2021-12-10 12:39:16.789"
"ABB","36.720","12","36.730","8","-326","36.73","ceb2dccf-c844-4fd8-9f03-b3e42006ad12","2021-12-10 12:39:16.789"
"ABB","36.720","12","36.730","8","-326","36.73","4c84834f-6bec-49a9-b4c1-67e76b8b90d6","2021-12-10 12:39:16.789"
"ABB","36.730","7","36.740","22","-326","36.74","48cfcec3-bca9-4d32-a08c-8ca458714b91","2021-12-10 12:39:51.611"
"ABB","36.730","7","36.740","22","-326","36.74","a4753e24-20d6-4b35-926b-61f1d18fa12e","2021-12-10 12:39:51.611"
"ABB","36.720","8","36.730","16","326","36.72","5eb9a3df-a5ca-4126-bd95-e7d43c1aa729","2021-12-10 12:55:09.322"
"ABB","36.730","12","36.740","12","-326","36.74","ed39e5d9-3915-4981-832d-db4b838e71f8","2021-12-10 13:02:53.201"
"ABB","36.740","10","36.750","20","326","36.72","1770bf25-45eb-4ecc-98c6-46ac5ac8895a","2021-12-10 13:21:52.773"
"ABB","36.720","19","36.720","1","-326","36.72","a76404fd-5c46-4558-8d87-adb9d460eca2","2021-12-10 13:22:20.006"
"ABB","36.740","11","36.750","13","326","36.71","ef45306a-e8f4-41b0-af85-aceba2772a3e","2021-12-10 13:23:23.162"
"ABB","36.730","8","36.740","17","326","36.71","1efab890-f240-4d79-8cf4-5b5028f37e31","2021-12-10 13:23:23.162"
"ABB","36.720","10","36.730","16","326","36.71","494a1eba-a7f6-45b0-9fcd-d5d856b028ec","2021-12-10 13:23:23.162"
"ABB","36.720","10","36.730","15","326","36.71","2f39bf8c-1f06-4938-b40c-062e86e4a5ba","2021-12-10 13:23:23.162"
"ABB","36.730","8","36.740","15","326","36.71","e601c534-9719-452e-8872-0ab48b9e7f47","2021-12-10 13:23:23.162"
"ABB","36.730","8","36.740","14","326","36.71","92f9d7e2-6a0e-4b0d-b86b-ea6798cdb2e9","2021-12-10 13:23:23.162"
"ABB","36.740","2","36.750","28","326","36.71","31e7dea7-cb66-4743-b32b-1378a79fe114","2021-12-10 13:23:23.162"
"ABB","36.710","9","36.720","20","-326","36.72","3167a6da-664a-4b0b-8e7e-ccb185cddf3e","2021-12-10 13:25:11.409"
"ABB","36.710","9","36.720","20","-326","36.72","aa7c8d3a-ec39-4620-a8d4-09a09885d6dd","2021-12-10 13:25:11.409"
"ABB","36.710","9","36.720","20","-326","36.72","9d35c980-e98e-48ed-862e-d84cbbfa8b32","2021-12-10 13:25:11.409"
"ABB","36.710","9","36.720","20","-326","36.72","7e3355cc-a30f-4262-85a6-6da98cf29e3c","2021-12-10 13:25:11.409"
"ABB","36.720","9","36.730","15","-326","36.73","2597f283-752e-4ab7-9c59-adf17dcea2a0","2021-12-10 13:26:00.599"
"ABB","36.720","9","36.730","15","-326","36.73","8ed8e9ee-ebc1-4697-9a9a-c161b8f62354","2021-12-10 13:26:00.599"
"ABB","36.720","6","36.730","21","-326","36.73","26dff17a-adae-4a09-882e-94d6de647c9b","2021-12-10 13:26:00.599"
"ABB","36.700","9","36.710","2","327","36.69","33c2e7ad-14d7-4d8e-8889-b31086b3a4fd","2021-12-10 14:02:33.572"
"ABB","36.710","3","36.720","8","327","36.69","f5911470-f5c9-4d04-8f6e-b4088b4221f5","2021-12-10 14:02:33.572"
"ABB","36.710","1","36.720","8","327","36.69","fd3a9ee9-e81e-4281-bd91-e9327db08f5e","2021-12-10 14:02:33.572"
"ABB","36.710","1","36.720","15","327","36.69","eb4df91b-362f-4710-acb4-ef5814f0a6ab","2021-12-10 14:02:33.572"
"ABB","36.690","17","36.700","19","-327","36.70","3e381750-4d03-4045-8adf-6ddf2b2e40d4","2021-12-10 14:04:48.227"
"ABB","36.680","11","36.690","14","-327","36.69","64b50a6a-5f9a-4019-9edb-d8f0c6f4423a","2021-12-10 14:05:40.694"
"ABB","36.690","16","36.700","12","-327","36.70","0b877214-04fe-4495-816c-8b8d296e0810","2021-12-10 14:05:41.303"
"ABB","36.690","16","36.700","12","-327","36.70","0ae7d816-c0c6-44c8-993c-6483cdd501b3","2021-12-10 14:05:41.303"
"ABB","36.700","23","36.710","6","327","36.69","302e75d2-a3b2-414f-b593-de003ba86b60","2021-12-10 14:25:36.803"
"ABB","36.700","23","36.710","6","327","36.69","2e3a9b6c-48f6-49bc-a6f2-c739c279a051","2021-12-10 14:25:36.803"
"ABB","36.700","23","36.710","6","327","36.69","770293ec-ff6d-44f8-aff0-cdea6ded7f43","2021-12-10 14:25:36.803"
"ABB","36.700","23","36.710","6","327","36.69","c8dae692-3e53-45f9-bb3e-58233395821b","2021-12-10 14:25:36.803"
"ABB","36.680","11","36.690","19","-327","36.69","4638508e-0479-452d-a9d1-15a79bff95b8","2021-12-10 14:26:49.919"
"ABB","36.680","11","36.690","19","-327","36.69","fca08539-2044-4f52-97f2-eb3d58212118","2021-12-10 14:26:49.919"
"ABB","36.680","9","36.690","23","-327","36.69","b9fa4152-90f6-46c3-b7c5-ded22e13018f","2021-12-10 14:26:49.919"
"ABB","36.680","9","36.690","23","-327","36.69","fa617c7d-3a8d-44a7-8ddf-4acc157d38ac","2021-12-10 14:26:49.919"
"ABB","36.710","8","36.720","17","327","36.69","8c8ba2c0-4198-428e-b6d2-1f212891d638","2021-12-10 14:34:10.395"
"ABB","36.710","8","36.720","17","327","36.69","a499e54a-b7ee-47f0-9f7b-1fcfbe55d5ac","2021-12-10 14:34:10.395"
"ABB","36.710","8","36.720","17","327","36.69","2a56b752-1e5d-41ff-98cc-99811294802a","2021-12-10 14:34:10.395"
"ABB","36.700","8","36.710","14","327","36.68","da010111-5851-4bf5-b871-accc6bffa646","2021-12-10 14:34:32.663"
"ABB","36.700","8","36.710","14","327","36.68","7478d851-a7e0-4f14-9cf6-7f685b594ba0","2021-12-10 14:34:32.663"
"ABB","36.700","23","36.710","3","327","36.68","1a10a4b2-09c0-46f9-a0e1-f18094e9a568","2021-12-10 14:34:32.663"
"ABB","36.700","23","36.710","1","327","36.68","42de4e8c-3561-4092-993b-f41e85f8a341","2021-12-10 14:34:32.663"
"ABB","36.710","13","36.720","15","327","36.68","2ab68d4a-e3d3-4d5f-a746-bb38dc135b9f","2021-12-10 14:34:32.663"
"ABB","36.710","13","36.720","15","327","36.68","03222fb8-e2aa-4c57-a590-29a635cc090d","2021-12-10 14:34:32.663"
"ABB","36.710","13","36.720","15","327","36.68","21345f80-7fc2-40ab-b6c1-9dc3e1e15779","2021-12-10 14:34:32.663"
"ABB","36.710","13","36.720","15","327","36.68","f4189589-651d-460a-95c9-023030d648fb","2021-12-10 14:34:32.663"
"ABB","36.700","9","36.710","18","327","36.68","557ac00a-a96a-4e20-9c50-20b884463331","2021-12-10 14:34:32.663"
"ABB","36.700","13","36.710","15","327","36.68","af4bb720-19ea-45cd-abaf-84d0c9000a55","2021-12-10 14:34:32.663"
"ABB","36.700","13","36.710","15","327","36.68","8cd051a0-2034-4af8-9726-9c15d9259cb6","2021-12-10 14:34:32.663"
"ABB","36.700","24","36.710","3","327","36.68","1a6b7c71-f325-4041-87b9-92fae1026654","2021-12-10 14:34:32.663"
"ABB","36.710","12","36.720","17","327","36.68","d762f523-e563-47d4-aa98-5396ca48bf01","2021-12-10 14:34:32.663"
"ABB","36.680","7","36.690","19","-327","36.69","7bb300ac-487b-48bb-9427-263211171179","2021-12-10 14:35:02.813"
"ABB","36.680","7","36.690","19","-327","36.69","cbeac2e6-dc19-4f53-8658-ab53771b2f8a","2021-12-10 14:35:02.813"
"ABB","36.680","7","36.690","19","-327","36.69","a8bfd0af-fed1-4296-b448-15fa8e14ae20","2021-12-10 14:35:02.813"
"ABB","36.680","7","36.690","19","-327","36.69","ebce9613-248f-4cef-a84e-29c353636cd3","2021-12-10 14:35:02.813"
"ABB","36.680","7","36.690","19","-327","36.69","81143162-d21d-43d2-88ae-e4380b627142","2021-12-10 14:35:02.813"
"ABB","36.680","7","36.690","19","-327","36.69","2141202b-66d2-4263-bf77-ad2cad4c060a","2021-12-10 14:35:02.813"
"ABB","36.680","7","36.690","19","-327","36.69","5ae08099-b0f1-4d8d-8947-dcdb1e16de14","2021-12-10 14:35:02.813"
"ABB","36.680","7","36.690","19","-327","36.69","257244ae-ce93-4461-a0ec-c7b72daf8dc0","2021-12-10 14:35:02.813"
"ABB","36.680","7","36.690","19","-327","36.69","be4c2278-9682-46b6-9292-e2b6f7845dc2","2021-12-10 14:35:02.813"
"ABB","36.680","16","36.690","19","-327","36.69","4fada0c4-bcba-4c65-ab4b-a41a7c61c0e6","2021-12-10 14:35:02.813"
"ABB","36.680","16","36.690","19","-327","36.69","b8a296f9-afd4-44f9-b725-a6e921262cd9","2021-12-10 14:35:02.813"
"ABB","36.680","16","36.690","19","-327","36.69","91984f5b-247b-47eb-bab1-36e664e98962","2021-12-10 14:35:02.813"
"ABB","36.680","16","36.690","19","-327","36.69","777d08f9-5257-4637-b57a-713955be772b","2021-12-10 14:35:02.813"
"ABB","36.690","13","36.700","10","-327","36.70","04bb0055-e15c-4043-83b9-d07d149a3691","2021-12-10 14:38:32.884"
"ABB","36.690","13","36.700","10","-327","36.70","bdf9740d-cd41-4e48-ae42-e1684f541d4d","2021-12-10 14:38:32.884"
"ABB","36.690","13","36.700","10","-327","36.70","cae349ce-5d79-4564-b7a8-07eb29355bab","2021-12-10 14:38:32.884"
"ALB","259.760","2","260.340","2","46","259.27","e14f60a2-4520-475b-b5dd-591826bf6f36","2021-12-10 10:31:07.866"
"ALB","259.990","1","260.380","2","46","258.91","9f0083ea-5624-486c-a102-76f682429206","2021-12-10 10:31:22.271"
"ALB","259.780","1","260.350","2","46","258.91","cdf8ea70-e0d9-4047-b8a8-2e4ff1b92e49","2021-12-10 10:31:22.271"
"ALB","259.110","1","259.740","4","46","258.83","e733aed5-9067-4652-99e4-977e764b61d4","2021-12-10 10:32:48.789"
"ALB","259.130","1","259.700","4","46","258.83","a3c6e91b-82da-47ef-80aa-ec1e206ec8f9","2021-12-10 10:32:48.789"
"ALB","259.610","1","260.130","1","46","258.83","b10cabd4-3122-46b2-a7ec-309ac24fb66b","2021-12-10 10:32:48.789"
"ALB","259.610","2","260.140","1","46","258.83","c57e4bff-538b-46fa-9474-3d12bc3143fd","2021-12-10 10:32:48.789"
"ALB","259.610","1","260.090","1","46","258.83","7e7624a2-578a-4bbb-aa3c-1b290075fd72","2021-12-10 10:32:48.789"
"ALB","259.520","2","260.060","1","46","258.83","3b017882-3f6f-495c-8535-d6730d22a988","2021-12-10 10:32:48.789"
"ALB","258.640","1","259.140","1","46","258.69","52ac6113-cfb3-43ef-a267-42d6980433c0","2021-12-10 10:33:02.941"
"ALB","258.640","1","259.150","3","46","258.69","647818f4-390f-49db-a0a1-2559d63fc20d","2021-12-10 10:33:02.941"
"ALB","258.640","1","259.150","1","46","258.69","5d33ff19-91ae-4da0-8f4b-77ae7f8fd35a","2021-12-10 10:33:02.941"
"ALB","258.710","1","259.300","1","46","258.69","d17fca4c-49b9-4b0f-9cb8-11038e5313cc","2021-12-10 10:33:02.941"
"ALB","259.990","1","260.380","2","46","258.69","26bc0004-eea9-4400-b0c0-17c0c0c622c3","2021-12-10 10:33:02.941"
"ALB","259.770","2","260.280","2","46","258.63","b463b43d-cdd5-4139-a5e1-63a27b3cd5fc","2021-12-10 10:33:08.420"
"ALB","260.080","1","260.290","1","46","258.63","a31431cb-1810-4521-9919-01bcc5e615a1","2021-12-10 10:33:08.420"
"ALB","259.780","1","260.490","1","46","258.63","30689755-a787-461d-a1d8-6966a6505c13","2021-12-10 10:33:08.420"
"ALB","259.770","2","260.400","3","46","258.63","33eb90d1-8d2c-4bef-9800-64ed6a747fd9","2021-12-10 10:33:08.420"
"ALB","259.770","2","260.400","3","46","258.63","949173ce-8638-4fde-8980-6d7fe9ca7497","2021-12-10 10:33:08.420"
"ALB","258.780","1","258.990","1","-46","258.99","e8580e06-fb8b-4edc-a3af-a9b415528a8d","2021-12-10 10:33:31.962"
"ALB","258.780","1","258.990","1","-46","258.99","d5029a17-2741-4cb8-a177-6361daee2e63","2021-12-10 10:33:31.962"
"ALB","258.780","1","258.990","1","-46","258.99","6778bdfd-b23d-401a-9e24-fd7feb233435","2021-12-10 10:33:31.962"
"ALB","258.780","1","258.990","1","-46","258.99","5c844c3f-6791-4485-9fed-898542a0fb1b","2021-12-10 10:33:31.962"
"ALB","258.780","1","258.990","1","-46","258.99","3327666f-ece8-4677-8a79-7fdba2fcb238","2021-12-10 10:33:31.962"
"ALB","258.780","1","258.990","1","-46","258.99","336d89f6-c5e1-4871-980d-7ad4a463da08","2021-12-10 10:33:31.962"
"ALB","258.780","1","258.990","1","-46","258.99","e77e3940-698f-4a4d-b133-c4878f39803a","2021-12-10 10:33:31.962"
"ALB","258.780","1","258.990","1","-46","258.99","e08b8c2f-82fa-4f7d-a9ed-299b5680d3d1","2021-12-10 10:33:31.962"
"ALB","258.780","1","258.990","1","-46","258.99","35b2ec3b-0b86-4205-ab0d-2d0562d89aae","2021-12-10 10:33:31.962"
"ALB","258.780","1","258.990","1","-46","258.99","00fcabfa-f00b-469d-8353-1c02581ce124","2021-12-10 10:33:31.962"
"ALB","258.370","1","258.970","1","-46","258.99","86ce5f51-5238-401e-a253-8ef05fe3c103","2021-12-10 10:35:16.864"
"ALB","258.370","1","258.970","1","-46","258.99","913a638b-25a1-4dfd-9b0d-c630c4308b5d","2021-12-10 10:35:16.864"
"ALB","258.120","1","258.610","2","-46","258.61","b2ee0268-1803-4905-92c7-c51f41cea7dd","2021-12-10 10:36:18.849"
"ALB","258.120","1","258.640","2","-46","258.75","1668e562-dfd2-462a-b5ae-c24ab4ffede4","2021-12-10 10:36:20.553"
"ALB","258.440","2","258.960","1","-46","259.03","db7107ad-d735-4e3b-b057-15404ecf213f","2021-12-10 10:36:51.524"
"ALB","258.440","2","258.960","1","-46","259.03","eb966215-16db-4171-9541-a29c78521b34","2021-12-10 10:36:51.524"
"ALB","258.440","2","258.960","1","-46","259.03","e50380ed-b301-4a6c-aa51-d20ca689727b","2021-12-10 10:36:51.524"
"ALB","258.440","2","258.960","1","-46","259.03","9b39cf41-3f9a-451a-8141-dd1bb3367a45","2021-12-10 10:36:51.524"
"ALB","258.560","2","259.060","2","-46","259.06","78460eb0-2ff6-4b3b-9896-29a460501281","2021-12-10 10:38:16.697"
"ALB","259.960","1","260.490","3","46","258.04","fcc263b2-4108-4bb9-a595-d43c34b9886a","2021-12-10 10:49:09.093"
"ALB","258.270","3","258.870","2","-46","258.87","886cacf2-62a5-46cb-8039-c8039ed24bd6","2021-12-10 10:50:52.697"
"ALB","259.240","1","259.500","1","46","258.64","e3173c1b-8cc4-404e-bb7b-cc81f78fc95e","2021-12-10 11:04:05.871"
"ALB","259.070","3","259.560","2","46","258.64","f0cbf457-c710-4784-8e51-ae03e6a2307d","2021-12-10 11:04:05.871"
"ALB","259.080","2","259.540","1","46","258.64","07dc3628-1321-4185-a774-b668919fd8be","2021-12-10 11:04:05.871"
"ALB","259.090","2","259.540","1","46","258.64","227eabee-9712-4847-a36b-5054935cccac","2021-12-10 11:04:05.871"
"ALB","259.250","2","259.650","1","46","258.64","2054a3ed-6516-4213-ac60-6cfa36e12613","2021-12-10 11:04:05.871"
"ALB","259.250","2","259.650","1","46","258.64","96efe049-59df-4585-bb6f-6f86c33c7f87","2021-12-10 11:04:05.871"
"ALB","259.250","2","259.650","1","46","258.64","d1dee9a7-95c6-4381-ae5e-d25b0841f064","2021-12-10 11:04:05.871"
"ALB","259.170","1","259.630","2","46","258.64","08aff872-c578-47a6-b679-5abf92db6ad4","2021-12-10 11:04:05.871"
"ALB","259.080","1","259.630","3","46","258.64","10c13827-108d-46fc-bea8-6aa31a168f11","2021-12-10 11:04:05.871"
"ALB","259.310","1","259.620","1","46","258.64","073160cb-52a1-40a2-968d-6b105090485e","2021-12-10 11:04:05.871"
"ALB","259.210","2","259.630","1","46","258.64","754e02e2-3644-485a-8100-2747f75d2999","2021-12-10 11:04:05.871"
"ALB","259.210","2","259.630","1","46","258.64","66652e51-7366-495e-9f28-8c16e5e1c9aa","2021-12-10 11:04:05.871"
"ALB","259.210","2","259.630","1","46","258.64","68e4539f-c18c-4141-9ee1-58fd6defbde5","2021-12-10 11:04:05.871"
"ALB","259.140","1","259.630","2","46","258.64","505a0933-c408-42c8-a8cd-32cf1c90447f","2021-12-10 11:04:05.871"
"ALB","259.150","1","259.630","2","46","258.64","e3ffcb95-7e97-4903-9e76-f40261c657ca","2021-12-10 11:04:05.871"
"ALB","259.170","1","259.610","2","46","258.49","65d0605b-3830-4499-a1e1-3c513c939e16","2021-12-10 11:04:12.095"
"ALB","259.170","1","259.610","2","46","258.49","98358560-563a-45bd-99ad-994ab09fbb0a","2021-12-10 11:04:12.095"
"ALB","259.130","1","259.610","1","46","258.49","bc75d4f3-a354-4f74-af93-967dfca974b4","2021-12-10 11:04:12.095"
"ALB","258.270","1","258.840","2","-46","258.85","baee0219-098d-42e7-88cf-87d1be57cbbf","2021-12-10 11:05:38.935"
"ALB","258.270","1","258.840","2","-46","258.85","0dfe5178-d716-415a-ae37-fe6629433b62","2021-12-10 11:05:38.935"
"ALB","258.270","1","258.840","2","-46","258.85","e65de5cb-3833-4dbe-b2ca-d2359b3b72ff","2021-12-10 11:05:38.935"
"ALB","258.270","1","258.840","2","-46","258.85","30f369b7-c94a-4779-ad92-2b7bacc78b75","2021-12-10 11:05:38.935"
"ALB","258.270","1","258.840","2","-46","258.85","05e2a568-7321-4005-b059-b0ce4339a038","2021-12-10 11:05:38.935"
"ALB","258.270","1","258.840","2","-46","258.85","627f1694-af90-468a-9b8f-b39c76b380ee","2021-12-10 11:05:38.935"
"ALB","258.270","1","258.840","2","-46","258.85","b9d59716-ed56-41ba-a7c4-f5a64c258371","2021-12-10 11:05:38.935"
"ALB","258.270","1","258.840","2","-46","258.85","194d27f7-9cc7-4a1a-adef-7c756386ec3d","2021-12-10 11:05:38.935"
"ALB","258.270","1","258.840","2","-46","258.85","ad95e670-e164-487b-8442-164b724a43e4","2021-12-10 11:05:38.935"
"ALB","258.690","1","258.970","2","-46","258.97","104a98ea-186b-47a9-b583-fb1b4886ea1f","2021-12-10 11:06:15.911"
"ALB","258.690","1","258.970","2","-46","258.97","da7a2dba-0c97-4706-9973-98402969c011","2021-12-10 11:06:15.911"
"ALB","258.450","2","258.960","2","-46","258.97","cb4d147d-0eac-456d-9da8-6edbd51d2b07","2021-12-10 11:06:15.911"
"ALB","258.450","2","258.960","2","-46","258.97","a03f3d5d-6f13-4aa0-a4d2-7f85fc498154","2021-12-10 11:06:15.911"
"ALB","258.450","2","258.960","2","-46","258.97","889f5bef-e55e-4643-9eaf-fc1143003d74","2021-12-10 11:06:15.911"
"ALB","258.450","2","258.960","2","-46","258.97","6497c81c-e553-4d51-b18e-33d0c236212b","2021-12-10 11:06:15.911"
"ALB","258.460","2","258.970","2","-46","258.97","a3e67105-b063-4123-91ca-c49937df7f07","2021-12-10 11:06:15.911"
"ALB","258.460","2","258.970","2","-46","258.97","eecafef4-1eee-4967-9453-3412713b1e4c","2021-12-10 11:06:15.911"
"ALB","258.290","1","258.690","1","-46","258.72","42f2c46d-2293-423c-b1e9-b99d141807f4","2021-12-10 11:08:45.858"
"ALB","258.780","3","259.300","2","46","258.11","8be24da0-2712-434d-a16f-84fc30b85516","2021-12-10 11:09:16.342"
"ALB","258.780","3","259.300","2","46","258.11","180a0d77-3c83-401d-94a8-44af2cbaddb3","2021-12-10 11:09:16.342"
"ALB","259.050","1","259.430","3","46","258.11","e2aa87ca-0dfa-4184-80e8-608a92967912","2021-12-10 11:09:16.342"
"ALB","259.050","2","259.430","1","46","258.11","4033f697-e39f-43a0-b99a-2dc05c54c4a6","2021-12-10 11:09:16.342"
"ALB","259.080","3","259.450","1","46","258.11","679a2f41-47d4-49f2-b132-107cb479b4f2","2021-12-10 11:09:16.342"
"ALB","259.090","2","259.470","1","46","258.11","49ac18fa-0517-4a0b-80c3-8629d97ce13e","2021-12-10 11:09:16.342"
"ALB","258.020","1","258.390","1","-46","258.39","cc14d4f9-de44-44cc-97c9-e20d5ba48377","2021-12-10 11:09:44.368"
"ALB","258.020","1","258.390","1","-46","258.39","514a9f18-27c7-4843-ad9e-1e5339c53017","2021-12-10 11:09:44.368"
"ALB","258.020","1","258.390","1","-46","258.39","4db8601d-fa0c-4081-a16b-08a7cd99cf71","2021-12-10 11:09:44.368"
"ALB","258.050","1","258.600","1","-46","258.60","90873075-006b-474f-859c-4051022ae21a","2021-12-10 11:09:59.333"
"ALB","258.050","1","258.600","1","-46","258.60","a7a04922-cbfa-4838-bbbd-4e2746911fdf","2021-12-10 11:09:59.333"
"ALB","258.490","1","258.900","1","-46","258.90","5319ddc1-f7b0-491b-a8e2-c1320d6639b7","2021-12-10 11:10:01.194"
"ALB","261.230","1","261.560","1","45","260.88","5ec590c2-73a8-4010-a469-794458f217d8","2021-12-10 12:19:44.889"
"ALB","261.130","2","261.550","1","45","260.88","660338c0-0d99-4825-9e03-b7f740abdd8d","2021-12-10 12:19:44.889"
"ALB","260.940","2","261.470","2","45","260.88","6b6288b8-7d40-4aa5-9ea5-a2782293109b","2021-12-10 12:19:44.889"
"ALB","260.940","2","261.470","1","45","260.88","9d689255-199f-491f-8961-d4e69b08f221","2021-12-10 12:19:44.889"
"ALB","260.980","2","261.360","1","45","260.88","c2c4b026-b9cf-472a-aeae-fa3b773718de","2021-12-10 12:19:44.889"
"ALB","261.090","1","261.360","1","45","260.88","095e9e09-92d8-4948-9077-987d30997479","2021-12-10 12:19:44.889"
"ALB","260.930","3","261.360","1","45","260.88","c8d434a1-68fb-48e1-a356-5919ecfbe5be","2021-12-10 12:19:44.889"
"ALB","260.970","2","261.360","1","45","260.88","94d29f3d-df18-438c-8a8a-1555d32d8ebc","2021-12-10 12:19:44.889"
"ALB","260.730","2","261.140","2","-45","261.14","14bcf019-9270-4f73-91d2-0384f3039e42","2021-12-10 12:20:55.502"
"ALB","260.730","2","261.140","2","-45","261.14","a0e1ae26-35d7-4c71-b694-ef1beb8f8653","2021-12-10 12:20:55.502"
"ALB","260.730","2","261.140","2","-45","261.14","76c21500-d57e-4fb2-92f0-993eaa456f82","2021-12-10 12:20:55.502"
"ALB","260.740","2","261.130","1","-45","261.14","262626a7-eb96-4f80-818a-0f57fe6dc5c3","2021-12-10 12:20:55.502"
"ALB","261.060","1","261.300","1","-45","261.30","f5602fcb-ca94-424c-8a09-4b716a4eec8d","2021-12-10 12:20:55.533"
"ALB","261.060","1","261.300","1","-45","261.30","d5537cff-3f3a-4bb1-9bde-96d78a2e41c5","2021-12-10 12:20:55.533"
"ALB","261.060","1","261.300","1","-45","261.30","804ced42-83ed-403e-a9e3-2b34fdadb000","2021-12-10 12:20:55.533"
"ALB","261.060","1","261.300","1","-45","261.30","95d62b3a-62eb-40e4-9e41-a520486baf63","2021-12-10 12:20:55.533"
"ALB","261.500","1","261.960","2","45","261.24","b106784b-ea0a-4209-9edb-bac6fcd86c87","2021-12-10 12:31:14.621"
"ALB","261.540","1","261.960","3","45","261.24","4414b6dd-79e0-406e-ab6a-07e993dd814f","2021-12-10 12:31:14.621"
"ALB","261.360","2","261.820","1","45","261.12","c2e5f9b8-89eb-490c-a4ff-66ecea826c8b","2021-12-10 12:32:42.283"
"ALB","261.550","1","261.920","2","45","261.12","ac20b133-24c0-45a4-93f6-94c27d945026","2021-12-10 12:32:42.283"
"ALB","261.350","1","261.590","1","45","261.06","02523d2a-548b-4eb2-89e8-6eafb4be31c1","2021-12-10 12:32:42.284"
"ALB","261.340","1","261.590","1","45","261.06","f418b6f8-8cfd-4833-91a0-3577b5703f23","2021-12-10 12:32:42.284"
"ALB","261.340","1","261.590","1","45","261.06","c532ef21-c051-4b4d-bb33-401fc3b964d7","2021-12-10 12:32:42.284"
"ALB","261.360","2","261.830","1","45","261.06","90b42615-15d0-4aed-a2de-449a2685ebc6","2021-12-10 12:32:42.284"
"ALB","260.720","1","261.080","2","-45","261.08","c6b5197b-f6c8-439c-98a4-4ecc50e423c6","2021-12-10 12:33:06.152"
"ALB","260.720","1","261.080","2","-45","261.08","4ab1f906-653b-441f-9f0e-67e937226821","2021-12-10 12:33:06.152"
"ALB","260.720","1","261.080","2","-45","261.08","8f5b776b-15e6-4b1a-b727-a0f58a483a3d","2021-12-10 12:33:06.152"
"ALB","260.720","1","261.080","2","-45","261.08","2420be84-02c2-4d35-bd2a-c03569d8c9fa","2021-12-10 12:33:06.152"
"ALB","260.960","1","261.440","1","-45","261.44","126fb576-159e-4826-8916-b29d62b41753","2021-12-10 12:34:00.031"
"ALB","260.960","1","261.440","1","-45","261.44","fca9798b-a1c0-479c-ae98-fed62544075c","2021-12-10 12:34:00.031"
"ALB","260.960","1","261.440","1","-45","261.44","73b4682d-4b16-4522-b3c0-7ef89d01c481","2021-12-10 12:34:00.031"
"ALB","261.070","1","261.280","3","-45","261.28","55f03dae-8c74-4971-af7e-948d17e4e007","2021-12-10 12:34:50.869"
"ALB","261.860","2","262.290","2","45","261.31","c42a06f2-e1d6-41e7-bc7f-76c0520e8ece","2021-12-10 13:24:23.454"
"ALB","261.860","2","262.290","2","45","261.31","b965f584-c599-4072-af06-ab4c2871d4f6","2021-12-10 13:24:23.454"
"ALB","261.860","2","262.290","1","45","261.31","e363e897-232e-4396-9ec8-1a7b1497922b","2021-12-10 13:24:23.454"
"ALB","261.860","2","262.090","1","45","261.31","c1ebea8b-22d8-43e5-95df-5e31bdaf656a","2021-12-10 13:24:23.454"
"ALB","261.860","2","262.090","1","45","261.31","6978f543-9f2f-40bf-bf15-a050db80964a","2021-12-10 13:24:23.454"
"ALB","261.580","2","261.850","1","45","261.31","f922aa64-f62a-4375-be0b-fa60749d2a4f","2021-12-10 13:24:23.454"
"ALB","261.590","2","261.850","1","45","261.31","4dc64ea3-ad6b-439b-a6bf-6cddd8ef34ca","2021-12-10 13:24:23.454"
"ALB","261.730","1","262.090","2","45","261.31","90284441-7394-4c06-bece-9c88ed7ab7b0","2021-12-10 13:24:23.454"
"ALB","261.390","2","261.760","1","-45","261.76","d4a41a9a-0aa2-4deb-bf33-d9f8cca89da2","2021-12-10 13:25:52.527"
"ALB","261.390","2","261.760","1","-45","261.76","82b65bd4-8445-48fe-bfbe-d31f374fa974","2021-12-10 13:25:52.527"
"ALB","261.390","2","261.760","1","-45","261.76","289b8f6d-55c6-497c-9de4-70ce792399c8","2021-12-10 13:25:52.527"
"ALB","261.420","1","261.690","1","-45","261.69","7d76675c-657c-4142-a971-404e2af03929","2021-12-10 13:27:09.817"
"ALB","261.420","1","261.690","1","-45","261.69","cdb78dd2-54a9-414e-9c24-0de18a537841","2021-12-10 13:27:09.817"
"ALB","261.170","2","261.730","2","-45","261.75","f935421a-496c-465b-a838-4a95c2c6c882","2021-12-10 13:29:00.043"
"ALB","261.170","2","261.730","2","-45","261.75","2d2bb739-a05d-4042-a46f-229797c1e85a","2021-12-10 13:29:00.043"
"ALB","261.170","2","261.730","2","-45","261.75","81d127c7-68e5-4ed6-92fd-576f5f72b54f","2021-12-10 13:29:00.043"
"ALB","261.530","1","261.740","3","45","261.20","c3d275c6-2f65-42b0-a399-586d16494541","2021-12-10 13:31:20.249"
"ALB","261.390","2","261.800","2","45","261.20","3527016a-d568-4674-9fe9-6fc71c945716","2021-12-10 13:31:20.249"
"ALB","261.390","2","261.790","2","45","261.20","e865322d-89db-4b59-ba6d-abb68e99e9f9","2021-12-10 13:31:20.249"
"ALB","261.390","2","261.820","3","45","261.20","f1992ea2-ddda-493b-9d89-6e976137c1e0","2021-12-10 13:31:20.249"
"ALB","261.250","2","261.540","1","-45","261.54","64ddc24b-308f-4584-999a-76a271106da0","2021-12-10 13:33:58.907"
"ALB","261.300","1","261.550","1","-45","261.55","07af285b-04da-45e7-88bc-6c68b31f5f2c","2021-12-10 13:33:58.908"
"ALB","261.300","1","261.550","1","-45","261.55","fe19bd87-1804-4adf-a39e-9525519e25ed","2021-12-10 13:33:58.908"
"ALB","261.230","2","261.590","1","-45","261.59","583411d4-ca6d-4426-b8ff-65044373ca0b","2021-12-10 13:34:19.377"
"ALB","261.160","2","261.660","2","45","261.11","f5107587-0b73-4872-a417-a85f02d9adb0","2021-12-10 13:58:33.804"
"ALB","261.620","1","261.920","1","45","261.11","9e6b56ce-4c46-44ed-b948-5fb8b4f1319a","2021-12-10 13:58:33.804"
"ALB","261.480","2","261.830","1","45","261.11","cc2e8404-267e-4e9c-a839-52ee5c904d6a","2021-12-10 13:58:33.804"
"ALB","261.560","1","261.830","1","45","261.11","5d08fea6-8fad-4437-a0ec-fc538000937e","2021-12-10 13:58:33.804"
"ALB","261.560","1","261.830","1","45","261.11","85a2a703-c8f3-4459-be45-5ff0c941628a","2021-12-10 13:58:33.804"
"ALB","261.390","1","261.680","2","45","261.11","a182a345-06a4-4e3a-b7e5-4c0b05d4e41e","2021-12-10 13:58:33.804"
"ALB","261.570","1","261.980","2","45","261.11","f53e1cdf-51da-426d-94f7-1ae287974bdc","2021-12-10 13:58:33.804"
"ALB","261.470","1","261.810","1","45","261.11","16ccf925-eea5-4f52-814d-88004d1d4883","2021-12-10 13:58:33.804"
"ALB","261.230","1","261.560","1","-45","261.57","d2a5affc-3daa-45ca-a5cb-371ac030cdaf","2021-12-10 13:59:00.888"
"ALB","261.230","1","261.560","1","-45","261.57","3ebbaff4-e295-4a58-b53b-fde3a6d7db84","2021-12-10 13:59:00.888"
"ALB","261.490","1","261.720","2","-45","261.72","32c21ead-d94a-4632-bb66-51f2c5d5fd6b","2021-12-10 14:01:36.750"
"ALB","261.490","1","261.720","2","-45","261.72","5885d9f5-1002-4eab-90cc-a3beb7b27ae6","2021-12-10 14:01:36.750"
"ALB","261.240","1","261.530","2","-45","261.53","47e34883-f1d5-4398-b548-2a1bfd471c86","2021-12-10 14:03:01.361"
"ALB","261.240","1","261.530","2","-45","261.53","9629516b-9ce6-43d1-9b54-515a4ad48b7f","2021-12-10 14:03:01.361"
"ALB","261.100","1","261.400","1","-45","261.40","25f6b916-46fd-4b24-bcde-254fddcec3e1","2021-12-10 14:03:59.286"
"ALB","261.170","1","261.510","1","-45","261.51","00a41beb-180d-404c-983d-d15d2c7e151d","2021-12-10 14:04:01.936"
"ALB","261.310","1","261.640","2","45","261.17","2be29894-2503-42fb-b878-1a732ef26d0d","2021-12-10 14:05:33.375"
"ALB","261.310","1","261.640","2","45","261.17","9173f897-8935-4f58-87d8-e05655a82d7a","2021-12-10 14:05:33.375"
"ALB","261.490","2","261.810","2","45","261.01","cd31a2f7-62a4-4050-8c39-4eeaf5437d96","2021-12-10 14:07:18.041"
"ALB","261.490","2","261.800","2","45","261.01","9a294d40-ebea-4734-8f0c-f20108c61c8c","2021-12-10 14:07:18.041"
"ALB","261.100","1","261.420","2","-45","261.54","ba633ad5-326b-4473-a271-4aabfce3ba5d","2021-12-10 14:09:31.489"
"ALB","261.100","1","261.420","2","-45","261.54","90ac5207-768b-4ea9-91b1-ec445c1eb409","2021-12-10 14:09:31.489"
"ALB","261.080","2","261.410","1","-45","261.41","e091ed2e-161b-452a-b6c5-fbd3c7eb5c27","2021-12-10 14:11:22.835"
"ALB","261.170","1","261.400","1","-45","261.55","c1751c88-6cc1-447f-a92c-34d41d5781b2","2021-12-10 14:11:37.756"
"ALB","261.800","3","262.020","1","45","261.28","c2123ea8-09ad-41e3-a2c6-e22f9b5b900c","2021-12-10 14:43:51.219"
"ALB","261.810","1","262.020","2","45","261.28","9fc5e573-4129-45bd-9c34-3e386d341e20","2021-12-10 14:43:51.219"
"ALB","261.520","2","261.800","1","45","261.28","c9190257-979e-49f9-a7bc-98c9ea62b512","2021-12-10 14:43:51.219"
"ALB","261.490","1","261.810","2","45","261.28","2f72e977-3f5a-46b8-a44f-3e0af889261d","2021-12-10 14:43:51.219"
"ALB","261.510","2","261.790","1","45","261.28","7882b780-e802-44a8-abaf-fee5f7b9ea55","2021-12-10 14:43:51.219"
"ALB","261.570","1","261.790","2","45","261.28","237b1ca0-df6d-4a65-9d7f-ee51dcc00aec","2021-12-10 14:43:51.219"
"ALB","261.700","2","262.000","2","45","261.16","52d6218c-b4a6-4be6-87d0-3a4a1128f0ec","2021-12-10 14:44:19.817"
"ALB","261.700","2","262.000","2","45","261.16","072e73e8-7b8e-4440-a8a9-019b26f28062","2021-12-10 14:44:19.817"
"ALB","261.700","2","261.980","2","45","261.16","7531da71-6456-4d43-ad66-65c914241761","2021-12-10 14:44:19.817"
"ALB","261.700","2","261.980","2","45","261.16","5ee2c7a0-fe0a-479e-a1e7-fc2cffb6f96e","2021-12-10 14:44:19.817"
"ALB","261.700","2","261.960","1","45","261.16","b3e7d3c5-2b91-4229-b5f9-a17ab8fdce88","2021-12-10 14:44:19.817"
"ALB","261.700","2","261.970","1","45","261.16","7ffe7ec5-7189-4e08-898c-1437383c8e97","2021-12-10 14:44:19.817"
"ALB","261.700","2","261.970","1","45","261.16","e2a4563e-17fa-49fc-98f2-156321238d5a","2021-12-10 14:44:19.817"
"ALB","261.140","2","261.390","1","-45","261.39","7a615b87-1c60-4675-a18d-1e772d6e967d","2021-12-10 14:45:02.936"
"ALB","261.140","2","261.390","1","-45","261.39","45bb55d4-e0bd-414e-86df-94623e6434f3","2021-12-10 14:45:02.936"
"ALB","261.140","2","261.390","1","-45","261.39","0fa1279a-4f9c-4762-91fa-4f87153acfee","2021-12-10 14:45:02.936"
"ALB","261.140","2","261.390","1","-45","261.39","589f19d8-c656-4d43-a10b-e08c404cb168","2021-12-10 14:45:02.936"
"ALB","261.140","2","261.390","1","-45","261.39","c93d89fd-7884-49a0-94cf-0d183d62f129","2021-12-10 14:45:02.936"
"ALB","261.140","2","261.390","1","-45","261.39","fb0d7b4d-e740-4bbf-b94d-3af0682471f0","2021-12-10 14:45:02.936"
"ALB","261.140","2","261.390","1","-45","261.39","5133b6f1-9121-4c18-b16b-7e2c17d91e71","2021-12-10 14:45:02.936"
"ALB","261.090","2","261.450","1","-45","261.45","9c5e9407-5561-4f79-af39-c338ebd208d0","2021-12-10 14:45:48.052"
"ALB","261.090","2","261.450","1","-45","261.45","0e4eb2fc-c1b6-47ac-b658-ec7f36fa5ce5","2021-12-10 14:45:48.052"
"ALB","261.090","2","261.450","1","-45","261.45","f1ad720e-8cc8-478a-baea-0f5f4e9d30eb","2021-12-10 14:45:48.052"
"ALB","261.320","1","261.500","1","-45","261.50","8e54f730-658c-4863-84c2-f0ba62e2a531","2021-12-10 14:45:58.035"
"ALB","261.180","1","261.440","1","-45","261.44","2f06e669-b59a-4075-b2ff-0121f905a1ec","2021-12-10 14:48:49.979"
"ALB","261.170","2","261.440","1","-45","261.44","ad36b9b3-ab58-4e2b-bb21-28f80ec39a13","2021-12-10 14:48:49.979"
"ALB","260.780","1","261.170","6","45","261.17","83a0eb65-5726-4b01-a3eb-2d96a2f0bd31","2021-12-10 15:07:30.006"
"ALB","260.650","2","260.990","1","-45","261.00","664addf2-9f38-4a6d-9ca3-0af8928608f3","2021-12-10 15:08:42.598"
"ALC","84.240","9","84.310","1","142","84.12","a9fafb2a-5b0b-4a3b-8a4e-6ac0f89edf52","2021-12-10 09:55:38.483"
"ALC","84.240","9","84.310","1","142","84.12","f79de263-6d02-4d09-b9bb-e9e583935982","2021-12-10 09:55:38.483"
"ALC","84.230","2","84.300","1","142","84.12","25ca92a8-1d63-45d4-8f3f-85090cb96894","2021-12-10 09:55:38.483"
"ALC","84.230","2","84.300","1","142","84.12","f42fe556-195f-4679-8f6f-fad8932a7ea2","2021-12-10 09:55:38.483"
"ALC","84.180","7","84.250","1","142","84.12","445d6df0-1b58-4809-b654-0bd62a295eeb","2021-12-10 09:55:38.483"
"ALC","84.130","1","84.160","1","-142","84.18","40c173cd-ba35-45a3-8ffb-48bad9e3033a","2021-12-10 09:57:00.496"
"ALC","84.130","1","84.160","1","-142","84.18","bfcce1e4-6ee7-4649-9b2d-98aa7574748f","2021-12-10 09:57:00.496"
"ALC","84.140","2","84.200","9","-142","84.21","a997c935-d5e0-48ef-8183-b19f10de3f13","2021-12-10 09:57:00.619"
"ALC","84.140","2","84.200","9","-142","84.21","8750d79f-05f6-4802-940f-5c65a48e0129","2021-12-10 09:57:00.619"
"ALC","84.140","2","84.200","9","-142","84.21","59c63c5c-f2bc-4b8f-a869-8b0ea32dfc9f","2021-12-10 09:57:00.619"
"ALC","84.260","9","84.340","9","142","84.19","fcf52342-09eb-438a-aad2-fda6e127ecd9","2021-12-10 10:07:17.594"
"ALC","84.240","2","84.320","10","142","84.19","5d0a4c89-ea24-489d-9fd7-32a9f51e159c","2021-12-10 10:07:17.594"
"ALC","84.240","2","84.320","10","142","84.18","668dbac7-dde8-4ded-a6f7-86c47190bbd1","2021-12-10 10:07:38.028"
"ALC","84.240","8","84.300","2","-142","84.30","3b4fd77e-ada3-46cf-92b3-cc50ec036471","2021-12-10 10:09:02.978"
"ALC","84.240","8","84.300","2","-142","84.30","2aac34a1-784b-4c56-b9dd-ab56183da497","2021-12-10 10:09:02.978"
"ALC","84.240","8","84.300","1","-142","84.30","30697392-d010-44c7-af11-48a983439cbc","2021-12-10 10:09:25.253"
"ALC","84.200","9","84.280","4","142","84.13","37dfb400-cc60-4905-add0-cd5070f83ef5","2021-12-10 10:11:37.308"
"ALC","84.200","7","84.260","1","142","84.13","310e8142-3d6f-49e5-b007-0548fc5a88a3","2021-12-10 10:11:37.308"
"ALC","84.200","7","84.260","1","142","84.13","4c81caa1-ac1c-40ea-83e0-2d954680fad6","2021-12-10 10:11:37.308"
"ALC","84.200","7","84.260","1","142","84.13","ba7d7756-6d68-4e19-82bb-1c4577740e2c","2021-12-10 10:11:37.308"
"ALC","84.220","9","84.300","7","142","84.13","58bd42be-378e-4706-b914-3f079efb0e51","2021-12-10 10:11:37.308"
"ALC","84.100","9","84.160","1","-142","84.17","db0b285e-a72b-458b-b8fc-e19c6559834c","2021-12-10 10:12:36.086"
"ALC","84.100","9","84.160","1","-142","84.17","d1dcca57-80a7-4891-89c0-b33e4fafdcab","2021-12-10 10:12:36.086"
"ALC","84.100","9","84.160","1","-142","84.17","a264f358-03b9-4309-b1f4-8f8d2b94601b","2021-12-10 10:12:36.086"
"ALC","84.100","9","84.160","1","-142","84.17","a98b221e-9ffa-46ae-a14c-781acf5bd6fc","2021-12-10 10:12:36.086"
"ALC","84.100","9","84.160","1","-142","84.17","de48dd23-dda2-4683-832b-68c5a9fa97a7","2021-12-10 10:12:36.086"
"ALC","84.340","7","84.390","3","142","84.19","0d22995a-a59b-4754-a306-6ed277dea48e","2021-12-10 10:25:20.483"
"ALC","84.340","7","84.390","1","142","84.19","3baed46c-7be2-41bd-aa5f-224bb94c22db","2021-12-10 10:25:20.483"
"ALC","84.340","7","84.390","1","142","84.19","42ca04d9-c0d2-40e8-be2e-6d8ebcc6ed21","2021-12-10 10:25:20.483"
"ALC","84.360","7","84.390","1","142","84.19","a6f92587-f5ee-4695-ad65-4f44e894fdca","2021-12-10 10:25:20.483"
"ALC","84.360","7","84.390","1","142","84.19","c7ddd8b6-b4c2-4548-a8c7-a5872f1fbdb1","2021-12-10 10:25:20.483"
"ALC","84.340","7","84.380","3","142","84.19","c5fc28ef-61cc-4761-b9d4-05ef497908a6","2021-12-10 10:25:20.483"
"ALC","84.350","5","84.410","2","142","84.19","7cc88c5b-3e25-4b2b-a5d5-14cf49e04ddc","2021-12-10 10:25:20.483"
"ALC","84.350","5","84.410","2","142","84.19","5aaa9c5b-eaf3-4484-bd71-d293110c2677","2021-12-10 10:25:20.483"
"ALC","84.360","7","84.420","7","142","84.19","f358b311-56b9-45ca-abb3-18ba73288a29","2021-12-10 10:25:20.483"
"ALC","84.230","1","84.280","7","-142","84.28","bbc9fa15-8e50-4f49-9f5f-75b0b9ba4b87","2021-12-10 10:27:56.112"
"ALC","84.230","1","84.280","7","-142","84.28","99c8faf7-cb88-414d-af70-f753ecf0d38a","2021-12-10 10:27:56.112"
"ALC","84.230","1","84.280","7","-142","84.28","d36d0d01-acd1-45de-9de2-60ade1fc1acd","2021-12-10 10:27:56.112"
"ALC","84.200","7","84.270","4","-142","84.27","02d5607f-f039-449b-95b8-323dd5e4fbb4","2021-12-10 10:29:01.654"
"ALC","84.200","7","84.270","4","-142","84.27","8538a57b-b93d-4d54-9158-0c1899ef9b63","2021-12-10 10:29:01.654"
"ALC","84.200","7","84.270","4","-142","84.27","1624edc4-ff53-4989-8d12-065eab3e92d6","2021-12-10 10:29:01.654"
"ALC","84.220","7","84.280","1","-142","84.28","c474372a-bba5-4e50-85a1-544e7043d8f3","2021-12-10 10:29:13.968"
"ALC","84.360","7","84.410","2","142","84.18","cb3e84ce-b422-45fc-ade8-add04c8a3ec6","2021-12-10 10:30:21.296"
"ALC","84.240","7","84.300","2","142","84.14","ad80a057-9a12-4cbc-adb0-26c206205e7f","2021-12-10 10:31:07.513"
"ALC","84.240","7","84.300","1","142","84.14","fc63a981-9f2b-4104-b4e0-02d3fff975c7","2021-12-10 10:31:07.513"
"ALC","84.240","7","84.300","3","142","84.14","339fbdf2-31ed-456e-bce6-e59f26cebfa0","2021-12-10 10:31:07.513"
"ALC","84.260","4","84.300","2","142","84.14","463dc670-d2ff-42c5-ba47-a72a28ee7e38","2021-12-10 10:31:07.513"
"ALC","84.260","8","84.320","9","142","84.14","10ed6839-c992-4608-9c44-088f4a498daf","2021-12-10 10:31:07.513"
"ALC","84.340","7","84.390","2","142","84.14","38c5d9cf-e182-44ac-88c5-01a45d927935","2021-12-10 10:31:07.513"
"ALC","84.360","7","84.390","1","142","84.14","79b82bd4-4e71-4e2f-8a5f-368df0a0483f","2021-12-10 10:31:07.513"
"ALC","84.120","2","84.180","7","-142","84.19","3c698fe9-6804-47e7-9ad2-88a418dd8728","2021-12-10 10:32:49.992"
"ALC","84.120","2","84.180","7","-142","84.19","afe26dbb-c61b-4f21-accd-451508bea306","2021-12-10 10:32:49.992"
"ALC","84.120","2","84.180","7","-142","84.19","b1d29c54-ccd1-4fc2-8d6c-4c87c5a7f9ad","2021-12-10 10:32:49.992"
"ALC","84.120","2","84.180","7","-142","84.19","12b62bb7-11ed-498c-83a7-e646e331816c","2021-12-10 10:32:49.992"
"ALC","84.120","2","84.180","7","-142","84.19","2affe6e8-4675-424e-a3b2-90bda6b807c6","2021-12-10 10:32:49.992"
"ALC","84.120","2","84.180","7","-142","84.19","b9fd5f79-994f-4258-80d9-745f824607d3","2021-12-10 10:32:49.992"
"ALC","84.120","2","84.180","7","-142","84.19","13dd5440-611f-44ed-beb7-8fbe7e4f49c4","2021-12-10 10:32:49.992"
"ALC","84.120","2","84.180","7","-142","84.19","1cdf92ee-b79b-4a23-9750-6a59b44c4977","2021-12-10 10:32:49.992"
"ALC","84.120","2","84.180","7","-142","84.19","fef993ed-0f64-4d93-a435-878d029de8bc","2021-12-10 10:32:49.992"
"ALC","84.120","2","84.180","7","-142","84.19","5256fae5-1f7e-4ae1-b092-4b7f87b66cf8","2021-12-10 10:32:49.992"
"ALC","84.160","7","84.220","8","142","84.07","b7ff79bd-853f-4a61-97fb-38307fd53aa6","2021-12-10 10:34:11.788"
"ALC","83.940","3","84.000","7","-142","84.00","e7cb044e-6782-4c64-8a9f-b1863971073a","2021-12-10 10:39:26.049"
"ALC","84.030","3","84.080","2","142","83.94","7f91cb1b-e309-426f-96ee-02a0b1d39efe","2021-12-10 11:04:12.759"
"ALC","84.030","3","84.080","2","142","83.94","f3a07691-a4d1-4448-8a42-683434ad8cf0","2021-12-10 11:04:12.759"
"ALC","83.980","7","84.040","2","142","83.94","a45cdd3b-e338-4598-b010-6eab3703d0bf","2021-12-10 11:04:12.759"
"ALC","83.990","1","84.040","1","142","83.94","bdce9063-0e45-4101-a446-dfa11cf2ce45","2021-12-10 11:04:12.759"
"ALC","83.990","1","84.040","1","142","83.94","d86002f5-5d50-435d-8bc2-2bd6be0eabf1","2021-12-10 11:04:12.759"
"ALC","83.980","3","84.020","2","143","83.89","f34031a1-4b4d-4861-a929-74bbda867c64","2021-12-10 11:05:02.502"
"ALC","83.710","2","83.780","9","-143","83.78","251e06e7-df86-47a9-9582-57057d8a5550","2021-12-10 11:10:49.011"
"ALC","83.710","2","83.780","9","-142","83.78","37a7ef7c-611f-415b-9023-9638b2353b95","2021-12-10 11:10:49.011"
"ALC","83.710","2","83.780","9","-142","83.78","0e50f307-0a6a-4a70-8a32-08ea4c5625ac","2021-12-10 11:10:49.011"
"ALC","83.710","2","83.780","9","-142","83.78","312b5094-32bb-4c92-8ef4-7b8cac45bceb","2021-12-10 11:10:49.011"
"ALC","83.710","2","83.780","9","-142","83.78","731814bb-f000-4113-b399-d4f10ecdd284","2021-12-10 11:10:49.011"
"ALC","83.710","1","83.780","2","-142","83.78","55115536-4191-489e-8c59-1f67845edfee","2021-12-10 11:10:49.011"
