"Symbol","Bid","Bid Sz","Ask","Ask Sz","Shares","Price","Order ID","Timestamp"
"AA","62.310","1","62.390","11","6","61.84","1a1b8ef1-372b-48e0-9d4f-8ea062aa5ac1","2022-01-26 10:16:10.464"
"AA","62.470","1","62.510","3","6","61.82","9782a765-af20-4eae-b78a-9e01937534b1","2022-01-26 10:16:11.363"
"AA","62.370","1","62.390","1","6","61.82","99307b6f-376e-4e35-8d40-9e60af612297","2022-01-26 10:16:11.363"
"AA","62.380","1","62.440","5","6","61.82","86944d45-3a2a-4692-bc0c-98d9b16ffeec","2022-01-26 10:16:11.363"
"AA","61.880","8","61.910","2","-6","61.91","30d931f3-a3bd-4ebc-90ca-1577684bcc40","2022-01-26 10:16:33.331"
"AA","61.880","8","61.910","2","-6","61.91","682ae3ea-6fc4-41a8-bcd4-5cf305f8a5f4","2022-01-26 10:16:33.331"
"AA","61.910","1","61.950","3","-6","61.95","ae5c017f-7f81-489a-b208-e87a4098517c","2022-01-26 10:16:45.844"
"AA","61.960","1","62.000","1","-6","62.00","6a8c679c-e86c-4dcb-a30b-63d8a0d43062","2022-01-26 10:16:51.036"
"AA","62.380","7","62.400","1","6","62.29","2462f509-f282-4d33-a984-1c4b4ab551d1","2022-01-26 10:24:16.444"
"AA","62.350","3","62.410","1","-6","62.42","80a1d60b-2490-4784-ba29-b3e500269bf3","2022-01-26 10:24:43.010"
"AA","62.380","1","62.440","1","6","62.28","4bd20d46-82ee-437d-bac3-ec90ad6931d2","2022-01-26 10:24:56.875"
"AA","62.520","1","62.570","3","6","62.15","65e1d9ee-d2e7-4f3c-9c80-9684b6bbc661","2022-01-26 10:25:28.135"
"AA","62.510","9","62.560","5","6","62.15","fd8f85d6-d4a4-435c-913c-022e33954caa","2022-01-26 10:25:28.135"
"AA","62.440","9","62.510","3","6","62.15","a8c31a23-118f-4267-8792-6735283557f3","2022-01-26 10:25:28.135"
"AA","62.490","3","62.540","1","6","62.15","380e6a55-8290-46d7-a832-765fb1fe81b0","2022-01-26 10:25:28.135"
"AA","62.440","1","62.480","2","6","62.15","8701b050-2f9d-441d-95ec-998cd40d2683","2022-01-26 10:25:28.135"
"AA","62.420","9","62.470","2","6","62.02","c9388920-4667-493f-abc1-4b93f8949cd3","2022-01-26 10:25:40.347"
"AA","62.540","1","62.580","1","6","62.02","e52b9133-1328-4b95-8f2b-fa6f758929ed","2022-01-26 10:25:40.347"
"AA","62.080","1","62.140","1","-6","62.15","2edc5bd8-7b0e-46a5-ba82-d609f8854567","2022-01-26 10:25:52.257"
"AA","62.080","1","62.140","1","-6","62.15","47fb49f4-c81b-4138-9b8f-fdfcd40afc8b","2022-01-26 10:25:52.257"
"AA","62.080","1","62.140","1","-6","62.15","0d6462dc-158b-477f-bc9e-fc6a1b0b9f5d","2022-01-26 10:25:52.257"
"AA","62.080","2","62.140","2","-6","62.14","338ad74f-8730-41ca-b158-f5040ff5a1ab","2022-01-26 10:26:04.055"
"AA","62.080","2","62.140","2","-6","62.14","028fac98-ede2-4b01-92db-5873c1d68f45","2022-01-26 10:26:04.055"
"AA","62.080","2","62.140","2","-6","62.14","8041b0d5-93d8-40b3-bc46-3a965c0150b9","2022-01-26 10:26:04.055"
"AA","62.110","3","62.160","1","-6","62.16","959c6aa9-53e0-49e5-b0a0-2e47467c1d47","2022-01-26 10:26:10.420"
"AA","62.230","1","62.270","3","-6","62.28","7f1dcfcd-a49c-4098-a779-8bf242b848e6","2022-01-26 10:26:20.074"
"AA","62.530","1","62.570","1","6","61.92","e5043122-e767-445a-b210-669c8aa8c01b","2022-01-26 10:27:11.444"
"AA","62.460","1","62.510","1","6","61.92","fc150016-7dec-4e91-aa01-7c4ad17254d4","2022-01-26 10:27:11.444"
"AA","62.480","1","62.530","1","6","61.92","5c65d2ba-d39b-4c8a-aeda-02fa3dd36793","2022-01-26 10:27:11.444"
"AA","62.490","3","62.520","1","6","61.92","42a8f1f8-c46a-4c2b-b704-14ecd2c1ab5b","2022-01-26 10:27:11.444"
"AA","62.490","1","62.550","5","6","61.92","02a1eea6-c9dc-4bc8-bbb5-52145cfbf312","2022-01-26 10:27:11.444"
"AA","61.960","6","62.010","4","-6","62.01","b0f2bceb-8dfa-42e4-8b05-daac3a16979a","2022-01-26 10:27:31.613"
"AA","61.960","6","62.010","4","-6","62.01","430ddcc7-7348-41b5-a080-acae00150993","2022-01-26 10:27:31.613"
"AA","61.960","6","62.010","4","-6","62.01","1932764d-7857-4565-a6dd-b92eda9212d8","2022-01-26 10:27:31.613"
"AA","62.180","8","62.220","1","6","61.77","7877f1f4-6e2d-4eaa-8f59-4ba67b00f8bf","2022-01-26 10:28:01.238"
"AA","62.540","2","62.580","2","6","61.66","021ebe04-381f-46e7-ab7c-e0cf0b6a8792","2022-01-26 10:28:52.628"
"AA","62.600","1","62.610","1","6","61.66","0dd98d39-3128-43f6-b154-03bc2bbc6352","2022-01-26 10:28:52.628"
"AA","62.510","1","62.560","5","6","61.66","b941fef6-e762-4411-91be-8437da002dfb","2022-01-26 10:28:52.628"
"AA","62.110","3","62.170","11","6","61.60","4ec4b60c-0cf5-4894-a6f6-661690397263","2022-01-26 10:29:00.571"
"AA","62.110","1","62.150","1","6","61.60","36a0b2fa-8362-4002-bc40-eb1504a83afd","2022-01-26 10:29:00.571"
"AA","61.620","1","61.660","2","-6","61.66","c6aec2f2-0fd5-4bd4-8f77-a1a840adc6ea","2022-01-26 10:29:06.132"
"AA","61.660","8","61.710","2","-6","61.71","4c8f9ce2-09a9-4e67-a3f2-f897b286256b","2022-01-26 10:29:21.209"
"AA","61.660","8","61.710","2","-6","61.71","364eaaeb-3108-4762-b4c9-9f6c30d6e97e","2022-01-26 10:29:21.209"
"AA","61.700","1","61.740","1","-6","61.74","f737cce6-5d63-4959-81a9-b0b28ae9aee1","2022-01-26 10:29:33.239"
"AA","61.700","1","61.740","1","-6","61.74","87a1c76a-c6f4-4903-ab06-8a2a4da87c2e","2022-01-26 10:29:33.239"
"AA","61.700","1","61.740","1","-6","61.74","91192301-9f4f-4087-b21a-792b1d54fffe","2022-01-26 10:29:33.239"
"AA","61.630","2","61.670","4","-6","61.67","60f1b2c2-f36d-4294-b06c-40311e03e6c1","2022-01-26 10:29:56.787"
"AA","61.500","1","61.550","3","-6","61.55","27a01daf-57a6-4ad2-8874-385affc3cc71","2022-01-26 10:30:11.219"
"AA","62.010","1","62.060","1","6","62.06","b0210300-00ae-4403-855d-f8503ab3c18a","2022-01-26 10:41:00.006"
"AA","62.010","1","62.070","4","-6","62.07","68d372c9-d009-493a-9134-44ef749c65dc","2022-01-26 10:41:27.232"
"AA","62.060","9","62.120","2","6","62.10","95131b31-676e-43eb-8822-b070cdd986c3","2022-01-26 10:42:12.997"
"AA","62.070","63","62.120","22","-6","62.12","8e2fe6ed-6d57-49b0-b41d-5c715b8589f4","2022-01-26 10:42:39.758"
"AA","62.110","55","62.150","4","6","62.11","6a724453-ced7-4aa4-a15a-3e82a83b3461","2022-01-26 10:43:39.148"
"AA","62.020","1","62.040","1","-6","62.04","01d87d64-d1c8-457e-88f8-6f99f10d5e8d","2022-01-26 10:45:33.568"
"AA","62.140","1","62.180","17","6","61.85","3e5c87ae-b05c-468a-8676-aabb95026cf0","2022-01-26 10:47:01.458"
"AA","61.670","10","61.720","2","-6","61.72","2db366b1-879d-44c6-bd95-b4747ebd20a3","2022-01-26 10:47:50.314"
"AA","62.020","2","62.060","8","6","61.61","15ef40a5-4083-4b75-9328-3302c733377e","2022-01-26 10:50:58.591"
"AA","61.410","1","61.460","2","-6","61.46","461d9817-eb02-4dfb-add7-35a99789492d","2022-01-26 10:54:33.366"
"AA","61.870","2","61.900","1","6","61.82","5b19e5fd-e665-46c6-bd9e-57bdb432baaf","2022-01-26 10:58:18.415"
"AA","61.700","3","61.780","1","-6","61.78","a81fd3fd-cac8-46c8-8fe1-4accbe3dc4ea","2022-01-26 10:59:10.241"
"AA","62.330","1","62.380","3","6","62.21","d8d0af5c-00e3-466a-af73-04a698e14704","2022-01-26 11:32:45.281"
"AA","62.340","1","62.390","1","6","62.21","8aa73000-ff7f-46d8-95ef-f5469892e500","2022-01-26 11:32:45.281"
"AA","62.330","1","62.380","2","6","62.21","2e6026f8-f598-4c52-a0e8-1b0534c20ffe","2022-01-26 11:32:45.281"
"AA","62.190","2","62.250","1","-6","62.27","da4dcc3b-d936-4fe6-ae9b-4c8f3258f8e5","2022-01-26 11:33:54.971"
"AA","62.240","1","62.280","2","-6","62.28","fbe1745c-87ae-4b09-9928-06c30952ceed","2022-01-26 11:33:55.709"
"AA","62.240","1","62.280","2","-6","62.28","1d8bbeb8-ea8f-4890-8d8f-e1b691052029","2022-01-26 11:33:55.709"
"AA","63.210","5","63.230","1","6","63.05","deaaa4a6-8179-47c4-9b7c-2051d625e095","2022-01-26 12:57:26.688"
"AA","63.200","4","63.210","8","6","63.03","cfa4cfa3-91c3-43b0-bb33-1ea944c18c84","2022-01-26 12:57:29.878"
"AA","63.220","2","63.230","1","6","63.03","b99b4015-8b1e-4551-8f31-9bf8c5ef5dca","2022-01-26 12:57:29.878"
"AA","63.210","1","63.230","2","6","63.03","8c637adc-e71b-4b50-85cb-251dec6015fc","2022-01-26 12:57:29.878"
"AA","63.190","2","63.220","4","6","63.03","c0c53053-ebdd-46f0-9034-671b9f915bb2","2022-01-26 12:57:29.878"
"AA","63.200","1","63.220","3","6","63.03","9388a942-5b7a-4274-a8c8-0758fedadc0e","2022-01-26 12:57:29.878"
"AA","63.260","1","63.280","5","6","63.01","8bc7ef5b-b8f6-4fee-ab83-f234d873541a","2022-01-26 12:57:32.779"
"AA","63.270","1","63.290","2","6","63.01","3d8c6c3f-360f-4813-9603-7dbf30b8ac2c","2022-01-26 12:57:32.779"
"AA","63.190","3","63.210","11","6","63.01","ebf1443b-8496-40f4-a052-007e9c42cf31","2022-01-26 12:57:32.779"
"AA","63.250","1","63.280","9","6","62.98","cd87205a-b094-409f-8994-59cf41c1c7e2","2022-01-26 12:57:53.174"
"AA","63.250","2","63.280","3","6","62.98","835ed314-a9a7-4a43-ac81-9a133da48be9","2022-01-26 12:57:53.174"
"AA","63.240","2","63.280","2","6","62.98","2cb7b50e-58d7-45d0-805c-716f25695efc","2022-01-26 12:57:53.174"
"AA","63.020","2","63.050","2","-6","63.05","5216b0c5-0d1b-4419-bc7b-b2b51d9c2f09","2022-01-26 12:58:02.876"
"AA","63.020","2","63.050","2","-6","63.05","8e1c659d-b9f5-4f34-b07a-68caa2a0326e","2022-01-26 12:58:02.876"
"AA","63.040","1","63.060","3","-6","63.06","2ced74ee-3b5a-4723-976e-9565cba29207","2022-01-26 12:58:02.877"
"AA","63.040","1","63.060","3","-6","63.06","36f4ff61-b1de-4525-9ca9-cdb005f3af67","2022-01-26 12:58:02.877"
"AA","63.040","1","63.060","3","-6","63.06","272e0d79-7619-4c63-b95b-61b5b1419540","2022-01-26 12:58:02.877"
"AA","63.030","1","63.060","3","-6","63.06","f5021a23-6c79-4b6a-b08b-2987eb3e8750","2022-01-26 12:58:02.877"
"AA","63.030","1","63.060","3","-6","63.06","c1c7a77e-9ad5-4c29-9b13-a3e7f1ce30a4","2022-01-26 12:58:02.877"
"AA","63.030","1","63.060","3","-6","63.06","8250220f-1f39-401c-a676-703b981fb803","2022-01-26 12:58:02.877"
"AA","63.070","2","63.100","15","-6","63.10","99e05b41-f6b6-4308-9bfd-43555c747fcc","2022-01-26 12:58:10.823"
"AA","63.060","2","63.080","1","-6","63.08","64b237cc-3eb1-453d-b0b0-11647f8e2ffc","2022-01-26 12:58:30.641"
"AA","63.060","2","63.080","2","-6","63.09","73687bc6-4fbe-417b-ab0b-52964cbcb90a","2022-01-26 12:58:47.392"
"AA","63.070","1","63.090","1","-6","63.09","509ba63a-ad0d-47ac-8181-d70e03965782","2022-01-26 12:58:53.205"
"AA","63.230","1","63.270","10","6","62.92","90401926-f9f2-4b92-840f-5711f8280c88","2022-01-26 13:00:17.144"
"AA","62.660","1","62.690","3","-6","62.70","38b47f71-a26c-4215-bde7-94b00cde1b77","2022-01-26 13:01:53.934"
"AA","62.690","1","62.710","1","6","62.71","17d9640a-2b1e-4e0b-94e9-9d981c74c564","2022-01-26 13:16:40.006"
"AA","62.500","1","62.520","4","-6","62.52","506b988b-6304-41dd-9207-e97b1b370092","2022-01-26 13:22:42.600"
"AA","63.180","1","63.230","2","6","63.15","433991e1-9975-4380-a225-7a8c26e4011e","2022-01-26 13:58:52.888"
"AA","63.200","11","63.260","2","6","63.15","52558fa3-4cd0-4656-98f3-d84552afe270","2022-01-26 13:58:52.888"
"AA","63.200","1","63.260","4","6","63.15","be908d4a-7cd4-4f4a-badf-cd927209591c","2022-01-26 13:58:52.888"
"AA","63.290","2","63.320","1","6","63.04","e1b5def9-a292-4b21-82f9-68378230991a","2022-01-26 13:59:06.199"
"AA","63.290","2","63.320","1","6","63.04","b71d1ef1-2318-4a52-a19c-8cf8bc9ba81d","2022-01-26 13:59:06.199"
"AA","63.290","2","63.320","2","6","63.04","d588208a-c080-4c2e-9ad7-7f62dcfe4123","2022-01-26 13:59:06.199"
"AA","63.390","3","63.420","3","6","63.02","a77c11f4-fcdc-4251-a115-3e4771c185ea","2022-01-26 13:59:12.617"
"AA","63.390","3","63.400","9","6","63.02","ad8296ad-8492-44ad-aa18-15504aff9824","2022-01-26 13:59:12.617"
"AA","63.370","2","63.400","9","6","63.02","4e160948-186e-4b73-9e5f-0623bad082d0","2022-01-26 13:59:12.617"
"AA","63.370","6","63.400","11","6","63.02","f954467f-ef7f-4101-bb8a-7c147323175e","2022-01-26 13:59:12.617"
"AA","63.370","3","63.390","2","6","63.02","050c3f95-bc13-4d3d-a7f6-77e309278a72","2022-01-26 13:59:12.617"
"AA","63.410","3","63.440","4","6","63.02","7c05009b-bdee-430f-82ef-c433ef8e397e","2022-01-26 13:59:12.617"
"AA","63.420","3","63.450","21","6","63.02","b2dd73e8-e331-4feb-90ca-b1d6a637716f","2022-01-26 13:59:12.617"
"AA","63.370","1","63.390","1","6","63.02","f9db5be0-e7c6-465c-9412-df91ca835efc","2022-01-26 13:59:12.617"
"AA","63.440","3","63.470","1","6","63.02","cf417299-8c36-4dd3-976e-eed5bb443ef9","2022-01-26 13:59:12.617"
"AA","63.330","1","63.360","2","6","63.02","2a070676-f2fa-43c8-8c5e-f8670089e9cf","2022-01-26 13:59:12.617"
"AA","63.340","2","63.380","2","6","63.02","766c6ff4-e6c1-462e-8972-1e6ee356b4b2","2022-01-26 13:59:12.617"
"AA","63.120","1","63.140","1","-6","63.16","b0521ef0-9d76-4b3c-8e37-9bde4d312a27","2022-01-26 13:59:35.050"
"AA","63.120","1","63.140","1","-6","63.16","4c8cb970-6d80-4dde-933f-cd3230f3b549","2022-01-26 13:59:35.050"
"AA","63.120","1","63.140","1","-6","63.16","313fbefb-516c-40d5-bf7a-a73aa1c208e5","2022-01-26 13:59:35.050"
"AA","63.120","1","63.140","1","-6","63.16","cf4a1a50-596b-4746-a537-0ea0456cd408","2022-01-26 13:59:35.050"
"AA","63.120","1","63.140","1","-6","63.16","0151e743-b017-41db-b1c2-40a90d94fa68","2022-01-26 13:59:35.050"
"AA","63.120","1","63.140","1","-6","63.16","53476490-a7f3-4aad-ab08-4adebff711b1","2022-01-26 13:59:35.050"
"AA","63.120","1","63.140","1","-6","63.16","4e676973-b1b4-4207-ae46-1747c60f7770","2022-01-26 13:59:35.050"
"AA","63.120","1","63.140","1","-6","63.16","aee3727f-0535-45e7-bd7f-ea15bdabb64b","2022-01-26 13:59:35.050"
"AA","63.120","1","63.140","1","-6","63.16","e52523ff-7d27-4b27-8286-f929454902e5","2022-01-26 13:59:35.050"
"AA","63.160","1","63.250","5","-6","63.27","6d3b502d-b21d-48ac-b228-c3b496759430","2022-01-26 13:59:43.944"
"AA","63.160","1","63.250","5","-6","63.27","bc4137ff-62e0-4dcf-8034-37106a346330","2022-01-26 13:59:43.944"
"AA","63.160","1","63.250","5","-6","63.27","8df3a5b1-5cc3-4caa-b761-bad1b0f02004","2022-01-26 13:59:43.944"
"AA","63.160","1","63.250","5","-6","63.27","b1b8fea9-cfc9-420b-8595-ae607a7c661a","2022-01-26 13:59:43.944"
"AA","63.160","3","63.240","1","-6","63.24","55c06caf-e2e1-4638-b711-99aedc77884f","2022-01-26 13:59:53.961"
"AA","63.160","3","63.240","1","-6","63.24","48c56718-69d3-408f-ae37-798a3de26484","2022-01-26 13:59:53.961"
"AA","63.160","2","63.240","5","-6","63.24","afc9731c-9511-4a58-ae68-c6e20e1d3489","2022-01-26 14:00:05.305"
"AA","63.230","3","63.360","1","-6","63.36","fb7ec38d-6e11-422b-92d3-adabe93354aa","2022-01-26 14:00:14.096"
"AA","63.390","1","63.460","3","6","63.16","3bff75b7-7f12-40cd-a347-bf502ba42991","2022-01-26 14:03:33.966"
"AA","63.500","2","63.550","2","6","63.16","89eed18c-f3c7-4f91-8439-16524d0197a6","2022-01-26 14:03:33.966"
"AA","63.530","1","63.600","1","6","63.16","911cfea3-db6c-4151-8069-757326ec594d","2022-01-26 14:03:33.966"
"AA","63.440","1","63.520","1","6","63.16","df0b4ce9-9ef1-44fb-aaa8-8703fa003bd0","2022-01-26 14:03:33.966"
"AA","63.410","1","63.510","10","6","63.16","ab94fa9e-28ad-4c80-a672-e881487c5004","2022-01-26 14:03:33.966"
"AA","63.310","3","63.360","2","6","63.16","4da8e1ac-eecc-4c5f-a562-227e259e048d","2022-01-26 14:03:33.966"
"AA","63.270","2","63.340","1","-6","63.34","df0f96fb-0033-449c-9114-1988c0ee747c","2022-01-26 14:03:50.210"
"AA","63.270","2","63.340","1","-6","63.34","c4240186-3e17-4997-b544-b650a692b496","2022-01-26 14:03:50.210"
"AA","63.270","2","63.340","1","-6","63.34","ecd8849f-1375-40d9-aa66-03ca267a901b","2022-01-26 14:03:50.210"
"AA","63.110","2","63.170","3","-6","63.17","c4c62eed-a5ee-4201-80ab-112cd43aa1d3","2022-01-26 14:04:21.595"
"AA","63.050","2","63.090","1","-6","63.09","448cf2c2-b213-4765-8352-561dd0c152f3","2022-01-26 14:04:40.573"
"AA","63.150","1","63.200","6","-6","63.20","40af2a2e-5461-415d-8169-16b06e9cbfc3","2022-01-26 14:05:53.513"
"AA","63.160","4","63.190","1","6","62.49","55ff4c24-377c-46d1-bb3b-35ae5e365d3e","2022-01-26 14:14:44.974"
"AA","62.660","1","62.700","1","-6","62.72","3dd3ee8f-f086-4ac5-b285-ecb49dce0e64","2022-01-26 14:15:08.069"
"AA","63.070","1","63.110","1","6","62.65","1eaed2ba-754e-4f65-911c-1d3613597756","2022-01-26 14:35:12.346"
"AA","62.670","1","62.720","2","-6","62.72","62ad9203-f7e1-4cb9-9d93-71d29863d689","2022-01-26 14:35:34.580"
"AA","63.230","1","63.290","1","6","62.63","9d253ddf-8db0-4b73-a2e0-652817fe4e53","2022-01-26 14:36:15.559"
"AA","63.250","2","63.300","2","6","62.63","45acfa99-7ecc-4aeb-a526-09bff182d037","2022-01-26 14:36:15.559"
"AA","63.240","2","63.330","2","6","62.58","c4322d05-f5bf-4a04-8ed1-75d913b076f8","2022-01-26 14:36:36.529"
"AA","63.190","3","63.240","2","6","62.58","68cbb037-ebb8-40b6-bc2b-38c436bb5ec1","2022-01-26 14:36:36.529"
"AA","63.140","1","63.200","2","6","62.58","dbb775f3-cdb0-41fa-a5dc-baa5a7954230","2022-01-26 14:36:36.529"
"AA","63.110","3","63.160","1","6","62.58","be05ddc2-a371-4ef7-b72f-4171f4139bf6","2022-01-26 14:36:36.529"
"AA","63.020","2","63.080","1","6","62.58","b92dc424-ff0f-4416-801f-f94fa725df44","2022-01-26 14:36:36.529"
"AA","63.070","1","63.140","2","6","62.58","2e658d3e-d878-478b-b156-cd14d7ba62c3","2022-01-26 14:36:36.529"
"AA","62.650","1","62.730","1","-6","62.73","38190190-fb23-47ba-bb7c-120e3ce473de","2022-01-26 14:37:03.723"
"AA","62.650","1","62.730","1","-6","62.73","dbef0b23-97f0-4494-83c8-629798396dff","2022-01-26 14:37:03.723"
"AA","62.750","2","62.820","2","-6","62.82","394c7efe-5ff4-45f8-a03a-d1140c28bc86","2022-01-26 14:37:10.913"
"AA","62.750","2","62.820","2","-6","62.82","113c7894-0670-4271-9cf0-e82d5c825474","2022-01-26 14:37:10.913"
"AA","62.750","2","62.820","2","-6","62.82","adcf3ef6-5161-49c1-a0bc-9e7f147d0c15","2022-01-26 14:37:10.913"
"AA","62.740","1","62.840","6","-6","62.84","b8e19585-35ec-48b8-bd16-de7e97137ab6","2022-01-26 14:37:20.865"
"AA","62.740","1","62.840","6","-6","62.84","1ef84e45-82ce-4edd-bd98-f03da9c86520","2022-01-26 14:37:20.865"
"AA","62.810","2","62.880","2","-6","62.93","98dc3c80-82b0-453c-9d20-ee7797ebf3ca","2022-01-26 14:38:17.853"
"AA","62.880","1","62.950","1","6","62.77","638f4d1e-80ce-43ed-b92d-b897e2471f60","2022-01-26 14:43:00.443"
"AA","63.140","1","63.210","1","6","62.72","136b96f1-58b4-4549-9780-1b0cdddb86d6","2022-01-26 14:43:01.855"
"AA","63.210","1","63.280","3","6","62.72","4d75bafa-22ab-4360-828d-827009106931","2022-01-26 14:43:01.855"
"AA","63.010","1","63.100","1","6","62.72","dae77880-0c6e-4f91-887a-7920773b7f8f","2022-01-26 14:43:01.855"
"AA","63.060","1","63.130","1","6","62.72","7dd299a5-a359-449a-8e10-08b37a1442bb","2022-01-26 14:43:01.855"
"AA","63.070","2","63.170","2","6","62.72","816d3248-d848-47b4-87fc-330f4b01c5cc","2022-01-26 14:43:01.855"
"AA","62.940","2","63.000","1","6","62.72","cbeaeaeb-6d5f-4a2f-9e32-0005b9f5d273","2022-01-26 14:43:01.855"
"AA","63.230","2","63.310","1","6","62.68","9303c8c5-3708-4dc3-8fbb-71915d54515a","2022-01-26 14:43:01.857"
"AA","63.180","4","63.270","1","6","62.68","76005fec-d321-49e3-9b25-246bd919fbb7","2022-01-26 14:43:01.857"
"AA","62.660","1","62.730","2","-6","62.73","44b0a050-2186-42b7-b439-a987e080f6e9","2022-01-26 14:43:21.760"
"AA","62.660","1","62.730","2","-6","62.73","f010cb82-a3e8-4f18-8315-4f060251efc3","2022-01-26 14:43:21.760"
"AA","62.660","1","62.730","2","-6","62.73","25bd6fe4-21da-47a4-a107-c8057920dec5","2022-01-26 14:43:21.760"
"AA","62.660","1","62.730","2","-6","62.73","6927b1de-8e4a-462a-8c8c-368fbe66e093","2022-01-26 14:43:21.760"
"AA","62.660","1","62.730","2","-6","62.73","623e6b18-2f3e-48ec-a079-cda870b0971e","2022-01-26 14:43:21.760"
"AA","62.620","1","62.660","6","-6","62.70","c022b928-fb5f-489a-83e3-69d1760d7545","2022-01-26 14:43:37.813"
"AA","62.620","1","62.660","6","-6","62.70","99df887c-c662-4126-b2da-81be146c3c32","2022-01-26 14:43:37.813"
"AA","62.620","2","62.700","5","-6","62.71","7dc86b95-4575-4d8c-a020-b0c3f8bbcb64","2022-01-26 14:43:47.912"
"AA","62.700","1","62.760","5","-6","62.77","806c9cb2-3a37-4797-a9ad-475747cf49b8","2022-01-26 14:43:52.499"
"AA","63.030","1","63.100","1","6","62.50","52fc0706-253e-408f-aab5-f2cefbf4cbcf","2022-01-26 14:44:59.816"
"AA","62.260","1","62.310","2","-6","62.31","aa144bfb-de7e-4267-9dcb-7c3a8d0d89fa","2022-01-26 14:45:30.616"
"AA","61.810","1","61.860","1","6","60.90","f63baa62-b43f-4777-9bd5-3c0a1c25d143","2022-01-26 15:07:22.922"
"AA","61.780","1","61.820","1","6","60.90","29f0e839-9c1d-41e8-ba56-d250fe614594","2022-01-26 15:07:22.922"
"AA","61.750","3","61.810","1","6","60.86","23bebc6d-f0ee-431f-81eb-0f6a1a387d2a","2022-01-26 15:07:29.055"
"AA","60.970","1","61.020","2","-6","61.02","d7f952d0-206f-47e5-a334-1c220f19686e","2022-01-26 15:07:40.271"
"AA","60.970","1","61.020","2","-6","61.02","e499c4e5-c754-4449-b9fa-15a61e610338","2022-01-26 15:07:40.271"
"AA","60.840","1","60.890","1","-6","60.89","566acff6-5d4e-4160-a01a-cdff347498d2","2022-01-26 15:08:30.372"
"AA","62.120","1","62.200","1","6","60.26","03390b91-4507-44c9-a853-fe04e7538eab","2022-01-26 15:20:58.587"
"AA","62.230","8","62.290","10","6","60.26","a64d8512-f7fb-405c-87e5-ac565167ca6e","2022-01-26 15:20:58.587"
"AA","62.210","8","62.290","2","6","60.26","d0a9cd81-0cd3-4890-9a20-7f852dc48a26","2022-01-26 15:20:58.587"
"AA","62.230","1","62.280","20","6","60.26","4ba71e96-36fb-4360-9840-7757a87dc947","2022-01-26 15:20:58.587"
"AA","62.110","1","62.200","1","6","60.26","73ce82e2-f87a-4dab-ab8b-dde57a52b2d4","2022-01-26 15:20:58.587"
"AA","62.130","4","62.180","2","6","60.26","2bc600f1-7861-4391-a795-f5d62dc1f827","2022-01-26 15:20:58.587"
"AA","62.070","1","62.120","2","6","60.26","b342c637-7b02-4b59-a5c6-52cccb35af1a","2022-01-26 15:20:58.587"
"AA","61.990","1","62.050","1","6","60.26","6ec1ace1-cf9a-4706-be52-b009bfa9130b","2022-01-26 15:20:58.587"
"AA","60.290","2","60.350","1","-6","60.37","b0f7a75c-d428-4987-a8a6-71d0eab07f6d","2022-01-26 15:21:10.179"
"AA","60.290","2","60.350","1","-6","60.37","b6c1875c-1e41-4eb1-836b-404b914afee4","2022-01-26 15:21:10.179"
"AA","60.290","2","60.350","1","-6","60.37","5e3c75e7-3ba8-40b6-b2da-4eea943022cc","2022-01-26 15:21:10.179"
"AA","60.290","2","60.350","1","-6","60.37","111d30ee-c154-4358-8ebc-31a0fc16efcc","2022-01-26 15:21:10.179"
"AA","60.340","1","60.380","1","-6","60.38","3c933702-7f41-4472-850d-d7a5ebcd74ee","2022-01-26 15:21:20.221"
"AA","60.340","1","60.380","1","-6","60.38","68fa66c5-b925-484c-9418-a9a65a4a189a","2022-01-26 15:21:20.221"
"AA","60.250","2","60.310","3","-6","60.31","5cd76c10-ef66-4211-9894-28fccc2a8d8c","2022-01-26 15:21:30.165"
"AA","60.290","2","60.330","4","-6","60.33","b77490a6-49b6-4acb-9506-dca776d46eb4","2022-01-26 15:21:41.424"
"AG","10.690","23","10.700","7","32","10.66","763e79f9-e6e6-42f4-bc4a-2942372be4e3","2022-01-26 10:22:22.176"
"AG","10.700","20","10.710","8","32","10.65","3b5d3bf8-ba36-4848-91ee-ec44b5a5240d","2022-01-26 10:23:30.573"
"AG","10.690","26","10.700","15","32","10.65","d5f0760d-60b6-46aa-8cff-e2beda434a89","2022-01-26 10:23:30.573"
"AG","10.700","37","10.710","5","32","10.65","73005bbb-979b-456b-93bf-72fec5a863ef","2022-01-26 10:23:30.573"
"AG","10.690","41","10.710","31","32","10.65","1238fcf2-f824-4599-96c5-e51e4f385fe1","2022-01-26 10:23:30.573"
"AG","10.680","12","10.690","18","32","10.65","51904e21-b366-4fbb-b3e4-a53d5dbb5fe6","2022-01-26 10:23:30.573"
"AG","10.680","1","10.690","46","32","10.65","52e60e78-6425-4b20-a7c4-5318cbf461ce","2022-01-26 10:23:30.573"
"AG","10.650","1","10.660","49","-32","10.66","9f4c89de-d317-4ad9-a00a-7e5d117ae2c8","2022-01-26 10:24:14.526"
"AG","10.650","1","10.660","49","-32","10.66","2f796a6c-baf4-4ff2-bd06-2c23f3d56b62","2022-01-26 10:24:14.526"
"AG","10.630","1","10.640","30","-32","10.64","2f3747ea-5714-4be0-892f-eeeccce52be7","2022-01-26 10:24:32.910"
"AG","10.630","1","10.640","30","-32","10.64","19b1ee8d-27de-414a-acf7-8747afb0132e","2022-01-26 10:24:32.910"
"AG","10.630","10","10.640","11","-32","10.64","bd446ddb-98a0-47c4-b090-746ad8ea02fb","2022-01-26 10:24:40.927"
"AG","10.630","10","10.640","11","-32","10.64","65660c1f-541e-4882-98e2-578fe30b34a5","2022-01-26 10:24:40.927"
"AG","10.710","16","10.720","30","32","10.61","501126b7-917a-4129-9f5d-1e81cc411a03","2022-01-26 10:25:04.584"
"AG","10.590","17","10.600","15","-32","10.60","14bbad08-a273-4cd7-8e83-449014352226","2022-01-26 10:26:17.832"
"AG","10.590","8","10.600","28","-32","10.60","4830145f-99a9-4c70-b49d-05dbc484f42e","2022-01-26 10:26:17.832"
"AG","10.530","39","10.540","11","32","10.54","c4a5e9f3-1642-4c3f-83cf-fa6c69677f91","2022-01-26 10:37:20.006"
"AG","10.530","22","10.540","47","-32","10.54","7744e3f5-c5f6-41ab-b1d5-2dce53b99dbd","2022-01-26 10:41:27.132"
"AG","10.540","35","10.550","44","32","10.55","716d435e-35b5-4784-ab4d-4a7ed1bc19e4","2022-01-26 10:42:10.006"
"AG","10.490","14","10.500","18","-32","10.50","4a995ba4-48c9-4c8a-9768-407af5bde051","2022-01-26 10:46:03.730"
"AG","10.540","12","10.550","25","32","10.52","7798aece-ad8c-49d4-b2fb-2990e578737a","2022-01-26 11:01:09.573"
"AG","10.550","18","10.560","35","32","10.52","e206e3f2-0a44-43d4-a9b8-7871a34e65d1","2022-01-26 11:01:09.573"
"AG","10.550","18","10.560","35","32","10.52","d25d5830-7dce-4fc4-8508-80c1917ba698","2022-01-26 11:01:09.573"
"AG","10.550","18","10.560","35","32","10.52","3cb1b9ab-32c9-44d8-aafe-12ea90a08bcb","2022-01-26 11:01:09.573"
"AG","10.550","5","10.560","64","32","10.52","73fba52e-6e2f-463b-8572-2f470db5e199","2022-01-26 11:01:09.573"
"AG","10.550","5","10.560","57","32","10.52","8e6884a7-984d-496d-a6d6-1d2439bd69d4","2022-01-26 11:01:09.573"
"AG","10.540","33","10.550","27","32","10.52","37dd53a4-8b63-41d5-bcbc-a866accdaa2a","2022-01-26 11:01:09.573"
"AG","10.510","16","10.520","25","-32","10.52","c600a966-dc8d-4529-a1d0-a40df04b66e3","2022-01-26 11:02:15.119"
"AG","10.510","16","10.520","25","-32","10.52","c7d79a99-d5b0-4657-b201-dfbdeaf24c70","2022-01-26 11:02:15.119"
"AG","10.510","16","10.520","25","-32","10.52","5ba16940-c87a-489a-93bc-894330f32020","2022-01-26 11:02:15.119"
"AG","10.510","16","10.520","25","-32","10.52","0717312c-367d-47ca-b76b-975b7d7bcefc","2022-01-26 11:02:15.119"
"AG","10.510","14","10.520","30","-32","10.52","21c93725-b523-4f6b-ba85-5669e8172568","2022-01-26 11:02:15.119"
"AG","10.510","14","10.520","30","-32","10.52","83c3cb48-2b3e-4f24-b768-89a5a23ce299","2022-01-26 11:02:15.119"
"AG","10.550","16","10.560","45","32","10.49","173df605-de8a-45dd-a9de-839581043584","2022-01-26 11:03:17.165"
"AG","10.550","29","10.560","17","32","10.49","6593bfba-f345-416d-8470-65f3200a4749","2022-01-26 11:03:17.165"
"AG","10.550","16","10.560","24","32","10.49","eb46a90e-3c3e-48aa-bcd6-ed4075965347","2022-01-26 11:03:17.165"
"AG","10.530","32","10.540","5","32","10.49","41435826-02ee-4a22-a420-74db3b53f743","2022-01-26 11:03:17.165"
"AG","10.530","31","10.540","7","32","10.49","80a94db8-e84b-41ae-a182-54629ca38f4a","2022-01-26 11:03:17.165"
"AG","10.500","20","10.510","19","-32","10.51","0e6f8d67-77af-43f9-80f5-4569f9c67a13","2022-01-26 11:04:10.051"
"AG","10.500","20","10.510","19","-32","10.51","5236fe82-9943-47f1-9910-687ffe368b9b","2022-01-26 11:04:10.051"
"AG","10.500","15","10.510","48","-32","10.51","8de9f7e0-9c3a-4060-8a72-18b01a23252e","2022-01-26 11:04:58.875"
"AG","10.510","17","10.520","21","-32","10.52","fa453d83-af53-4647-94ff-7efe544ec632","2022-01-26 11:05:07.497"
"AG","10.510","17","10.520","21","-32","10.52","3bec3bf2-c1a0-42e2-8b0b-51b2a6be89e1","2022-01-26 11:05:07.497"
"AG","10.510","29","10.520","14","-32","10.52","e2886e5a-e748-4b85-9fd6-77d3fb953d51","2022-01-26 11:06:42.108"
"AG","10.550","45","10.560","24","32","10.52","7ad9343f-b903-4802-9c01-a2716ecf0591","2022-01-26 11:36:06.644"
"AG","10.580","45","10.590","15","32","10.52","35c35fb9-6adf-4b8a-afd0-a90877b9a85f","2022-01-26 11:36:06.644"
"AG","10.540","30","10.550","17","32","10.50","327d3ddd-3a14-4fe7-99e6-e98d5204ffa3","2022-01-26 11:36:53.402"
"AG","10.550","33","10.560","34","32","10.50","714280ad-51b1-402f-a03b-ec6e5b6fb206","2022-01-26 11:36:53.402"
"AG","10.540","22","10.550","20","32","10.50","2d8aad3c-a66a-465f-8994-1496b0694fb9","2022-01-26 11:36:53.402"
"AG","10.550","40","10.560","47","32","10.50","b4adeb03-5e5f-4bf3-af3d-2e91ec8b8f8c","2022-01-26 11:36:53.402"
"AG","10.550","9","10.560","37","32","10.50","2c9ae558-553b-4312-9d6d-be6b36701aa2","2022-01-26 11:36:53.402"
"AG","10.550","9","10.560","29","32","10.50","6e7db6a6-faf9-47ee-b286-1ff967413828","2022-01-26 11:36:53.402"
"AG","10.540","56","10.550","13","32","10.50","bf91bf73-1271-40a5-9eca-07bc9b28754c","2022-01-26 11:36:53.402"
"AG","10.540","56","10.550","13","32","10.50","003bc800-28bc-4597-b9c1-5d9973fad733","2022-01-26 11:36:53.402"
"AG","10.560","24","10.570","30","32","10.50","72b1c08f-4a2d-4d52-ace7-732b82218e70","2022-01-26 11:36:53.402"
"AG","10.550","24","10.560","15","32","10.50","86ea86ab-8a2a-44e8-b2db-0245a96dac20","2022-01-26 11:36:53.402"
"AG","10.560","17","10.570","26","32","10.50","4928b782-36d7-4320-ad75-e51a19494f6d","2022-01-26 11:36:53.402"
"AG","10.560","9","10.570","59","32","10.50","aeef635c-8366-4b0b-b264-f920630c8d2a","2022-01-26 11:36:53.402"
"AG","10.560","5","10.570","66","32","10.50","44fe1894-761e-4760-b102-a38fb8d46f8a","2022-01-26 11:36:53.402"
"AG","10.500","62","10.510","7","-32","10.51","e48a19a1-9153-4ffb-923b-fd6c630a906d","2022-01-26 11:37:43.551"
"AG","10.500","22","10.510","19","-32","10.51","880e8177-c73c-4500-9a29-0e693bb9a40a","2022-01-26 11:37:43.551"
"AG","10.510","12","10.520","39","-32","10.52","9e4649d6-1a6d-4e98-ae72-4274a876458f","2022-01-26 11:38:27.071"
"AG","10.510","12","10.520","39","-32","10.52","8935c4b6-7637-46b3-a955-f36a464e50d3","2022-01-26 11:38:27.071"
"AG","10.510","12","10.520","39","-32","10.52","2281a75e-95cc-49c7-ad76-f18461ffcb05","2022-01-26 11:38:27.071"
"AG","10.510","27","10.520","20","-32","10.52","c8782f93-6780-447a-a358-c9eabc6af610","2022-01-26 11:38:39.364"
"AG","10.510","27","10.520","20","-32","10.52","8865833d-d649-4cfe-84dc-c29dbc75d38c","2022-01-26 11:38:39.364"
"AG","10.510","27","10.520","20","-32","10.52","dc039fd2-d145-4896-aae3-cd30b72f4a12","2022-01-26 11:38:39.364"
"AG","10.510","27","10.520","20","-32","10.52","d51212b7-8017-499a-bbb8-4f6cd5a8510c","2022-01-26 11:38:39.364"
"AG","10.510","27","10.520","20","-32","10.52","f5fbc4a4-aad7-470b-b6cd-2347dc4bc787","2022-01-26 11:38:39.364"
"AG","10.510","24","10.520","15","-32","10.52","1b129d1b-92ab-446c-80bf-6f9b94d9eb6c","2022-01-26 11:38:41.661"
"AG","10.510","24","10.520","15","-32","10.52","9a8067d2-c0b9-4378-823a-681b3f5abddc","2022-01-26 11:38:41.661"
"AG","10.510","24","10.520","15","-32","10.52","b38a8eee-4a40-425f-b248-c2d5bdecdee3","2022-01-26 11:38:41.661"
"AG","10.510","45","10.520","13","-32","10.52","64bcd4f5-949d-4104-81c2-774376b6becb","2022-01-26 11:39:47.475"
"AG","10.510","46","10.520","13","-32","10.52","4b6c5a4f-33b1-4c14-bdcb-c3e6304760b3","2022-01-26 11:39:50.151"
"AG","10.650","3","10.660","59","32","10.62","d43624c9-6b50-402b-a829-1ca317c9a505","2022-01-26 13:01:44.440"
"AG","10.650","20","10.660","45","32","10.62","7d153a72-008e-4cf5-b806-6353c0001e74","2022-01-26 13:01:44.440"
"AG","10.650","4","10.660","65","32","10.62","66787695-0c9e-4201-9eb5-9be100d4b10f","2022-01-26 13:01:44.440"
"AG","10.650","20","10.660","45","32","10.62","54f4fed9-3685-4597-a146-f5947caf4de8","2022-01-26 13:01:44.440"
"AG","10.650","20","10.660","44","32","10.61","460541d4-2988-4ed1-8966-a8b0edc510c2","2022-01-26 13:01:44.447"
"AG","10.650","15","10.660","66","32","10.61","f58c53f9-d51c-414c-8edd-eb5b90a44b22","2022-01-26 13:01:44.447"
"AG","10.630","41","10.640","29","32","10.61","2889d0ff-5e13-4639-8b2b-9546dfe7c544","2022-01-26 13:01:44.447"
"AG","10.630","15","10.640","38","32","10.61","f43761d2-7a4f-4d30-ad8c-066f3d1888d6","2022-01-26 13:01:44.447"
"AG","10.630","15","10.640","34","32","10.61","db2c1201-4057-4afd-b922-c38185b1f88c","2022-01-26 13:01:44.447"
"AG","10.610","28","10.620","13","-32","10.62","28c78296-8e5a-4661-8d02-428312b7ea93","2022-01-26 13:02:03.624"
"AG","10.610","28","10.620","13","-32","10.62","227618c6-c738-4dc7-b717-491dc4ed0c00","2022-01-26 13:02:03.624"
"AG","10.610","28","10.620","13","-32","10.62","5320c907-70d0-48b8-8f5d-aee262269760","2022-01-26 13:02:03.624"
"AG","10.610","28","10.620","13","-32","10.62","f3865dc4-50fa-4a55-b07b-d1f5f217746c","2022-01-26 13:02:03.624"
"AG","10.610","28","10.620","13","-32","10.62","8d3ac3f3-2c1e-4cec-b82a-26f07342fce4","2022-01-26 13:02:03.624"
"AG","10.610","37","10.620","8","-32","10.62","1f82bf23-3145-4804-b341-82e0c77e1a0b","2022-01-26 13:02:41.395"
"AG","10.610","17","10.620","33","-32","10.62","8816ef58-5296-4f66-864a-55cc4eee5060","2022-01-26 13:04:09.674"
"AG","10.610","21","10.620","33","-32","10.62","c62429a3-8a34-44d5-9eb9-f768d2014337","2022-01-26 13:04:37.553"
"AG","10.610","21","10.620","33","-32","10.62","1d92ad87-3073-48bd-bd09-3f28befc3e12","2022-01-26 13:04:37.553"
"AG","10.650","16","10.660","41","32","10.63","c36caaf2-eda3-493d-9447-9500ad6f237b","2022-01-26 13:30:57.632"
"AG","10.650","1","10.650","20","32","10.63","487369b4-7f44-4366-bc79-b6649bb9efd5","2022-01-26 13:30:57.632"
"AG","10.630","27","10.640","29","-32","10.64","23afe7f5-0628-46ff-bb7d-29a36daa0059","2022-01-26 13:32:22.970"
"AG","10.640","26","10.650","47","-32","10.65","a10716dc-c09e-4aac-b8c7-33f6347a4d76","2022-01-26 13:33:28.142"
"AG","10.640","63","10.650","3","32","10.63","caa0c273-3e75-486b-8f97-386148586222","2022-01-26 13:37:15.472"
"AG","10.640","32","10.650","20","32","10.63","414f04cf-739f-48b9-9529-30a286a5d59d","2022-01-26 13:37:15.472"
"AG","10.630","39","10.640","44","-32","10.64","df7fd3d8-f03e-4755-86f0-26d27c594e1f","2022-01-26 13:40:50.591"
"AG","10.640","26","10.650","44","-32","10.65","abe826fe-ecb9-44a3-89e1-49ca5bd549dc","2022-01-26 13:41:47.596"
"AG","10.640","60","10.650","17","32","10.64","a9238172-d1ce-4ed7-8bc5-87a05793442d","2022-01-26 13:52:51.828"
"AG","10.640","60","10.650","17","32","10.64","ffe02df3-76d8-40f2-91c7-f3ac6161cc51","2022-01-26 13:52:51.828"
"AG","10.640","30","10.650","10","-32","10.65","58946a7e-b94e-4759-bcc3-6185a558779c","2022-01-26 13:53:40.622"
"AG","10.640","30","10.650","10","-32","10.65","309282c4-b850-412c-a136-f5055758d0a6","2022-01-26 13:53:40.622"
"AG","10.650","16","10.660","48","32","10.63","8daee186-0b9e-47bd-9031-edb35277f0a5","2022-01-26 13:58:08.987"
"AG","10.640","45","10.650","59","32","10.63","5b5ea86b-ae76-4b3f-bf68-da754547a470","2022-01-26 13:58:08.987"
"AG","10.640","28","10.650","44","32","10.63","4c2c708b-8fb3-4e2b-bee7-b814251f51a8","2022-01-26 13:58:08.987"
"AG","10.640","34","10.650","11","32","10.63","eaf61161-2412-493b-971a-44fdd055ac0e","2022-01-26 13:58:08.987"
"AG","10.640","46","10.650","10","32","10.63","0a4e3421-1fee-444e-9c25-f4f9d8c71520","2022-01-26 13:58:08.987"
"AG","10.640","46","10.650","10","32","10.63","ce4eb63d-fcae-4539-a563-8df1bc89d7b7","2022-01-26 13:58:08.987"
"AG","10.640","44","10.650","6","32","10.63","6e8f40b6-7401-4a18-bb93-b3a43cc60dd8","2022-01-26 13:58:08.987"
"AG","10.650","28","10.660","36","32","10.63","baa5426d-28d0-48f6-a22b-09dae3b48d4b","2022-01-26 13:58:08.987"
"AG","10.650","44","10.660","58","32","10.63","ee58115c-14bb-4ca1-8a30-4dd7ace64997","2022-01-26 13:58:08.987"
"AG","10.650","4","10.660","67","32","10.63","15ead53d-b74e-43a7-a488-886db588a720","2022-01-26 13:58:08.987"
"AG","10.620","18","10.630","36","-32","10.63","f80a802e-203f-4b95-84f7-2ded849a84bb","2022-01-26 13:58:35.842"
"AG","10.620","18","10.630","36","-32","10.63","9c55f5f2-b18e-433e-9ee8-5db9a5da53c6","2022-01-26 13:58:35.842"
"AG","10.620","18","10.630","36","-32","10.63","ca45ff99-4798-47d6-a765-3f15145d23a0","2022-01-26 13:58:35.842"
"AG","10.620","18","10.630","36","-32","10.63","f63d9e9a-a80b-4b25-8c89-3aa1fb17b454","2022-01-26 13:58:35.842"
"AG","10.620","18","10.630","36","-32","10.63","3c2a154b-aa7b-4bdb-ba4a-fc951ab39d51","2022-01-26 13:58:35.842"
"AG","10.620","16","10.630","30","-32","10.63","ba4dff2e-2d63-4d62-8ea4-93b31f233f25","2022-01-26 13:58:35.842"
"AG","10.620","16","10.630","30","-32","10.63","b8bd4927-611d-4cf8-9e3a-1c403efba84a","2022-01-26 13:58:35.842"
"AG","10.620","16","10.630","30","-32","10.63","df4aeb4e-9e1d-42aa-8da1-24af09973fc7","2022-01-26 13:58:35.842"
"AG","10.620","18","10.630","30","-32","10.63","589aa74e-150b-488e-987f-d711a79cd4b1","2022-01-26 13:59:12.070"
"AG","10.620","14","10.630","24","-32","10.63","dfc1d190-f242-45f6-944e-09030aa73351","2022-01-26 13:59:12.070"
"AG","10.720","8","10.730","24","32","10.64","acf9868c-e3f8-4295-bc9a-f48108e11666","2022-01-26 14:03:33.885"
"AG","10.660","12","10.670","11","32","10.64","042d7f4d-def5-4090-a618-c0e960404c88","2022-01-26 14:03:33.885"
"AG","10.660","1","10.670","13","32","10.64","cbae1754-85ba-42de-98a2-ded7e1439f04","2022-01-26 14:03:33.885"
"AG","10.660","9","10.670","17","32","10.64","00ef6676-4b24-4df8-a8a5-eb96d6193b9f","2022-01-26 14:03:33.885"
"AG","10.670","3","10.680","11","32","10.63","024299b8-29e4-4cf2-9b11-31c981fa1eb4","2022-01-26 14:03:35.530"
"AG","10.700","19","10.710","14","32","10.63","7d5b6da3-c171-4e38-ba66-7fd4a1c464f4","2022-01-26 14:03:35.530"
"AG","10.710","23","10.720","15","32","10.63","50a5b33d-1c48-418d-8ebf-30b19272b14f","2022-01-26 14:03:35.530"
"AG","10.710","2","10.720","17","32","10.63","799cae56-97f3-49fb-a22d-05507f96417e","2022-01-26 14:03:35.530"
"AG","10.630","1","10.640","19","-32","10.64","c740ce4f-e94e-4c89-9747-d07500141b3f","2022-01-26 14:03:51.105"
"AG","10.630","1","10.640","19","-32","10.64","29ff77cd-2696-49a6-b07a-7f87c530a195","2022-01-26 14:03:51.105"
"AG","10.630","1","10.640","19","-32","10.64","a353aa75-0c7c-4987-bfd6-057dea303015","2022-01-26 14:03:51.105"
"AG","10.630","1","10.640","19","-32","10.64","e40a1905-f821-4d35-9c2f-e2093860c594","2022-01-26 14:03:51.105"
"AG","10.620","17","10.640","19","-32","10.64","7c753f19-8f9f-4a62-9ea2-eecd5360ea4f","2022-01-26 14:04:05.612"
"AG","10.620","17","10.640","19","-32","10.64","7794cee8-bb2b-4a6b-b71f-d1f75d7fd280","2022-01-26 14:04:05.612"
"AG","10.630","2","10.640","14","-32","10.64","5bf5d5ee-7cd0-46e2-8e30-1c52e81a2588","2022-01-26 14:04:20.930"
"AG","10.620","18","10.630","2","-32","10.63","0bdb2ba9-fd7d-4ed6-81e3-cb2ab3acc44b","2022-01-26 14:04:40.359"
"AG","10.640","21","10.650","33","32","10.62","c0e21a8a-90e1-4e23-a838-b194c8b51118","2022-01-26 14:04:57.945"
"AG","10.640","21","10.650","33","32","10.62","d1de54e9-97b8-48f9-9ccf-8860a703785a","2022-01-26 14:04:57.945"
"AG","10.640","21","10.650","33","32","10.62","f8e84c05-7991-4f2a-9460-58781b317aaf","2022-01-26 14:04:57.945"
"AG","10.640","16","10.650","31","32","10.62","f2a8539b-cdb2-4718-8e58-8917d6a357a2","2022-01-26 14:04:57.945"
"AG","10.640","33","10.650","22","32","10.62","49f6b69a-41fa-4eb5-8219-64f3b1f0a4af","2022-01-26 14:04:57.945"
"AG","10.640","33","10.650","18","32","10.62","eaee14ad-bf74-47fb-ac7d-726085d1c4bc","2022-01-26 14:04:57.945"
"AG","10.630","43","10.640","19","-32","10.64","bf3f0379-6e5c-44c4-985f-d8d15d04cbff","2022-01-26 14:05:42.006"
"AG","10.630","43","10.640","19","-32","10.64","4f7b3144-7175-45db-90b8-3e62fc88f335","2022-01-26 14:05:42.006"
"AG","10.630","15","10.640","2","-32","10.65","aee9a6c1-81b5-4212-b5e4-d49e86e624d5","2022-01-26 14:05:51.234"
"AG","10.630","15","10.640","2","-32","10.65","1e738e3d-4cdc-438a-955f-676026e54df8","2022-01-26 14:05:51.234"
"AG","10.650","13","10.650","5","-32","10.65","f537f05f-5a05-4071-9a46-bc210e4e9227","2022-01-26 14:06:00.006"
"AG","10.640","11","10.650","17","-32","10.66","f799b9e5-9100-42ef-a525-763d3e198408","2022-01-26 14:06:14.891"
"AG","10.660","29","10.670","1","32","10.64","8cf05df9-3567-498c-9b19-1c972cb1b1bb","2022-01-26 14:07:40.000"
"AG","10.670","17","10.680","2","-32","10.68","1b285775-52f6-423e-a78e-7db33542058f","2022-01-26 14:08:20.052"
"AG","10.670","17","10.680","13","32","10.64","43333d08-d819-438d-a4e1-afce2cb3bfcf","2022-01-26 14:11:00.589"
"AG","10.670","17","10.680","3","32","10.64","28ee74f1-bedb-4bf6-b6e7-b677fb60f2a3","2022-01-26 14:11:00.589"
"AG","10.670","29","10.680","1","32","10.64","5ba87d75-45ee-4380-a686-b9b482f6a00a","2022-01-26 14:11:00.589"
"AG","10.680","14","10.690","13","32","10.64","69329c93-5ce0-4223-8145-ec8f4ddde83c","2022-01-26 14:11:00.589"
"AG","10.680","15","10.690","4","32","10.64","d7a3da01-1d6d-4d3f-a99c-e1b40bcd7dd6","2022-01-26 14:11:00.589"
"AG","10.670","17","10.680","10","32","10.64","3ce8cdb7-4bf9-4be2-ab33-23bf02609634","2022-01-26 14:11:00.589"
"AG","10.660","27","10.670","4","32","10.64","fd414023-9484-474e-a8b7-d558db4bdc83","2022-01-26 14:11:00.589"
"AG","10.660","27","10.670","16","32","10.64","b67f9f6c-8256-4591-8b4b-1072b11251b3","2022-01-26 14:11:00.589"
"AG","10.610","16","10.620","15","-32","10.62","89368cc8-d53a-46ea-a4bd-13b6ab4fce7f","2022-01-26 14:11:29.041"
"AG","10.610","16","10.620","15","-32","10.62","beda7e4e-7c1d-41fe-9190-0cf2bc317501","2022-01-26 14:11:29.041"
"AG","10.610","16","10.620","15","-32","10.62","0bfb253a-ceb7-40a8-885a-9451aca8213b","2022-01-26 14:11:29.041"
"AG","10.610","16","10.620","15","-32","10.62","ad88cce0-9b35-4b3d-9a92-3377bef173b0","2022-01-26 14:11:29.041"
"AG","10.610","4","10.620","27","-32","10.62","131bdf30-bf8c-4aa3-9d62-32e1385b7807","2022-01-26 14:11:47.970"
"AG","10.620","24","10.630","26","-32","10.63","cb366ddf-a0a2-4147-a8fd-0a8a739d395f","2022-01-26 14:11:59.327"
"AG","10.620","24","10.630","26","-32","10.63","f164935a-e3fe-4a0c-b8cd-c0809f4f5250","2022-01-26 14:11:59.327"
"AG","10.620","22","10.630","15","-32","10.63","b33bca2d-701d-46af-9b83-69ad068d34a5","2022-01-26 14:12:01.972"
"AG","10.750","13","10.760","31","32","10.63","285641f7-1641-4e99-8bba-592f72aa8b08","2022-01-26 14:32:17.221"
"AG","10.740","49","10.750","9","32","10.63","2cf8a2cc-8125-450a-bae9-6c680a121fac","2022-01-26 14:32:17.221"
"AG","10.740","18","10.750","24","32","10.63","33e183b6-05d0-47d3-bc00-abb8391a3ea9","2022-01-26 14:32:17.221"
"AG","10.740","27","10.750","11","32","10.63","1fe2b76b-2637-467b-bad7-80e440609b65","2022-01-26 14:32:17.221"
"AG","10.630","16","10.640","30","-32","10.64","f3944f9d-e824-4459-8508-e786287f38b3","2022-01-26 14:32:56.013"
"AG","10.630","16","10.640","30","-32","10.64","26c19605-f5f7-4a4c-976a-be050537b0a8","2022-01-26 14:32:56.013"
"AG","10.620","34","10.630","8","-32","10.63","d01037cf-ffae-4f3e-b3e7-3cccdff880f4","2022-01-26 14:33:12.137"
"AG","10.630","31","10.640","19","-32","10.64","f1196a49-d195-4961-90c6-0fec221cafdf","2022-01-26 14:33:12.148"
"AG","10.740","23","10.750","16","32","10.61","814856f2-9231-4e7b-8e3d-e882f4c94cc7","2022-01-26 14:33:28.173"
"AG","10.720","15","10.730","22","32","10.61","d3a39e25-f052-4971-83d9-8923ee0300b1","2022-01-26 14:33:28.173"
"AG","10.710","31","10.720","14","32","10.61","66262b58-ff3c-4b53-b0f8-b41aa18ff72c","2022-01-26 14:33:28.173"
"AG","10.700","2","10.700","6","32","10.61","88c80ec7-d783-4706-8755-55933c6d7e55","2022-01-26 14:33:28.173"
"AG","10.680","31","10.690","24","32","10.61","b832637f-1468-423c-a95e-da92678950e0","2022-01-26 14:33:28.173"
"AG","10.600","9","10.610","38","-32","10.61","17f4d6e5-c977-4432-81a3-82f8f7eb3544","2022-01-26 14:33:41.268"
"AG","10.600","9","10.610","38","-32","10.61","faaee65e-e882-4929-a505-51ff8fcc7bdb","2022-01-26 14:33:41.268"
"AG","10.600","9","10.610","38","-32","10.61","f1bc9816-9d19-4c73-8a07-1664acd1aaaa","2022-01-26 14:33:41.268"
"AG","10.600","38","10.610","11","-32","10.61","396e5069-e406-43f6-979a-03f889bd3982","2022-01-26 14:33:52.221"
"AG","10.600","51","10.610","3","-32","10.61","69c74688-ec40-4e52-8949-3a9f29f2ad65","2022-01-26 14:34:01.496"
"AG","10.670","29","10.680","13","32","10.64","b716a9d5-1181-4676-936c-1839d30606b6","2022-01-26 14:39:50.905"
"AG","10.500","23","10.510","21","-32","10.51","5d7eadc3-1700-4ea6-9488-b1ce98fd66be","2022-01-26 14:43:21.760"
"AG","10.610","33","10.620","2","32","10.42","9f422c8d-36da-4d50-ab82-28675ac9b0b0","2022-01-26 14:44:56.454"
"AG","10.580","27","10.590","5","32","10.42","ccbcde13-9eaa-4d7c-8bfb-3380ba4412b0","2022-01-26 14:44:56.454"
"AG","10.590","20","10.600","2","32","10.42","5bc28a5a-464d-4d50-9f9a-48a64b130469","2022-01-26 14:44:56.454"
"AG","10.590","16","10.600","6","32","10.38","7e58ab76-7f6b-498a-bfae-7654239d7de8","2022-01-26 14:45:21.771"
"AG","10.590","18","10.600","4","32","10.38","a687954a-994f-4528-9ebc-fa14ff4d55b3","2022-01-26 14:45:21.771"
"AG","10.580","21","10.590","12","32","10.38","493aa58e-fecf-4763-bd26-9b6147a75555","2022-01-26 14:45:21.771"
"AG","10.590","30","10.600","39","32","10.38","570d084e-9218-44f0-9def-f221f8311607","2022-01-26 14:45:21.771"
"AG","10.580","12","10.590","24","32","10.38","cce75ddd-34da-4067-89e4-34cf9072b41b","2022-01-26 14:45:21.771"
"AG","10.590","29","10.600","41","32","10.36","14768a59-903a-4681-bb78-e54c3a229800","2022-01-26 14:45:23.751"
"AG","10.590","33","10.600","39","32","10.36","a6e26391-cb3d-4546-9578-0a9a8fff22e4","2022-01-26 14:45:23.751"
"AG","10.590","30","10.600","39","32","10.36","5fe097fc-1cea-4aa7-8ff1-db301b181f7a","2022-01-26 14:45:23.751"
"AG","10.350","6","10.360","19","-32","10.36","b687af89-7dd3-4b1d-b4a2-e3b133c31a8b","2022-01-26 14:45:38.196"
"AG","10.370","27","10.380","35","-32","10.38","0f967d2f-8b5c-43f2-9cad-1519b079692e","2022-01-26 14:45:44.148"
"AG","10.370","27","10.380","35","-32","10.38","ddf5af5c-8f30-45ed-8b77-deba3f6c1942","2022-01-26 14:45:44.148"
"AG","10.370","27","10.380","35","-32","10.38","a726a494-5756-4b9d-a45a-ffc0dd0feaed","2022-01-26 14:45:44.148"
"AG","10.370","27","10.380","35","-32","10.38","d4c2856d-cd0f-4d82-b0bb-16b94b368039","2022-01-26 14:45:44.148"
"AG","10.370","27","10.380","35","-32","10.38","d4a1df75-b04a-42f5-b9c0-210cc4a29e57","2022-01-26 14:45:44.148"
"AG","10.350","23","10.360","21","-32","10.36","3baaf85a-694f-41d2-9107-5f5cbf42518d","2022-01-26 14:45:50.559"
"AG","10.350","23","10.360","21","-32","10.36","98e08bca-1509-4a46-bdaa-b888542be3bd","2022-01-26 14:45:50.559"
"AG","10.350","23","10.360","21","-32","10.36","8d7e309a-6840-4093-ba53-ed5934b028c3","2022-01-26 14:45:50.559"
"AG","10.340","27","10.350","10","-32","10.35","4e626f4a-c9f0-45ca-88ad-be7ac8256c85","2022-01-26 14:46:00.665"
"AG","10.360","2","10.370","32","-32","10.37","4d7d6815-83af-420c-827f-ab3979e49103","2022-01-26 14:46:11.158"
"AG","10.400","17","10.410","24","32","10.41","bc98a3dd-17cc-4b30-aed1-6930b367f4ad","2022-01-26 14:53:10.006"
"AG","10.370","12","10.380","46","-32","10.38","33215829-1d36-4579-b24a-c428dd565e48","2022-01-26 14:56:14.920"
"ABB","36.030","5","36.040","9","10","35.93","27d0ce1c-8632-4e76-9f7f-5792b1345133","2022-01-26 10:12:53.968"
"ABB","36.020","6","36.030","13","10","35.93","e5ff712e-22e6-41e7-a26c-81e88bf6c03c","2022-01-26 10:12:53.968"
"ABB","36.020","1","36.030","16","10","35.93","7bd469a8-b778-4396-9477-0a178584e2ea","2022-01-26 10:12:53.968"
"ABB","36.020","10","36.030","9","10","35.93","07d744d6-f0a0-45bf-ab6d-7eb24616f715","2022-01-26 10:12:53.968"
"ABB","36.000","3","36.010","8","10","35.93","92cf349f-8f88-4f6c-b5b8-ddaa55a19718","2022-01-26 10:12:53.968"
"ABB","36.000","3","36.010","15","10","35.93","f25b6121-e7c6-4b3a-b245-f5ab0e07f924","2022-01-26 10:12:53.968"
"ABB","35.960","3","35.970","11","10","35.93","d8fb35d5-6e21-4908-968d-9cd602f40af8","2022-01-26 10:12:53.968"
"ABB","35.910","38","35.920","1","-10","35.93","11dce8db-ceff-4d74-a715-54124023a97b","2022-01-26 10:13:30.649"
"ABB","35.910","38","35.920","1","-10","35.93","300a3f3c-52b7-4c9c-826b-2fc837ec7dd2","2022-01-26 10:13:30.649"
"ABB","35.910","38","35.920","1","-10","35.93","0486dc31-daf4-4653-abc1-9b59ef70bad2","2022-01-26 10:13:30.649"
"ABB","35.930","3","35.940","12","-10","35.94","61d1f0e8-2915-4820-9459-11de1b74e91c","2022-01-26 10:13:49.082"
"ABB","35.930","3","35.940","12","-10","35.94","2328b1d2-ce9e-4069-b589-8f9dcfeccd2b","2022-01-26 10:13:49.082"
"ABB","35.930","5","35.940","15","-10","35.94","e63b480d-af13-4c3c-9188-99493ec80c89","2022-01-26 10:14:28.052"
"ABB","35.930","5","35.940","15","-10","35.94","1dd18588-9bbc-492e-a6e7-a083f9732714","2022-01-26 10:14:28.052"
"ABB","36.010","4","36.020","7","10","35.90","3a82dcf1-7ece-4344-9588-10e390489761","2022-01-26 10:14:57.533"
"ABB","36.010","2","36.020","8","10","35.90","55712e6c-f868-4325-933d-301a75e679cb","2022-01-26 10:14:57.533"
"ABB","36.010","5","36.020","8","10","35.90","8b05be50-cac6-4e6f-aaa3-25c3527124ab","2022-01-26 10:14:57.533"
"ABB","36.000","43","36.010","11","10","35.90","cc2a402f-a16c-4bb9-a06d-ec43465c4760","2022-01-26 10:14:57.533"
"ABB","36.000","43","36.010","11","10","35.90","8ef2b6d5-1c2a-4448-88fe-6d4b52794802","2022-01-26 10:14:57.533"
"ABB","36.030","3","36.040","38","10","35.90","eb598e36-9d63-438a-81cf-8e86cdbde2c3","2022-01-26 10:15:05.382"
"ABB","36.020","4","36.030","15","10","35.90","c215a909-2142-496d-8e2b-61cb49b8bd26","2022-01-26 10:15:05.382"
"ABB","36.020","4","36.030","15","10","35.90","accb72b5-a888-4b8b-bf7a-ff3a19c449e3","2022-01-26 10:15:05.382"
"ABB","35.890","11","35.900","2","-10","35.90","80890402-bae1-43cc-8836-ea6a7e6a28e2","2022-01-26 10:15:36.914"
"ABB","35.890","11","35.900","2","-10","35.90","da9188ba-fa1a-4f7c-a9dd-c930e5dba650","2022-01-26 10:15:36.914"
"ABB","35.890","11","35.900","2","-10","35.90","606849bc-8463-42fc-b686-ed2718521177","2022-01-26 10:15:36.914"
"ABB","35.890","11","35.900","2","-10","35.90","3ab8bc62-a3ba-435d-bebb-4aa0250f05a3","2022-01-26 10:15:36.914"
"ABB","35.880","39","35.890","3","-10","35.90","7b87c4b0-84ee-47d6-8fe7-8701cc22e1c6","2022-01-26 10:15:36.914"
"ABB","35.880","39","35.890","3","-10","35.90","4058caf1-db2c-4b83-98ed-2230a693eb0b","2022-01-26 10:15:36.914"
"ABB","35.870","1","35.870","11","-10","35.87","2ee9ab2c-b910-4364-9c25-e7c4349ea81a","2022-01-26 10:16:20.006"
"ABB","35.860","7","35.870","5","-10","35.87","39cfe500-d075-4872-bfab-c1bf8965a3cd","2022-01-26 10:16:34.427"
"ABB","35.900","10","35.910","2","10","35.91","78137402-216e-4162-afb7-811b19f29b93","2022-01-26 10:20:50.006"
"ABB","35.870","13","35.880","5","-10","35.88","625e5f52-dcdb-498c-b7d3-ec035820b982","2022-01-26 10:23:04.406"
"ABB","36.040","1","36.050","7","10","35.83","cecb219a-fda4-4463-a1c8-1ec1eae8e24a","2022-01-26 10:24:25.895"
"ABB","35.920","6","35.940","39","10","35.81","efe7afa8-c87e-4517-98c9-5f5092de5af3","2022-01-26 10:25:11.156"
"ABB","35.920","7","35.940","4","10","35.81","a265827c-67b4-4dbf-b6e4-a0cae477417a","2022-01-26 10:25:11.156"
"ABB","35.940","6","35.950","38","10","35.81","9ae53da6-a702-450d-a425-ea3dc707e8e1","2022-01-26 10:25:11.156"
"ABB","35.940","3","35.950","39","10","35.78","be448c00-ead6-4680-a208-4a9b0deb7b95","2022-01-26 10:25:28.112"
"ABB","35.940","13","35.960","43","10","35.78","5277df25-6f94-4f0b-a105-2986576cf33d","2022-01-26 10:25:28.112"
"ABB","35.980","1","35.990","33","10","35.78","922f022b-ebb2-404e-806a-285afeae7bbe","2022-01-26 10:25:28.112"
"ABB","35.970","8","35.980","1","10","35.78","e7adc1c8-63ff-4147-82e9-63af05b341a5","2022-01-26 10:25:28.112"
"ABB","35.980","5","36.000","37","10","35.78","2ba3cd18-4609-4f97-ab9b-54330762bf5e","2022-01-26 10:25:28.112"
"ABB","35.960","4","35.970","2","10","35.78","b57354c6-eb72-4058-a8a6-6e9c4065be33","2022-01-26 10:25:28.112"
"ABB","35.970","2","35.980","33","10","35.78","13eccc20-36a2-41d4-b250-aaa5f0fe3e05","2022-01-26 10:25:28.112"
"ABB","35.950","6","35.970","35","10","35.78","b5e70637-d6bd-4a90-bb61-f8ddebd80ab7","2022-01-26 10:25:28.112"
"ABB","35.770","17","35.780","1","-10","35.79","ccf41809-feda-47cc-a25b-9f5573d6d46f","2022-01-26 10:25:37.010"
"ABB","35.770","17","35.780","1","-10","35.79","ba08a32f-5cdc-4798-a915-bd0387372986","2022-01-26 10:25:37.010"
"ABB","35.770","46","35.780","1","-10","35.78","39a4c843-02eb-47f2-aab1-c28f8471800d","2022-01-26 10:25:41.102"
"ABB","35.790","9","35.800","13","-10","35.80","72660184-bb8b-4e3c-88c1-c54991c495bd","2022-01-26 10:26:04.047"
"ABB","35.790","9","35.800","13","-10","35.80","c52d5603-dc25-45e1-abf5-6e6513beb931","2022-01-26 10:26:04.047"
"ABB","35.790","13","35.800","10","-10","35.80","f76eb11d-5984-4080-ada6-f0a2203890a9","2022-01-26 10:26:17.835"
"ABB","35.790","13","35.800","10","-10","35.80","4d1d0689-e8cc-4cbf-9aed-bb350bbfdcc4","2022-01-26 10:26:17.835"
"ABB","35.790","13","35.800","10","-10","35.80","dab80b91-6f18-4520-93cc-5a90e8a217e7","2022-01-26 10:26:17.835"
"ABB","35.790","13","35.800","10","-10","35.80","f81e5491-0a1b-46ed-ba08-f4b167ff3417","2022-01-26 10:26:17.835"
"ABB","35.800","8","35.810","4","-10","35.81","9db4fe6c-deb5-4c53-b29f-ba33de6fcb4b","2022-01-26 10:26:20.071"
"ABB","35.800","8","35.810","4","-10","35.81","913bca7d-049b-410f-9a0e-68f6549a4289","2022-01-26 10:26:20.071"
"ABB","35.810","1","35.810","11","-10","35.81","1525b8f5-8956-4ba3-933e-dd322b793db4","2022-01-26 10:27:00.006"
"ABB","35.780","8","35.780","1","10","35.74","0e0b538b-5814-430b-8296-1365adf02121","2022-01-26 10:53:06.796"
"ABB","35.770","17","35.780","6","10","35.74","d47a900d-6f12-4edf-b91b-90b1d03acda9","2022-01-26 10:53:06.796"
"ABB","35.750","16","35.760","16","-10","35.76","cd754838-a839-4224-9c46-4a04def2514e","2022-01-26 10:54:18.571"
"ABB","35.740","30","35.750","2","-10","35.75","ac446a7c-1f53-4cce-b58c-536d5ebb4157","2022-01-26 10:54:35.082"
"ABB","35.780","6","35.790","37","10","35.75","b7f85a06-b7c7-459d-b77e-fdaab02a1212","2022-01-26 11:00:22.757"
"ABB","35.730","9","35.740","9","-10","35.74","96c7704e-f003-4973-9c90-579ec102c4af","2022-01-26 11:02:10.255"
"ABB","35.820","7","35.830","56","10","35.74","377f6220-6988-4156-951f-1e4b7c58c7cd","2022-01-26 11:18:10.952"
"ABB","35.810","20","35.820","22","10","35.74","e4b14f9e-b27b-4c10-9919-383628018497","2022-01-26 11:18:10.952"
"ABB","35.810","2","35.820","49","10","35.74","ad4b03e9-2570-45f4-b818-bb7030ba596e","2022-01-26 11:18:10.952"
"ABB","35.800","21","35.810","12","10","35.74","1617edec-feb8-4aa5-8896-908872e2ea72","2022-01-26 11:18:10.952"
"ABB","35.790","14","35.800","26","10","35.74","ba7df653-fffd-4d96-9a1e-3033c63c2a36","2022-01-26 11:18:10.952"
"ABB","35.740","17","35.750","14","-10","35.75","1f319b43-0cc3-47a2-adc0-dd235beb89ef","2022-01-26 11:18:42.981"
"ABB","35.760","20","35.770","8","-10","35.77","bc674095-de13-4d21-a4c6-7a86fab891b3","2022-01-26 11:19:03.031"
"ABB","35.760","20","35.770","8","-10","35.77","49f97c15-685e-451c-8a70-6a14aece3d83","2022-01-26 11:19:03.031"
"ABB","35.750","9","35.760","16","-10","35.76","abe3e66a-d211-4c7c-9942-36ea4111de56","2022-01-26 11:19:31.379"
"ABB","35.750","31","35.760","7","-10","35.77","2693e837-eff2-438a-966a-10404284e22e","2022-01-26 11:21:30.860"
"ABB","35.790","5","35.800","49","10","35.72","020604fe-d755-461a-9bd5-38468983ff79","2022-01-26 11:29:43.112"
"ABB","35.770","17","35.780","11","10","35.72","90782624-0793-42ae-890e-e3407bbeac94","2022-01-26 11:29:43.112"
"ABB","35.780","13","35.790","18","10","35.72","3f682869-7fa3-4778-92bb-ea4b0361ace9","2022-01-26 11:29:43.112"
"ABB","35.780","14","35.790","14","10","35.72","bc3a7d6d-fb37-4c18-bfc6-0c51f1d69f1c","2022-01-26 11:29:43.112"
"ABB","35.770","17","35.780","20","10","35.72","1cb73bbf-c622-4776-8c3d-abf5a4ffdd54","2022-01-26 11:29:43.112"
"ABB","35.790","6","35.800","21","10","35.72","7f4306d0-da27-4744-b567-b2346830f667","2022-01-26 11:29:43.112"
"ABB","35.790","14","35.800","14","10","35.72","df0189f0-cbbe-4994-bb2a-7d9763555f6f","2022-01-26 11:29:43.112"
"ABB","35.790","9","35.800","52","10","35.72","231648d2-2511-450f-a4b5-5e5cc07ba14f","2022-01-26 11:29:43.112"
"ABB","35.790","15","35.800","9","10","35.72","882d65c2-1b58-4e4f-9fb7-fa24d17089aa","2022-01-26 11:29:43.112"
"ABB","35.790","2","35.800","62","10","35.72","daa51a20-a790-4a83-b202-b1acdb42420a","2022-01-26 11:29:43.112"
"ABB","35.790","5","35.800","24","10","35.72","48b47db3-d167-4b5e-84b6-188152ded7a7","2022-01-26 11:29:43.112"
"ABB","35.760","4","35.770","13","10","35.72","92a8b409-1eaa-4428-b104-e8f4571ab6c9","2022-01-26 11:29:43.112"
"ABB","35.760","4","35.770","13","10","35.72","9f868afc-291b-4f40-8317-a17ab88810de","2022-01-26 11:29:43.112"
"ABB","35.770","18","35.780","16","10","35.72","fd173baa-7d6b-40de-8abc-87d3b4f35e74","2022-01-26 11:29:43.112"
"ABB","35.780","10","35.790","18","10","35.72","2dacbb73-5204-4dfb-9e2f-67c7785b1843","2022-01-26 11:29:43.112"
"ABB","35.780","10","35.790","57","10","35.72","d9274206-5786-4c5a-badc-46c80e624637","2022-01-26 11:29:43.112"
"ABB","35.780","2","35.790","59","10","35.72","35e4ad7a-812a-45a2-9f2d-120df2028e77","2022-01-26 11:29:43.112"
"ABB","35.780","9","35.790","52","10","35.72","6e46165a-9ecf-4c60-a74e-a3353a55cf15","2022-01-26 11:29:43.112"
"ABB","35.780","9","35.790","52","10","35.72","66ed5907-d9c7-4347-ac03-e8afc6a2eb13","2022-01-26 11:29:43.112"
"ABB","35.780","3","35.790","58","10","35.72","1a1a5f26-bdb6-427f-bb62-e5bcf092b3d3","2022-01-26 11:29:43.112"
"ABB","35.760","18","35.770","15","10","35.72","a5fc84ab-4dd4-4f81-b48c-3e8e71b950b4","2022-01-26 11:29:43.112"
"ABB","35.760","20","35.770","47","10","35.72","d6e9a6d1-0a2f-4dbd-9ec9-7cef37c7e6d3","2022-01-26 11:29:43.112"
"ABB","35.760","6","35.770","59","10","35.72","b2f313b3-abf8-4ba3-abd6-b62facb35919","2022-01-26 11:29:43.112"
"ABB","35.760","9","35.770","57","10","35.71","e7594e6f-7497-4d84-bcfa-cd308863714a","2022-01-26 11:29:48.105"
"ABB","35.770","5","35.780","19","10","35.71","62b334b9-d5d6-475d-b56e-c8324c564496","2022-01-26 11:29:48.105"
"ABB","35.760","17","35.770","13","10","35.71","c027a38f-8df1-4d21-a143-a5bb10a1fb5d","2022-01-26 11:29:48.105"
"ABB","35.760","14","35.770","14","10","35.71","1ccdcb64-ea45-4ee6-bd44-0f39c0db559a","2022-01-26 11:29:48.105"
"ABB","35.750","12","35.760","18","10","35.71","32e6132f-f97a-4c5d-a191-d289c064c586","2022-01-26 11:29:48.105"
"ABB","35.690","11","35.700","15","-10","35.70","b532f0e2-47cb-490c-8ec4-63cf09c81a8e","2022-01-26 11:30:11.007"
"ABB","35.690","11","35.700","15","-10","35.70","46b70c0c-6be0-4fca-b39f-e7e8a5777b52","2022-01-26 11:30:11.007"
"ABB","35.690","11","35.700","15","-10","35.70","29a3d282-7e81-4de6-94d5-9cb602504314","2022-01-26 11:30:11.007"
"ABB","35.690","11","35.700","15","-10","35.70","e2a55ff8-bfa7-432b-800d-e46e1cf8561e","2022-01-26 11:30:11.007"
"ABB","35.690","11","35.700","15","-10","35.70","0632af18-4ff8-4038-a447-b9134306e53b","2022-01-26 11:30:11.007"
"ABB","35.690","11","35.700","15","-10","35.70","1fcbc300-63b0-4799-af8e-be4c053b8248","2022-01-26 11:30:11.007"
"ABB","35.690","11","35.700","15","-10","35.70","99c27ed6-96c9-43eb-9914-a24769a7e054","2022-01-26 11:30:11.007"
"ABB","35.690","11","35.700","15","-10","35.70","889cc365-d215-4a94-9dd8-186b16441776","2022-01-26 11:30:11.007"
"ABB","35.690","11","35.700","15","-10","35.70","d9220107-d18d-43a5-a4dc-6de27377499f","2022-01-26 11:30:11.007"
"ABB","35.690","11","35.700","15","-10","35.70","cc2d1e70-99d1-4814-a927-0a67fc19b74a","2022-01-26 11:30:11.007"
"ABB","35.690","11","35.700","15","-10","35.70","540c6ce3-a409-4590-8b25-4da41646897a","2022-01-26 11:30:11.007"
"ABB","35.690","11","35.700","15","-10","35.70","d36dcd83-533b-4f42-88c0-9dd34b119abd","2022-01-26 11:30:11.007"
"ABB","35.690","11","35.700","15","-10","35.70","b4495adb-ef9d-4cf3-9a04-c31dfd7cd859","2022-01-26 11:30:11.007"
"ABB","35.690","11","35.700","15","-10","35.70","8b04d1a3-9ecb-4c66-8ffd-e24c28d12e79","2022-01-26 11:30:11.007"
"ABB","35.690","12","35.700","5","-10","35.71","bc05154a-82b9-4723-8a76-14d951ac974d","2022-01-26 11:30:34.997"
"ABB","35.690","12","35.700","5","-10","35.71","a169fe85-23b7-492a-85b5-a9f63739e7a3","2022-01-26 11:30:34.997"
"ABB","35.690","12","35.700","5","-10","35.71","35bc679d-79f2-41e1-872a-8ca71f3ccd0d","2022-01-26 11:30:34.997"
"ABB","35.690","12","35.700","5","-10","35.71","5e521e3f-bb72-4a76-959d-71659c0a4061","2022-01-26 11:30:34.997"
"ABB","35.700","13","35.710","18","-10","35.71","ea620351-f333-4c1b-80bb-5b5d0174f5f2","2022-01-26 11:30:37.298"
"ABB","35.700","13","35.710","18","-10","35.71","674a89f9-0698-49c7-a421-03e41aeb16e4","2022-01-26 11:30:37.298"
"ABB","35.700","13","35.710","18","-10","35.71","81c6a319-8bf8-4353-9786-5f947d446ec5","2022-01-26 11:30:37.298"
"ABB","35.700","13","35.710","18","-10","35.71","f89f234c-54b9-44d0-bf30-643c22975745","2022-01-26 11:30:37.298"
"ABB","35.700","13","35.710","18","-10","35.71","2f3d5ef1-c41f-4fa0-bcbb-b599d9e0ad5a","2022-01-26 11:30:37.298"
"ABB","35.700","13","35.710","18","-10","35.71","7b7a5785-978f-4cc5-a3a6-b61c81a0eae9","2022-01-26 11:30:37.298"
"ABB","35.700","13","35.710","18","-10","35.71","4abfd4e4-6624-4319-b2ea-b324a7ee1bd1","2022-01-26 11:30:37.298"
"ABB","35.700","8","35.710","20","-10","35.71","0fca60b6-f71a-4432-bc18-258a0ca4ea33","2022-01-26 11:31:06.672"
"ABB","35.710","2","35.720","31","-10","35.72","96a7035b-b28e-427c-90cc-bfccf63aa9e7","2022-01-26 11:31:14.073"
"ABB","35.710","2","35.720","31","-10","35.72","7ad27fe7-a9ec-45ad-9106-cadbadf69f73","2022-01-26 11:31:14.073"
"ABB","35.750","10","35.760","12","10","35.76","ccf22ac0-17dc-451d-b5a2-dcd4b6727a47","2022-01-26 11:42:10.006"
"ABB","35.700","19","35.710","23","-10","35.71","c8d81e2d-a93f-4260-8ad2-868a1b2978dc","2022-01-26 11:50:39.854"
"ABB","35.770","6","35.780","17","10","35.74","788613ea-3e0f-4c9d-958f-1a41d391e670","2022-01-26 12:03:51.360"
"ABB","35.770","6","35.780","17","10","35.74","e14f81fc-00d1-4d9b-9fb8-8d3542b0986d","2022-01-26 12:03:51.360"
"ABB","35.780","2","35.790","19","10","35.74","ecad4410-29ca-4d8f-88f5-ca8834d7ea3e","2022-01-26 12:03:51.360"
"ABB","35.730","11","35.740","13","-10","35.74","b2c16569-98b5-4cae-b705-4b611a9e1fcb","2022-01-26 12:04:12.611"
"ABB","35.730","11","35.740","13","-10","35.74","6d3de400-4222-4b64-b029-062c8141a76b","2022-01-26 12:04:12.611"
"ABB","35.740","9","35.750","19","-10","35.75","97dfee94-6ce6-4cfb-b2ca-3f79c107b83a","2022-01-26 12:04:25.785"
"ABB","35.810","2","35.810","30","10","35.78","e1337c2e-6dae-47b9-9177-8a3d48fadad3","2022-01-26 12:59:22.519"
"ABB","35.800","18","35.810","10","10","35.78","be73db4a-e5d8-4159-9707-7305075777ea","2022-01-26 12:59:22.519"
"ABB","35.800","16","35.810","11","10","35.78","688cb0d9-a3bb-4091-a99d-3af23221919b","2022-01-26 12:59:22.519"
"ABB","35.800","16","35.810","11","10","35.78","350f8570-adda-408a-a77f-5aaa84ab83e2","2022-01-26 12:59:22.519"
"ABB","35.800","9","35.810","16","10","35.78","0e33dd2b-27e0-4435-ae99-2203b93a37fc","2022-01-26 12:59:22.519"
"ABB","35.810","9","35.820","16","10","35.77","9a6d3adc-2f0c-4753-b8b9-2bdd0ba4ed8f","2022-01-26 12:59:54.585"
"ABB","35.820","16","35.830","17","10","35.77","ba7850d4-5052-4da3-9bda-940888e9836e","2022-01-26 12:59:54.585"
"ABB","35.820","9","35.830","34","10","35.77","d6b7939c-1aa1-4d94-9140-ff2f82944758","2022-01-26 12:59:54.585"
"ABB","35.750","1","35.750","4","-10","35.75","beeaed6d-0881-4c0b-a19e-04a745eab3a9","2022-01-26 13:01:10.006"
"ABB","35.750","1","35.750","4","-10","35.75","0badf77b-3422-4fd1-af52-53f192bc1482","2022-01-26 13:01:10.006"
"ABB","35.730","2","35.740","34","10","35.70","4694cd76-d298-4fdb-b5e8-337a936b36ae","2022-01-26 13:02:02.659"
"ABB","35.730","1","35.740","29","10","35.70","6cfc60dd-b7c9-4394-ba7c-0a0aae0e31cc","2022-01-26 13:02:02.659"
"ABB","35.760","18","35.760","1","10","35.70","5272b661-824d-48ee-8999-7d537055d8a2","2022-01-26 13:02:02.659"
"ABB","35.730","6","35.740","14","10","35.68","648dc426-9e98-480e-ad73-f8ec84708156","2022-01-26 13:03:43.697"
"ABB","35.740","7","35.750","14","10","35.68","c72e962a-9dbc-41a7-9e49-87b8080e0230","2022-01-26 13:03:43.697"
"ABB","35.730","1","35.740","28","10","35.67","a7c7744a-9de4-4b09-92e2-c62c8202de9a","2022-01-26 13:03:52.263"
"ABB","35.670","2","35.680","21","-10","35.68","d677a9e0-5d37-4c68-a4a2-fc956e3f6ea2","2022-01-26 13:04:11.476"
"ABB","35.670","2","35.680","21","-10","35.68","0a432f91-0301-47d3-aa3b-f9df33bc13f4","2022-01-26 13:04:11.476"
"ABB","35.670","2","35.680","21","-10","35.68","ecc29b6a-4e83-428a-88b6-23e0be933edd","2022-01-26 13:04:11.476"
"ABB","35.670","2","35.680","21","-10","35.68","16ea69cb-824c-4d54-91c7-886b796ec467","2022-01-26 13:04:11.476"
"ABB","35.670","15","35.680","10","-10","35.68","89db7a50-d5c9-4c56-8c74-fa9b25d08c58","2022-01-26 13:06:15.602"
"ABB","35.670","15","35.680","10","-10","35.68","02c276e8-dd0a-4000-a9f2-668195e6c368","2022-01-26 13:06:15.602"
"ABB","35.670","15","35.680","10","-10","35.68","84df0aac-c905-4282-8ce2-a22461b059aa","2022-01-26 13:06:15.602"
"ABB","35.670","15","35.680","10","-10","35.68","a2adceb5-1afd-428e-9561-d962e711f466","2022-01-26 13:06:15.602"
"ABB","35.670","15","35.680","10","-10","35.68","15767e56-be1c-4d40-885e-2e0d643f9c29","2022-01-26 13:06:15.602"
"ABB","35.670","15","35.680","10","-10","35.68","12105b70-352f-4b75-b046-79dceb42281a","2022-01-26 13:06:15.602"
"ABB","35.670","15","35.680","10","-10","35.68","84aaf767-34aa-4e73-9dc0-67b4b97a7be3","2022-01-26 13:06:15.602"
"ABB","35.670","15","35.680","10","-10","35.68","b8dd72c3-59da-4c01-8b9d-a0db16a8778d","2022-01-26 13:06:15.602"
"ABB","35.750","3","35.760","30","10","35.76","98f0657d-17a5-4af3-b508-7f6402a77737","2022-01-26 13:13:30.006"
"ABB","35.700","13","35.710","10","-10","35.71","062bc78f-dde4-4d8f-a860-c9e77898a727","2022-01-26 13:21:01.188"
"ABB","35.740","14","35.750","10","10","35.75","17d27db2-5a7a-44ba-a9e5-c3e141f2e0c0","2022-01-26 13:33:10.006"
"ABB","35.740","5","35.750","17","-10","35.75","5debcb18-05dc-4a1d-8e06-a9c75f639ade","2022-01-26 13:35:07.107"
"ABB","35.740","17","35.750","19","10","35.72","34ed1e7e-feaa-4710-9009-d4ac8a46d296","2022-01-26 13:51:53.061"
"ABB","35.750","1","35.760","25","10","35.72","36232ec8-20fc-44d2-9e1c-6103aa6acdde","2022-01-26 13:51:53.061"
"ABB","35.740","3","35.750","36","10","35.72","c47752b3-e89a-4e48-9ee3-d2495385cf04","2022-01-26 13:51:53.061"
"ABB","35.740","24","35.750","1","-10","35.76","4f80c154-8c46-4613-9350-67865db6db70","2022-01-26 13:53:52.513"
"ABB","35.740","24","35.750","1","-10","35.76","fa0c0369-b9b5-4c4e-bc50-6c63605cce3d","2022-01-26 13:53:52.513"
"ABB","35.750","6","35.760","12","-10","35.76","ac865521-17fd-4a7d-a225-57e1e3f8108b","2022-01-26 13:54:07.323"
"ABB","35.750","13","35.760","12","10","35.74","b3523d8a-5f6f-44c1-902a-736a57bbb30e","2022-01-26 13:58:46.992"
"ABB","35.750","8","35.760","2","10","35.74","dd2660c6-9809-4822-a359-da0c8a9927fe","2022-01-26 13:58:46.992"
"ABB","35.750","8","35.770","14","10","35.74","8673fd8c-c018-415a-972c-aa471dc0afd2","2022-01-26 13:58:46.992"
"ABB","35.750","8","35.770","14","10","35.74","379d6bcf-bbfb-40b7-b83b-5e1e1a7a9868","2022-01-26 13:58:46.992"
"ABB","35.750","14","35.760","7","10","35.72","af63069a-0c66-4b37-9627-e82b2b36f5fa","2022-01-26 13:58:54.986"
"ABB","35.750","14","35.760","7","10","35.72","b2b15f76-c94e-4fcf-9c45-98c36290ed6f","2022-01-26 13:58:54.986"
"ABB","35.750","8","35.760","11","10","35.72","42fdb844-6a80-4c14-8e81-0301031b27e1","2022-01-26 13:58:54.986"
"ABB","35.750","10","35.760","15","10","35.72","e57a3b85-27b0-447b-ad6f-db5922ebe569","2022-01-26 13:58:54.986"
"ABB","35.750","6","35.760","11","10","35.72","6aa58d82-1a0b-4784-a1dc-ebbc7a35116e","2022-01-26 13:58:54.986"
"ABB","35.760","6","35.770","14","10","35.72","cf133efd-424c-41a9-a35e-5fa0dabf3f14","2022-01-26 13:58:54.986"
"ABB","35.760","1","35.770","12","10","35.72","bcc70918-4f56-4960-8c1d-97095da252f9","2022-01-26 13:58:54.986"
"ABB","35.770","8","35.790","11","10","35.72","16cf3d1b-0973-45ab-aa1e-0643e97f9675","2022-01-26 13:58:54.986"
"ABB","35.770","12","35.790","11","10","35.72","915c07e3-9053-4826-9054-3d1365b3eed7","2022-01-26 13:58:54.986"
"ABB","35.730","7","35.740","5","-10","35.74","30a00642-549b-4e0b-be15-be790c0bd1d7","2022-01-26 13:59:37.422"
"ABB","35.730","7","35.740","5","-10","35.74","2978301e-f762-4a49-8a22-0079fb1da533","2022-01-26 13:59:37.422"
"ABB","35.730","7","35.740","5","-10","35.74","c5bd9812-ec69-44de-9a43-9688e2e7ac45","2022-01-26 13:59:37.422"
"ABB","35.730","7","35.740","5","-10","35.74","0a556b69-1350-4a25-ba8a-c77e2648d084","2022-01-26 13:59:37.422"
"ABB","35.730","7","35.740","5","-10","35.74","aa737771-8499-43e0-b8a1-f5a49d1df9ce","2022-01-26 13:59:37.422"
"ABB","35.730","7","35.740","5","-10","35.74","609f6c80-b946-4707-90a7-2e43032937c8","2022-01-26 13:59:37.422"
"ABB","35.730","7","35.740","5","-10","35.74","686c1af8-2f62-4e92-8cf3-8bbbe08c42c3","2022-01-26 13:59:37.422"
"ABB","35.730","5","35.740","5","-10","35.74","9c3feef2-f3a2-48a5-8a93-3156b4189597","2022-01-26 13:59:55.723"
"ABB","35.730","5","35.740","5","-10","35.74","c28da2f3-e86c-4681-a75e-20b9b8b29af7","2022-01-26 13:59:55.723"
"ABB","35.730","4","35.760","1","-10","35.76","85b9c0d5-9488-4047-ad52-468d55c71e92","2022-01-26 14:00:06.161"
"ABB","35.730","4","35.760","1","-10","35.76","a695a25b-2a23-4e85-8a82-f1324a31c32b","2022-01-26 14:00:06.161"
"ABB","35.740","4","35.780","1","-10","35.79","40997547-24aa-48d7-8573-d76fdfa954c2","2022-01-26 14:00:11.438"
"ABB","35.830","1","35.840","3","-10","35.85","63a5a058-d7bd-446b-b170-79274d2ce004","2022-01-26 14:00:49.073"
"ABB","35.790","1","35.800","7","10","35.72","36e36981-ea89-47b7-9d69-c444f6936b43","2022-01-26 14:14:28.222"
"ABB","35.780","8","35.790","3","10","35.72","a6ac04c7-3cd7-440c-af83-b83e449f1250","2022-01-26 14:14:28.222"
"ABB","35.750","4","35.760","9","10","35.72","f75f277e-47f8-4e33-bd25-2a008fcea22c","2022-01-26 14:14:28.222"
"ABB","35.780","10","35.800","10","10","35.72","2812d455-836f-4eb0-b865-3565d50330d7","2022-01-26 14:14:28.222"
"ABB","35.800","12","35.810","2","10","35.72","6fe1aaee-d428-4df4-ade6-02e128eb4b28","2022-01-26 14:14:28.222"
"ABB","35.780","17","35.790","2","10","35.72","6b43fa3c-cdf5-46a1-bbfc-722c05f209c0","2022-01-26 14:14:28.222"
"ABB","35.790","8","35.800","11","10","35.72","33f12a12-0982-42ed-bd43-5d9d80cec25f","2022-01-26 14:14:28.222"
"ABB","35.770","9","35.780","1","10","35.72","83f51af2-132c-4941-a588-08b21b969a70","2022-01-26 14:14:28.222"
"ABB","35.770","10","35.790","9","10","35.72","7ebc49af-3203-4f2b-900c-bf34a0585d22","2022-01-26 14:14:28.222"
"ABB","35.780","8","35.790","1","10","35.72","326b5090-dda6-4c88-8a5e-cd7eb1e9b969","2022-01-26 14:14:28.222"
"ABB","35.760","9","35.770","2","10","35.72","b7d8e797-6369-4a8d-abe3-9fa1d8969f49","2022-01-26 14:14:28.222"
"ABB","35.710","10","35.720","18","10","35.68","5f847a87-b70b-4030-bbdb-38447e428ddb","2022-01-26 14:14:39.917"
"ABB","35.700","11","35.710","14","10","35.67","8397929a-a31c-4938-a722-c2b577bc7f43","2022-01-26 14:14:40.429"
"ABB","35.700","13","35.710","9","10","35.67","24955fe4-1c67-41b6-8b8e-af5a87fcad00","2022-01-26 14:14:40.429"
"ABB","35.690","11","35.700","20","10","35.67","4ba88dc4-0680-4b01-8c20-dce1757472da","2022-01-26 14:14:40.429"
"ABB","35.690","10","35.700","20","10","35.67","70b6a7bf-ac6f-4062-9154-5013b6bf56e4","2022-01-26 14:14:40.429"
"ABB","35.690","10","35.700","20","10","35.67","33496671-6d8f-4ead-aacb-3da619c36e98","2022-01-26 14:14:40.429"
"ABB","35.730","5","35.740","22","10","35.65","7626e82b-3ce6-425b-a1bd-2b250aeb1810","2022-01-26 14:14:42.684"
"ABB","35.730","5","35.740","26","10","35.65","5d513e7a-1055-4306-b6ee-eb83852dec47","2022-01-26 14:14:42.684"
"ABB","35.730","5","35.740","26","10","35.65","b97e7294-ecb6-4db6-adcd-493b0512ce7a","2022-01-26 14:14:42.684"
"ABB","35.730","5","35.740","17","10","35.65","c51577f8-82ed-429e-aeab-5b24ba90c34a","2022-01-26 14:14:42.684"
"ABB","35.700","14","35.710","14","10","35.65","dbdd69e8-258a-45ad-93d7-22193a98350c","2022-01-26 14:14:42.684"
"ABB","35.630","9","35.640","3","-10","35.64","af6e84fd-e99c-4696-9f2b-e3cdd0d047ad","2022-01-26 14:14:50.173"
"ABB","35.630","9","35.640","3","-10","35.64","2e1e5450-28a4-409d-a78c-d17ea31a3e3b","2022-01-26 14:14:50.173"
"ABB","35.630","9","35.640","3","-10","35.64","ba1d8de3-fd6c-463a-b495-d1a2cb32f0b5","2022-01-26 14:14:50.173"
"ABB","35.660","12","35.670","1","-10","35.67","70c6485e-f48b-40af-982e-61f4c2c2296b","2022-01-26 14:15:00.707"
"ABB","35.660","12","35.670","1","-10","35.67","eea9d43d-d6bb-4643-a35c-63afc698d346","2022-01-26 14:15:00.707"
"ABB","35.660","12","35.670","1","-10","35.67","74d51acd-2ef1-47da-a86c-4296ceefc540","2022-01-26 14:15:00.707"
"ABB","35.660","12","35.670","1","-10","35.67","8d2f777d-31c7-4bfa-8ca0-d1a1611e650e","2022-01-26 14:15:00.707"
"ABB","35.660","12","35.670","1","-10","35.67","92a0153b-0ef7-46e6-8716-316cab469b8d","2022-01-26 14:15:00.707"
"ABB","35.660","12","35.670","1","-10","35.67","225c68ad-0e08-4068-964b-67fc8987b1d5","2022-01-26 14:15:00.707"
"ABB","35.660","12","35.670","1","-10","35.67","9cddf514-b016-48d8-acd9-d6ebe55c9b05","2022-01-26 14:15:00.707"
"ABB","35.660","12","35.670","1","-10","35.67","8331358d-d350-4cd9-a797-8b4c58f23e7f","2022-01-26 14:15:00.707"
"ABB","35.660","12","35.670","1","-10","35.67","9c8d9fae-a3d1-485e-9392-282c0e5e097b","2022-01-26 14:15:00.707"
"ABB","35.660","12","35.670","1","-10","35.67","11532f96-0d28-48f0-8dd9-f220a7d4dabe","2022-01-26 14:15:00.707"
"ABB","35.680","7","35.690","10","-10","35.70","873566fc-f531-4bd1-a5c2-39e9dd1d1601","2022-01-26 14:15:27.320"
"ABB","35.680","7","35.690","10","-10","35.70","df95f862-a8df-40e4-ad27-224643d94c46","2022-01-26 14:15:27.320"
"ABB","35.680","9","35.690","6","-10","35.69","d9fb13d9-7eeb-4725-82bd-7572fc37ab28","2022-01-26 14:15:31.555"
"ABB","35.680","9","35.690","6","-10","35.69","c1f87d77-ea22-4ae9-a068-8c95bcf1c18c","2022-01-26 14:15:31.555"
"ABB","35.680","9","35.690","6","-10","35.69","9f286f6b-ef88-4e65-9fbe-30e2fc71ef20","2022-01-26 14:15:31.555"
"ABB","35.680","9","35.690","6","-10","35.69","63c6d6ca-81be-47c1-8297-c700f72418e2","2022-01-26 14:15:31.555"
"ABB","35.700","9","35.710","1","-10","35.71","7df7e399-3ba3-471c-aab3-bbcc32f4cc5a","2022-01-26 14:15:40.557"
"ABB","35.700","9","35.710","1","-10","35.71","54bcc52e-1dba-4061-a621-195e0939af50","2022-01-26 14:15:40.557"
"ABB","35.690","9","35.700","2","-10","35.70","6d11d35e-49d1-43ec-b272-d83ba093c181","2022-01-26 14:15:50.725"
"ABB","35.790","3","35.800","18","10","35.75","8ae8f82e-78ce-4611-9fdf-118680dffbae","2022-01-26 14:31:43.299"
"ABB","35.770","20","35.780","21","10","35.75","64d4bb71-7a01-4997-8342-25b31f7c235b","2022-01-26 14:31:43.299"
"ABB","35.770","20","35.780","21","10","35.75","4e47066e-f521-4c66-8e17-cea3bda45261","2022-01-26 14:31:43.299"
"ABB","35.690","1","35.690","15","-10","35.69","ffe6ac65-00f4-46ef-ab2f-a31dd60845f1","2022-01-26 14:33:40.006"
"ABB","35.690","1","35.690","15","-10","35.69","c7ee755c-fb93-43e9-898b-087ed0c6b087","2022-01-26 14:33:40.006"
"ABB","35.700","1","35.700","14","-10","35.70","dcd62275-79b1-43f9-98c2-73e68798e7a9","2022-01-26 14:33:50.006"
"ABB","35.800","4","35.810","11","10","35.67","ac4f3d21-deaf-4758-b026-fa950ecad9ac","2022-01-26 14:34:23.195"
"ABB","35.590","11","35.600","19","-10","35.60","2a64ad7a-271e-42c5-a170-88dab722e434","2022-01-26 14:34:53.431"
"ABB","35.750","13","35.760","13","10","35.65","5b27508b-41e2-4601-b2b1-246a2d8d146d","2022-01-26 14:41:50.463"
"ABB","35.630","11","35.640","15","-10","35.64","4edfb971-581d-4eae-ac34-d610c7c98c4d","2022-01-26 14:42:21.094"
"ALB","212.690","1","212.940","6","2","210.76","1625a770-f651-490f-b523-e89a073bd481","2022-01-26 10:23:50.047"
"ALB","213.090","1","213.390","1","2","210.43","355cf09e-f9b2-43fa-a10a-61b2e1467fb7","2022-01-26 10:24:18.881"
"ALB","213.160","1","213.390","1","2","210.43","e0fd45fe-de55-45ba-9868-a7fedb485dfa","2022-01-26 10:24:18.881"
"ALB","212.890","1","213.390","2","2","210.43","4aed6d39-f074-4960-9494-238b9f8ed67d","2022-01-26 10:24:18.881"
"ALB","212.890","1","213.390","2","2","210.43","fb94d8b2-68a1-4739-b60f-ff8ebca2e860","2022-01-26 10:24:18.881"
"ALB","212.750","1","213.030","1","2","210.43","b6e1396f-5c6e-4589-a8f1-3d163cd1b0e5","2022-01-26 10:24:18.881"
"ALB","212.750","1","212.940","1","2","210.43","8474d149-8cae-4b6e-b6ad-13eafd6721ca","2022-01-26 10:24:18.881"
"ALB","213.940","1","214.300","1","2","210.22","15b5d65b-ef13-4625-af1d-e2168a0aa999","2022-01-26 10:24:18.881"
"ALB","213.980","5","214.300","2","2","210.22","4caf2f73-fc88-4965-a35a-f4e3c29bee73","2022-01-26 10:24:18.881"
"ALB","213.890","7","214.170","1","2","210.22","fc6b55e2-9861-4893-838c-a9381761b6b0","2022-01-26 10:24:18.881"
"ALB","214.020","1","214.160","1","2","210.22","87ab9b69-dbeb-4a5a-9c97-65a0a529057a","2022-01-26 10:24:18.881"
"ALB","213.890","7","214.160","1","2","210.22","2fd989de-da89-48ad-8db7-d407288c9209","2022-01-26 10:24:18.881"
"ALB","213.960","7","214.380","1","2","210.22","563d872e-eabc-4573-bc1c-eb5230b971e4","2022-01-26 10:24:18.881"
"ALB","213.960","7","214.400","1","2","210.22","7428f564-4fe9-4a12-9d30-b692786564ce","2022-01-26 10:24:18.881"
"ALB","210.170","1","210.550","1","-2","210.62","d6b5e0b1-5625-4c4f-89ce-7e6a7f188556","2022-01-26 10:25:13.750"
"ALB","210.170","1","210.550","1","-2","210.62","050d119d-3a8f-4cfc-9aad-3a2efb9e1830","2022-01-26 10:25:13.750"
"ALB","210.170","1","210.550","1","-2","210.62","5f83c691-6e9e-4418-bf1c-b310117397bc","2022-01-26 10:25:13.750"
"ALB","210.170","1","210.550","1","-2","210.62","34eb9a90-8c9d-4cda-8902-ed74e97f7169","2022-01-26 10:25:13.750"
"ALB","210.170","1","210.550","1","-2","210.62","d3c4f760-64c2-4c06-b03c-b482493d922a","2022-01-26 10:25:13.750"
"ALB","210.170","1","210.550","1","-2","210.62","d37a4bb3-6627-444f-90e6-412f9f795632","2022-01-26 10:25:13.750"
"ALB","210.170","1","210.550","1","-2","210.62","21bbf2ce-2dd1-42b0-89e2-51a917f1a22f","2022-01-26 10:25:13.750"
"ALB","210.040","2","210.540","1","-2","210.62","0f2d4e6d-3f60-479b-8535-99462da1920d","2022-01-26 10:25:13.750"
"ALB","210.040","2","210.540","1","-2","210.62","213d3400-b848-4065-8ca6-8386397ce5ad","2022-01-26 10:25:13.750"
"ALB","210.040","2","210.540","1","-2","210.62","ca7a176b-51d7-4435-b143-b87a99983d0c","2022-01-26 10:25:13.750"
"ALB","210.040","2","210.540","1","-2","210.62","80cfa0eb-2b91-40df-9207-e5452ef90978","2022-01-26 10:25:13.750"
"ALB","209.800","2","210.550","2","-2","210.62","a1b0f3d7-7a3a-40a2-9b59-f702562f4a15","2022-01-26 10:25:13.750"
"ALB","209.800","2","210.550","2","-2","210.62","d9923736-cd43-4b49-9f4b-42174a133e36","2022-01-26 10:25:13.750"
"ALB","210.020","1","210.720","1","-2","210.73","1c69c3bd-5f36-473e-9d04-c8f9a8aa088d","2022-01-26 10:26:19.662"
"ALB","211.540","2","212.250","1","2","209.80","aa835b46-eaab-4ed9-8330-78fe7acedfe5","2022-01-26 10:30:53.723"
"ALB","211.540","3","212.490","2","2","209.80","bf7a9c81-d721-45dd-86e9-9633e243bca1","2022-01-26 10:30:53.723"
"ALB","211.550","1","212.460","2","2","209.80","d2f23af0-8840-4121-8c60-f0ac48d77791","2022-01-26 10:30:53.723"
"ALB","211.540","3","212.440","2","2","209.80","b55257ed-9289-4312-b36d-878891bc32fa","2022-01-26 10:30:53.723"
"ALB","211.640","1","212.430","1","2","209.80","3b5ef34a-1bdf-4b61-8ea5-0ce208650f1a","2022-01-26 10:30:53.723"
"ALB","210.910","2","211.720","1","2","209.47","19584c16-0a78-4799-ae6d-11b4d2797d93","2022-01-26 10:30:53.926"
"ALB","210.910","2","211.730","2","2","209.47","0d6f3002-63be-4269-8a68-57bbb2ba2d60","2022-01-26 10:30:53.926"
"ALB","211.080","2","211.730","1","2","209.47","9eecdc66-d07d-4ed6-becc-91bb14ea81ee","2022-01-26 10:30:53.926"
"ALB","211.150","1","211.730","1","2","209.47","3cfaefda-f580-4f56-a061-9dd3a06d4721","2022-01-26 10:30:53.926"
"ALB","211.220","1","211.730","1","2","209.47","1989e69b-5924-4b14-a0c4-494e9bb80994","2022-01-26 10:30:53.926"
"ALB","213.820","1","214.150","1","2","209.47","9f4517d9-02ac-4ccb-b844-9031044db9b4","2022-01-26 10:30:53.926"
"ALB","213.820","1","214.150","1","2","209.47","654b6903-47d1-4352-af8f-05a52b01845a","2022-01-26 10:30:53.926"
"ALB","209.320","2","209.890","1","-2","209.89","f423b71e-527c-41ba-926f-b0510cb879e0","2022-01-26 10:31:27.423"
"ALB","209.320","2","209.890","1","-2","209.89","0eeb6a0d-ba97-431b-9d95-405ad4e86c20","2022-01-26 10:31:27.423"
"ALB","209.320","2","209.890","1","-2","209.89","5c804052-477c-4a44-8147-49f1290f0514","2022-01-26 10:31:27.423"
"ALB","209.320","2","209.890","1","-2","209.89","16c7f6ba-5f73-4b63-8e5f-e3cfdda8118a","2022-01-26 10:31:27.423"
"ALB","209.320","2","209.890","1","-2","209.89","0ff7c7f7-14c1-4fc7-b9df-ca700c5110d7","2022-01-26 10:31:27.423"
"ALB","209.320","2","209.890","1","-2","209.89","a59ee25e-b9fc-40a5-8de1-85be1c42b29b","2022-01-26 10:31:27.423"
"ALB","209.490","2","209.890","1","-2","209.89","ac34d16b-df9f-4c59-9c18-b4ff56492338","2022-01-26 10:31:31.589"
"ALB","209.490","2","209.890","1","-2","209.89","c55549a0-2013-4077-bbeb-732b550ac38c","2022-01-26 10:31:31.589"
"ALB","209.490","2","209.890","1","-2","209.89","4afd86b3-ec3e-453c-9214-d8c5ad8a7c93","2022-01-26 10:31:31.589"
"ALB","209.550","2","210.080","1","-2","210.08","2d128cc0-da5a-451e-8111-25fe595163ba","2022-01-26 10:32:17.691"
"ALB","209.610","1","210.150","1","-2","210.15","27f578ff-1c8a-497f-8593-8c18be7e4746","2022-01-26 10:32:45.625"
"ALB","209.500","7","210.140","2","-2","210.15","3ed77d5d-e5c0-4d00-8453-26b36bdf5d7a","2022-01-26 10:32:45.625"
"ALB","210.530","1","211.030","1","2","211.03","283166aa-c8e9-4307-81df-e7f5196b20aa","2022-01-26 10:38:10.006"
"ALB","209.670","2","210.360","2","-2","210.36","40115a25-39dc-4a27-98c1-65948a58b99e","2022-01-26 10:41:49.437"
"ALB","210.370","1","210.940","2","2","209.03","e767c597-fbe7-41dd-8b5d-d0496c02a9ae","2022-01-26 10:44:23.549"
"ALB","209.400","1","209.820","2","-2","209.82","d2b70868-b6bd-4efa-b3f4-40dcf0ed3c87","2022-01-26 10:46:03.155"
"ALB","208.650","2","209.330","2","2","209.33","2c9879f3-9f1f-47e9-963c-ac6c769448ef","2022-01-26 10:59:50.006"
"ALB","207.960","2","208.560","1","-2","208.57","681d5ee4-8497-4a43-8ef9-50834874fdb3","2022-01-26 11:03:55.763"
"ALB","210.310","1","210.710","2","2","209.81","a05d6f1e-d0df-4339-9de3-8e797aca9ffd","2022-01-26 11:33:41.172"
"ALB","210.040","1","210.360","1","2","209.81","a306cff2-ae77-4ecb-8fdf-c13e1a988c27","2022-01-26 11:33:41.172"
"ALB","210.040","1","210.360","1","2","209.81","b50c0f2f-a6eb-42b4-acb9-de24734597bc","2022-01-26 11:33:41.172"
"ALB","210.040","1","210.310","2","2","209.81","df4fd066-3f92-474e-9cc0-f626e7e26eea","2022-01-26 11:33:41.172"
"ALB","210.650","1","211.100","2","2","209.44","023e27ed-be01-4681-9f6e-706ab25073ed","2022-01-26 11:34:06.478"
"ALB","210.700","1","211.100","2","2","209.44","1e4c1532-528d-45e4-92bf-658f5a6bb133","2022-01-26 11:34:06.478"
"ALB","210.700","1","211.100","2","2","209.44","854d781e-d22f-4875-af74-65365b703e95","2022-01-26 11:34:06.478"
"ALB","210.550","2","210.950","1","2","209.44","f98e7f79-1681-4517-887e-0be6a8fb0281","2022-01-26 11:34:06.478"
"ALB","210.550","2","211.100","2","2","209.44","066c07c7-7eb7-4d22-8c10-2ae1648c962d","2022-01-26 11:34:06.478"
"ALB","210.530","1","211.100","2","2","209.44","ecb88df5-6ed3-4190-a436-4a904e83da28","2022-01-26 11:34:06.478"
"ALB","209.060","2","209.590","1","-2","209.62","d9382803-ceed-4ab2-ba1d-06793ef7c80e","2022-01-26 11:34:38.933"
"ALB","209.060","2","209.590","1","-2","209.62","360c3b88-0f92-4963-96d7-c9abb979421e","2022-01-26 11:34:38.933"
"ALB","209.060","2","209.590","1","-2","209.62","2f8f31f6-e0e2-40f9-9d59-94deb0e7a5bc","2022-01-26 11:34:38.933"
"ALB","209.060","2","209.590","1","-2","209.62","fcf7f220-0d77-48af-8581-5cb732dc1497","2022-01-26 11:34:38.933"
"ALB","209.060","2","209.590","1","-2","209.62","b9052eb8-aa35-46ae-8673-a3befd79a41c","2022-01-26 11:34:38.933"
"ALB","209.550","1","209.860","1","-2","209.86","4695bb9c-612b-464e-819f-68fe7644b558","2022-01-26 11:35:12.945"
"ALB","209.550","1","209.860","1","-2","209.86","0a2e7ea7-1304-4df7-90c5-0799965f1a3c","2022-01-26 11:35:12.945"
"ALB","209.610","1","209.860","1","-2","209.86","9cb407d2-a06f-47d4-bb9f-3177c1e94392","2022-01-26 11:35:33.561"
"ALB","209.160","1","209.610","1","-2","209.63","20ce1c81-8d50-4c83-8329-d732fc6e4dd2","2022-01-26 11:36:11.019"
"ALB","209.550","2","209.930","2","-2","209.95","0247eb2c-45c7-4e20-a1b2-90a329355edf","2022-01-26 11:40:00.545"
"ALB","210.420","1","210.640","3","2","210.42","04efac4a-6e84-44c4-94d4-3f6cf1a5fc95","2022-01-26 11:41:47.131"
"ALB","209.620","1","209.980","1","-2","209.98","b204a28f-d427-4f9e-b116-3471b06f4178","2022-01-26 11:50:37.457"
"ALB","211.530","1","211.760","1","2","210.72","bf89a17d-6b9a-4c00-8339-7830792f48b2","2022-01-26 12:23:48.328"
"ALB","211.540","1","211.660","1","2","210.72","3ae182b4-7a71-4ea6-978d-fbc6b236db18","2022-01-26 12:23:48.328"
"ALB","211.280","1","211.540","1","2","210.72","8df6f611-bab6-4c1e-8709-0a1d79417afa","2022-01-26 12:23:48.328"
"ALB","211.320","1","211.550","1","2","210.72","5b7586ff-5b06-48c8-b508-4c4f00d11432","2022-01-26 12:23:48.328"
"ALB","210.580","1","210.750","1","-2","210.75","b64f853c-09b3-4fe5-86ea-98ec9f07511c","2022-01-26 12:25:00.890"
"ALB","210.580","1","210.750","1","-2","210.75","01864102-d2a1-406b-9dc8-290b90269d37","2022-01-26 12:25:00.890"
"ALB","210.340","2","210.740","1","-2","210.75","300cc228-ced0-4654-a01b-d85b82f367c8","2022-01-26 12:25:00.890"
"ALB","210.590","1","210.830","1","-2","210.83","a952b726-cadb-4487-bb30-f92ec31709ee","2022-01-26 12:25:04.782"
"ALB","212.820","2","213.110","1","2","212.51","7a794a36-ebfd-4dbf-9670-fc702c4eb86a","2022-01-26 12:57:18.510"
"ALB","212.820","2","213.110","1","2","212.51","05bce116-8e0e-479e-87e4-52d7d9ee5f65","2022-01-26 12:57:18.510"
"ALB","212.830","1","213.110","5","2","212.51","02e885bb-9ce1-4bc2-be9d-4d1f184768f8","2022-01-26 12:57:18.510"
"ALB","212.890","1","213.180","1","2","212.02","61281695-7261-4482-836a-05bab7dde3c6","2022-01-26 13:01:13.778"
"ALB","213.000","1","213.240","1","2","211.49","5243088b-8977-4310-aa7b-3a3bd19fabd6","2022-01-26 13:01:45.520"
"ALB","213.000","2","213.240","1","2","211.49","2934cbe6-bc05-4c61-bb1e-2ccc4838e7f7","2022-01-26 13:01:45.520"
"ALB","211.180","2","211.640","1","-2","211.64","0a71f6a2-fcca-4f21-8a9e-ba89b1aaf91f","2022-01-26 13:01:57.118"
"ALB","211.180","2","211.640","1","-2","211.64","c4b495dc-e0bd-413f-86f5-8d0d58df1115","2022-01-26 13:01:57.118"
"ALB","213.000","1","213.400","2","2","211.32","25774a1a-891f-44ef-b3c8-df4f45eb4187","2022-01-26 13:03:01.085"
"ALB","212.820","4","213.320","10","2","211.32","1efb4046-c32f-47e6-b2d8-b83004e2b385","2022-01-26 13:03:01.085"
"ALB","213.000","1","213.260","8","2","211.32","237aa1e7-801d-4039-afa8-4f693bbe6653","2022-01-26 13:03:01.085"
"ALB","213.020","1","213.500","15","2","211.32","89ebc1f9-7369-47ea-97f5-41826c488f1d","2022-01-26 13:03:01.085"
"ALB","213.020","1","213.440","11","2","211.32","8ed7344b-ba41-4859-8ecf-5011cac0a73f","2022-01-26 13:03:01.085"
"ALB","212.860","1","213.090","1","2","211.32","4fb55902-c8ba-48c0-bbce-ed788544b798","2022-01-26 13:03:01.085"
"ALB","213.030","1","213.350","2","2","211.32","26ede07c-dc3e-4b35-af91-e73d330fcff5","2022-01-26 13:03:01.085"
"ALB","210.840","3","211.150","1","-2","211.30","9bde234d-6790-43ef-a360-e925e78996ff","2022-01-26 13:04:01.912"
"ALB","210.840","3","211.150","1","-2","211.30","69be5328-6985-4e51-ac90-63fb7ee2d617","2022-01-26 13:04:01.912"
"ALB","210.840","3","211.150","1","-2","211.30","01e44517-82d6-48fe-a531-3accfe3d0763","2022-01-26 13:04:01.912"
"ALB","210.980","1","211.350","1","-2","211.36","eab8a464-b9cf-458d-b377-82e70e72d1d5","2022-01-26 13:04:25.034"
"ALB","210.980","1","211.350","1","-2","211.36","4c2236de-6bae-43d3-b860-41a10c0d67ea","2022-01-26 13:04:25.034"
"ALB","210.910","2","211.360","1","-2","211.36","aed84ec9-f8cd-4aee-98d2-8cb2617fe209","2022-01-26 13:06:48.572"
"ALB","210.910","2","211.360","1","-2","211.36","fdeacb27-8f2a-433f-ae8f-e10bd3c7db9e","2022-01-26 13:06:48.572"
"ALB","210.910","2","211.360","1","-2","211.36","24af7272-3546-4afa-a813-158b55a83da4","2022-01-26 13:06:48.572"
"ALB","211.020","3","211.380","1","-2","211.38","39762fe7-2538-437f-b585-7d6dd8ed3796","2022-01-26 13:07:12.104"
"ALB","211.070","1","211.510","2","-2","211.67","e6d85428-e8a8-46c4-ac21-2f4ec8afdea1","2022-01-26 13:08:03.326"
"ALB","211.320","2","211.700","2","-2","211.70","21c4527e-d3df-4864-b64d-b64637e50620","2022-01-26 13:09:43.985"
"ALB","211.490","1","212.060","3","2","212.06","93f27d04-7136-4ba9-a032-39d1dd7a1bbd","2022-01-26 13:12:00.006"
"ALB","211.850","1","212.180","1","-2","212.31","cf4810fc-618f-4132-87fb-dc141f9660f1","2022-01-26 13:21:20.388"
"ALB","211.400","1","211.910","2","2","211.40","d1326d01-1ac4-4f54-b42f-6b0a42022fb9","2022-01-26 13:33:11.181"
"ALB","211.400","1","211.910","2","2","211.40","099b1932-1087-458f-873e-13a654c6a15f","2022-01-26 13:33:11.181"
"ALB","212.060","1","212.340","8","2","211.11","b4bb5510-48ff-4277-a9f9-8e0c11478a08","2022-01-26 13:34:00.844"
"ALB","211.790","2","212.050","1","2","211.06","5ca96a99-f2b5-4840-a761-12b749e11829","2022-01-26 13:34:12.006"
"ALB","211.710","1","212.250","2","2","211.01","341f2ded-e8fd-48ac-a776-30dc8454e546","2022-01-26 13:34:15.162"
"ALB","211.900","2","212.230","1","2","211.01","d3a78989-e4bc-408a-b1c4-36e06b837dcc","2022-01-26 13:34:15.162"
"ALB","211.900","2","212.230","1","2","211.01","3579478c-fef0-4ba3-bd93-700821ee946a","2022-01-26 13:34:15.162"
"ALB","211.980","1","212.290","1","2","211.01","4b844b60-5581-4711-a818-ecb19083e6e6","2022-01-26 13:34:15.162"
"ALB","211.960","2","212.250","1","2","211.01","83dbd63d-4f56-4654-995f-c9c1b49b3008","2022-01-26 13:34:15.162"
"ALB","212.080","1","212.320","1","2","211.01","a4a10687-a9b7-4257-92f0-77377c3b1d4e","2022-01-26 13:34:15.162"
"ALB","212.080","1","212.320","2","2","211.01","91cb7a04-f7dd-454b-8a1b-209e837f2317","2022-01-26 13:34:15.162"
"ALB","212.090","1","212.320","2","2","211.01","334ccb7e-5684-4ace-b429-0fe1a44f77f1","2022-01-26 13:34:15.162"
"ALB","212.090","1","212.320","2","2","211.01","0448b89d-2171-451e-8b73-44d9223c198a","2022-01-26 13:34:15.162"
"ALB","211.870","1","212.160","2","2","211.01","4427258b-f721-42a7-8e3d-a82f0bfbdc03","2022-01-26 13:34:15.162"
"ALB","211.970","1","212.340","8","2","211.01","15298b8e-3245-4cd3-b0e9-c4dbb3223791","2022-01-26 13:34:15.162"
"ALB","212.050","2","212.340","8","2","211.01","3b5509c3-b716-439f-8660-7a01cbb49cea","2022-01-26 13:34:15.162"
"ALB","212.060","1","212.340","8","2","211.01","344ed3b7-3e91-478c-80f6-d27f785166d3","2022-01-26 13:34:15.162"
"ALB","210.850","2","211.270","1","-2","211.32","830c9306-f6b7-4c36-8816-6adbccaa57ab","2022-01-26 13:35:06.264"
"ALB","210.850","2","211.270","1","-2","211.32","8240b42d-66ba-46f4-9fc3-7712896cbc10","2022-01-26 13:35:06.264"
"ALB","210.850","2","211.270","1","-2","211.32","aec6968d-f748-40a0-b4ce-752cf087d36b","2022-01-26 13:35:06.264"
"ALB","210.850","2","211.270","1","-2","211.32","47084a65-4e0a-41a9-9109-da9e608d15cf","2022-01-26 13:35:06.264"
"ALB","210.850","2","211.270","1","-2","211.32","2fc33aa3-aacf-40ba-80a8-41d1be2c4248","2022-01-26 13:35:06.264"
"ALB","210.850","2","211.270","1","-2","211.32","40aef1ce-c8e0-42c0-a159-4d36fcc437d1","2022-01-26 13:35:06.264"
"ALB","210.850","2","211.270","1","-2","211.32","e1440f41-62b1-4853-b28e-5a7f08e0ac1e","2022-01-26 13:35:06.264"
"ALB","210.850","2","211.270","1","-2","211.32","5dc6ae2e-aa01-433c-9786-0830e027c5e4","2022-01-26 13:35:06.264"
"ALB","210.850","2","211.270","1","-2","211.32","5db4c1fb-c04b-455d-8de8-938a8866af6b","2022-01-26 13:35:06.264"
"ALB","211.220","1","211.590","1","-2","211.59","a037f29b-e135-4724-9149-d127f85f63b9","2022-01-26 13:35:42.315"
"ALB","211.220","1","211.590","1","-2","211.59","a86a155d-1c4e-4446-b74d-32a864b7e914","2022-01-26 13:35:42.315"
"ALB","211.220","1","211.590","1","-2","211.59","f826a7f8-e816-4f87-b482-e2e7ef429284","2022-01-26 13:35:42.315"
"ALB","210.830","2","211.320","1","-2","211.41","97432e73-7e49-49da-8767-082c5c019efa","2022-01-26 13:36:14.303"
"ALB","210.830","2","211.320","1","-2","211.41","f2c01522-23b7-4c3f-af57-087a3b37d3b6","2022-01-26 13:36:14.303"
"ALB","211.020","1","211.330","1","-2","211.36","6453f421-a817-46b0-af7c-43e199fd2a3e","2022-01-26 13:36:58.070"
"ALB","211.020","1","211.380","2","-2","211.42","cef28e73-7e24-4299-8d99-861fea1c7f8d","2022-01-26 13:37:32.780"
"ALB","211.000","2","211.390","1","-2","211.39","819d6c9b-cb8e-4fb9-9f70-560075b766ec","2022-01-26 13:40:01.570"
"ALB","212.170","1","213.150","3","2","211.17","e051524d-d502-43b3-8a44-7e8bdcabedeb","2022-01-26 14:00:56.344"
"ALB","212.200","2","213.000","2","2","211.17","4d710567-bb0f-47de-9125-49c4814c0af4","2022-01-26 14:00:56.344"
"ALB","211.800","1","212.040","2","2","210.94","811d9a00-e7bd-4c00-91b8-82e4f741e105","2022-01-26 14:00:56.345"
"ALB","211.780","1","212.040","2","2","210.94","bdbe199e-ed61-4258-9f19-4cc693c46b76","2022-01-26 14:00:56.345"
"ALB","211.730","1","212.030","1","2","210.94","866f1298-10ec-4e80-aa6c-8f3ba4d42b0a","2022-01-26 14:00:56.345"
"ALB","211.810","1","211.970","1","2","210.94","792727db-3fd3-4142-a42a-dfdcd9964241","2022-01-26 14:00:56.345"
"ALB","211.850","3","212.190","1","2","210.87","c8ba3d43-bfb0-4637-82cf-e044aea1b76a","2022-01-26 14:00:56.346"
"ALB","211.980","1","212.230","1","2","210.87","35b95432-f62c-40e2-a834-9c3d74c3c06b","2022-01-26 14:00:56.346"
"ALB","211.860","1","212.230","2","2","210.87","8695af4c-3e79-4218-922f-b28c9f7979e3","2022-01-26 14:00:56.346"
"ALB","211.760","1","211.960","1","2","210.87","3c4cfe89-239e-4e34-91a0-c8f1c727fa00","2022-01-26 14:00:56.346"
"ALB","211.600","2","212.200","2","2","210.87","77de6c85-56c4-426d-8e5e-05940fbee822","2022-01-26 14:00:56.346"
"ALB","211.610","2","212.190","1","2","210.87","b2f1df40-35fd-4442-847e-07b64eb7fb67","2022-01-26 14:00:56.346"
"ALB","211.490","3","212.510","2","-2","212.53","55910e71-5f7c-45a2-b52f-1113f2e5db08","2022-01-26 14:01:37.184"
"ALB","211.490","3","212.510","2","-2","212.53","9202fd1d-925c-4f81-bbc5-470aa00e01b2","2022-01-26 14:01:37.184"
"ALB","211.490","3","212.510","2","-2","212.53","ae549997-94a5-4f7f-b1f5-3bea8c28105e","2022-01-26 14:01:37.184"
"ALB","211.490","3","212.510","2","-2","212.53","27bf2844-3e90-4edb-80ad-88bbbe5e90b7","2022-01-26 14:01:37.184"
"ALB","211.490","3","212.510","2","-2","212.53","7404d850-4057-48a8-a53c-f5673932784d","2022-01-26 14:01:37.184"
"ALB","212.150","3","213.030","1","-2","213.03","847d6fb6-43b1-4cbe-8761-f37a48618796","2022-01-26 14:02:12.807"
"ALB","212.150","3","213.030","1","-2","213.03","3923aefa-f0c4-47c2-9ec1-25e15a6983a6","2022-01-26 14:02:12.807"
"ALB","212.940","2","213.800","1","-2","213.84","23a41400-03e0-43b1-a90a-e4240858339e","2022-01-26 14:02:28.437"
"ALB","212.940","2","213.800","1","-2","213.84","7908d72e-de4c-48dd-9402-70c86ce2f666","2022-01-26 14:02:28.437"
"ALB","212.940","2","213.800","1","-2","213.84","70a986e6-810f-4bec-bb51-1b996d933568","2022-01-26 14:02:28.437"
"ALB","212.560","2","213.460","3","-2","213.80","d42120bb-389a-404c-a4f0-afa4c2b05437","2022-01-26 14:03:38.348"
"ALB","212.160","3","212.720","1","-2","212.72","4a23d732-e9e0-4f12-88c8-9007c39b992b","2022-01-26 14:10:00.960"
"ALB","212.050","1","212.800","2","2","211.60","0ce1832f-b82e-4e8b-957d-f6dafb9e7446","2022-01-26 14:13:56.387"
"ALB","212.860","1","213.540","1","2","211.18","fdbb72c3-caa0-4654-82b9-d9f9fe26a4e5","2022-01-26 14:13:56.394"
"ALB","212.570","2","213.140","2","2","211.18","12b19071-3793-430e-bbdb-1b7b61aafbd1","2022-01-26 14:13:56.394"
"ALB","212.570","2","213.350","2","2","211.18","29949b9b-9819-4e55-a832-93c49c8010d8","2022-01-26 14:13:56.394"
"ALB","212.570","2","213.350","2","2","211.18","b0503ac6-d08c-46fc-b528-ab70425d4ce1","2022-01-26 14:13:56.394"
"ALB","212.300","1","213.040","6","2","211.18","cc0e839d-d6da-4d0c-8ed9-fe6c2380342b","2022-01-26 14:13:56.394"
"ALB","212.130","1","212.750","1","2","211.18","5905c347-6538-42da-a3b1-ac67ecbc366f","2022-01-26 14:13:56.394"
"ALB","211.850","2","212.540","2","2","211.18","b475c9a4-c4ea-407f-b5ad-b127216bbaf6","2022-01-26 14:13:56.394"
"ALB","211.850","2","212.540","2","2","211.18","349440e6-257d-4317-889e-0615c3a8cf04","2022-01-26 14:13:56.394"
"ALB","211.190","2","212.090","2","2","211.18","5f1d0484-2a65-4c38-9acc-3cee0c3813c5","2022-01-26 14:13:56.394"
"ALB","209.920","1","210.280","2","-2","210.31","65fe2d89-d62c-4d52-8372-09ae52a54be1","2022-01-26 14:14:54.673"
"ALB","209.920","1","210.280","2","-2","210.31","1eee1eb0-dc73-44fd-80cc-f7b850664273","2022-01-26 14:14:54.673"
"ALB","209.920","1","210.280","2","-2","210.31","9af92dae-fa6d-4374-94f1-3cb54b95940b","2022-01-26 14:14:54.673"
"ALB","209.920","1","210.280","2","-2","210.31","92d3d733-26c4-4a7c-b155-bf184031e969","2022-01-26 14:14:54.673"
"ALB","210.400","1","210.960","1","-2","210.96","cc86bbab-ca5b-4198-ace8-d61f6d314856","2022-01-26 14:15:43.082"
"ALB","210.400","1","210.960","1","-2","210.96","738fff1f-af83-44e9-bc5b-3c5c9df04b90","2022-01-26 14:15:43.082"
"ALB","209.880","1","210.420","1","-2","210.51","db97d46e-af0b-42b2-950c-e68f58855c4e","2022-01-26 14:16:50.191"
"ALB","209.880","1","210.420","1","-2","210.51","c08c6807-820a-46ae-b3e3-b6d80db0c434","2022-01-26 14:16:50.191"
"ALB","210.080","2","210.850","2","-2","210.85","91757269-85ae-4fad-aa6d-10464edbbe53","2022-01-26 14:17:42.239"
"ALB","210.140","2","211.000","2","-2","211.00","b1675d95-00aa-4027-9dfd-c0b7dc4479ba","2022-01-26 14:18:10.252"
"ALB","211.510","2","212.110","2","2","211.11","d9eb0bfc-0031-4c7f-ae87-a3e01928d70f","2022-01-26 14:32:27.113"
"ALB","211.580","1","212.070","2","2","211.11","3ecc7303-de6b-446d-8bb5-5214187a28da","2022-01-26 14:32:27.113"
"ALB","211.590","2","212.110","2","2","211.11","8937de58-2c43-4ee4-94f2-8a1d9125c273","2022-01-26 14:32:27.113"
"ALB","211.610","2","212.110","2","2","211.11","711881a1-4233-4687-9177-48c38fc2d825","2022-01-26 14:32:27.113"
"ALB","210.530","2","211.080","1","-2","211.11","1f7d3d76-af29-44e6-9b57-e53f8b720e8d","2022-01-26 14:33:52.607"
"ALB","210.610","2","211.150","1","-2","211.22","533423c1-47c6-46c9-92db-7c9053dfabc4","2022-01-26 14:33:59.644"
"ALB","212.000","1","212.610","2","2","210.40","a6e9891c-55f9-4831-928f-9cbc5cfdb5a3","2022-01-26 14:34:23.921"
"ALB","209.170","2","209.990","1","-2","210.00","20af5641-d507-4025-82cb-104558153a96","2022-01-26 14:35:02.018"
"ALB","209.120","2","210.130","2","-2","210.13","eba6cfc0-17a9-4c33-a8e4-f3232c69db5e","2022-01-26 14:35:10.702"
"ALB","209.120","2","210.130","2","-2","210.13","193615fc-ed3c-4625-9417-f2f0ed4dc2a2","2022-01-26 14:35:10.702"
"ALB","209.780","1","210.110","1","2","208.63","50bda60b-b331-4593-a095-0ea50e4094c3","2022-01-26 14:45:10.516"
"ALB","209.790","2","210.230","1","2","208.63","dc8eabb3-405b-435e-87cd-bbef1a7d4ecf","2022-01-26 14:45:10.516"
"ALB","209.750","1","210.210","2","2","208.63","e93a220a-16df-42c1-bbec-877dca78a63b","2022-01-26 14:45:10.516"
"ALB","209.590","1","210.020","1","2","208.39","24e5ae34-a418-417e-b52a-28fbae1c6e2c","2022-01-26 14:45:17.646"
"ALB","209.640","1","210.020","1","2","208.39","2edc2c76-c80d-45dc-bbbc-8b2a656e00cb","2022-01-26 14:45:17.646"
"ALB","209.660","2","210.010","1","2","208.39","598b4233-1fde-46b7-8ef1-9837391e52b6","2022-01-26 14:45:17.646"
"ALB","210.270","2","210.750","2","2","208.39","e62cd5b7-547a-4b3a-b434-7e95dd440089","2022-01-26 14:45:17.646"
"ALB","210.370","1","210.690","1","2","208.39","a4d19b28-b8c1-4855-bf7c-d0b0b9a16ccb","2022-01-26 14:45:17.646"
"ALB","210.330","1","210.710","1","2","208.00","e81164c6-be2f-470a-95d8-27d0789bf952","2022-01-26 14:45:29.648"
"ALB","210.220","1","210.640","3","2","208.00","176b8e0c-a192-4236-b290-f1ad3c3bccea","2022-01-26 14:45:29.648"
"ALB","207.810","1","208.450","1","-2","208.69","ec9a4424-a656-44e6-865b-940310fb27a6","2022-01-26 14:45:35.065"
"ALB","207.810","1","208.450","1","-2","208.69","51698749-01c7-4a4b-b678-d31f14bfad0c","2022-01-26 14:45:35.065"
"ALB","207.810","1","208.450","1","-2","208.69","0d414756-9d31-4b9b-be76-3fa0b5f701ba","2022-01-26 14:45:35.065"
"ALB","207.810","1","208.450","1","-2","208.69","4d040f2c-0286-47ee-9aff-2f8b9c1e1dfc","2022-01-26 14:45:35.065"
"ALB","210.170","1","210.450","1","2","207.71","9e4c8a0a-87fd-4792-9530-30f5d81b8554","2022-01-26 14:46:12.839"
"ALB","207.190","1","207.720","2","-2","207.72","04e45f70-9a32-49e1-adc4-a632262c7aa6","2022-01-26 14:46:48.106"
"ALB","207.190","1","207.720","2","-2","207.72","d8ee40de-3ab8-462c-be6b-dae89c0080da","2022-01-26 14:46:48.106"
"ALB","206.800","1","207.360","2","-2","207.36","4fa89336-d76e-4052-87c7-179c9b2fd29b","2022-01-26 14:47:50.335"
"ALB","206.800","1","207.360","2","-2","207.36","44d9dd1c-ac25-40ac-87c0-946d98a3ca97","2022-01-26 14:47:50.335"
"ALB","206.800","1","207.360","2","-2","207.36","a1547a9a-99c8-4af7-a0a5-5d366fc8ae36","2022-01-26 14:47:50.335"
"ALB","206.320","2","206.930","2","-2","206.96","e1ff0d4c-f0fe-4395-b27e-5ba401b2efef","2022-01-26 14:49:07.372"
"ALB","206.590","2","207.650","1","-2","207.68","47adcfbc-6b66-489b-92b4-facee3ab1679","2022-01-26 14:51:27.327"
"ALB","204.490","1","205.270","2","2","205.27","47c00e81-c074-4e32-9bbe-c65b3b31542f","2022-01-26 15:15:30.006"
"ALB","203.440","1","203.950","1","-2","203.96","33f93661-ab30-4622-aeb6-f99c2d10e279","2022-01-26 15:27:05.469"
"ALC","75.580","7","75.640","7","5","75.38","aacd9dbf-27b9-4e09-9710-9af4bb8b1feb","2022-01-26 10:25:17.783"
