"Symbol","Bid","Bid Sz","Ask","Ask Sz","Shares","Price","Order ID","Timestamp"
"AA","58.130","3","58.170","1","6","58.17","9bfda8b7-17ff-4a23-abcc-dce75ccc2244","2022-02-02 09:53:30.006"
"AA","58.070","5","58.100","1","-6","58.11","f93076e3-5dc5-4068-a06c-fd05dd6c9145","2022-02-02 09:54:50.266"
"AA","57.680","3","57.720","1","6","57.72","2c849bea-88f6-43b2-92af-10fcf79d4d58","2022-02-02 10:07:20.006"
"AA","57.790","1","57.810","1","-6","57.82","e030020c-416c-4521-91cb-e6577657870d","2022-02-02 10:09:16.848"
"AA","57.770","2","57.810","3","6","57.60","53d82fa3-1869-4475-9b19-16aed9328bdf","2022-02-02 10:17:33.598"
"AA","57.710","3","57.770","8","6","57.60","08c2288c-3a42-48c7-879a-b97ef63631ff","2022-02-02 10:17:33.598"
"AA","57.670","1","57.710","2","6","57.60","6eef2884-119a-498f-86bf-505c15d9e1ec","2022-02-02 10:17:33.598"
"AA","57.520","5","57.550","1","-6","57.55","f30943c5-0e90-4a40-b9c1-779d05eb9d1f","2022-02-02 10:18:00.994"
"AA","57.550","1","57.580","1","-6","57.58","2cf6986d-1387-4c50-97e2-06bddb8a22b5","2022-02-02 10:18:10.282"
"AA","57.560","5","57.620","2","-6","57.62","dea07b37-7894-4249-bbff-3fc935d410bc","2022-02-02 10:18:40.342"
"AA","57.650","1","57.670","1","6","57.40","0e50d812-8175-4344-b4cf-cf222e3f6dd8","2022-02-02 10:35:16.135"
"AA","57.620","6","57.670","1","6","57.40","7ac4d7b0-6034-4728-871e-bcbe2ee8e7c5","2022-02-02 10:35:16.135"
"AA","57.610","3","57.660","6","6","57.40","aaa68591-4d57-451c-bd0a-19f3b74466a7","2022-02-02 10:35:16.135"
"AA","57.620","1","57.640","1","6","57.40","a811183b-3d50-4b46-ad27-336daf9f21ad","2022-02-02 10:35:16.135"
"AA","57.680","3","57.730","1","6","57.40","8bbf409d-a92e-44e3-b377-74684c5e4d61","2022-02-02 10:35:16.135"
"AA","57.340","5","57.370","1","-6","57.37","4b2138e9-a752-4a43-bf57-84dbe5ff0006","2022-02-02 10:35:48.419"
"AA","57.340","5","57.370","1","-6","57.37","500c2a06-e2ba-4c3f-a86a-005f19a582dc","2022-02-02 10:35:48.419"
"AA","57.340","5","57.370","1","-6","57.37","5e46ffb0-2731-4b71-a373-c3e9106aab8b","2022-02-02 10:35:48.419"
"AA","57.340","4","57.370","8","-6","57.37","7fc31cf4-5139-4ee4-afa8-4f9957207334","2022-02-02 10:36:01.815"
"AA","57.340","3","57.370","9","-6","57.37","f21d068d-1406-40cb-9c28-987c80597b16","2022-02-02 10:36:01.815"
"AA","58.120","1","58.160","1","6","57.64","b4ca65cd-afeb-4952-a5f0-89da71ee471e","2022-02-02 11:15:42.656"
"AA","58.130","1","58.180","1","6","57.64","ea8b5a96-f15d-4311-a317-88764bce9e1f","2022-02-02 11:15:42.656"
"AA","58.140","1","58.180","1","6","57.64","cdfc2966-f51f-4c7e-b077-b46e37d821de","2022-02-02 11:15:42.656"
"AA","58.160","3","58.200","1","6","57.64","8529b868-9227-4e5f-82e8-459c7db1f8f3","2022-02-02 11:15:42.656"
"AA","58.110","1","58.150","1","6","57.64","9b39d110-40ec-41cc-a3bd-b098f1ae7d96","2022-02-02 11:15:42.656"
"AA","57.600","1","57.650","5","-6","57.65","5e453350-ffb5-4a4c-b30d-c62ca143ef05","2022-02-02 11:16:04.389"
"AA","57.600","1","57.650","5","-6","57.65","de84efeb-f08b-4b34-9401-c4c1e9e768b0","2022-02-02 11:16:04.389"
"AA","57.600","1","57.650","5","-6","57.65","31722999-99f5-4a62-87e2-d90fa0e3f403","2022-02-02 11:16:04.389"
"AA","57.660","1","57.700","8","-6","57.70","cf354454-dc3a-405d-bc72-ccc0add47263","2022-02-02 11:16:17.894"
"AA","57.680","1","57.700","9","-6","57.70","9a0c319b-c482-4a23-9ddd-65803700c487","2022-02-02 11:16:27.598"
"AA","57.680","6","57.720","2","6","57.72","68488b10-4d14-4d6d-bf5c-f0e532241fbc","2022-02-02 11:21:50.006"
"AA","57.650","2","57.680","1","-6","57.68","9905cb6a-920f-4641-aac8-11a6f7bc2570","2022-02-02 11:22:57.663"
"AA","57.780","2","57.830","1","6","57.50","fd3e1d33-2895-49bf-aede-b987431665ca","2022-02-02 11:31:47.961"
"AA","57.790","1","57.820","2","6","57.50","50a6b424-4504-4a9d-a430-845de9ddc395","2022-02-02 11:31:47.961"
"AA","57.830","3","57.870","1","6","57.50","13e9d389-3044-425b-8192-c7445d4e82aa","2022-02-02 11:31:47.961"
"AA","58.010","1","58.050","1","6","57.50","91298b01-9c89-460c-a604-9c7a8d9aaefa","2022-02-02 11:31:47.961"
"AA","58.150","1","58.190","1","6","57.50","5d6c4166-b048-41e2-8030-01ad66529241","2022-02-02 11:31:47.961"
"AA","58.180","1","58.220","5","6","57.50","69844267-a0c9-47db-84e3-c8a8fdc1ac28","2022-02-02 11:31:47.961"
"AA","58.270","1","58.310","1","6","57.50","5dbcc3d0-378e-4c6c-9591-3f74450fd41b","2022-02-02 11:31:47.961"
"AA","58.250","15","58.300","6","6","57.50","71a89ac8-80ff-4f27-952e-9f2fd27bf314","2022-02-02 11:31:47.961"
"AA","58.250","15","58.290","5","6","57.50","e4715f41-9bec-402d-86b5-e2f264e76c65","2022-02-02 11:31:47.961"
"AA","58.250","15","58.300","1","6","57.50","faf4040e-f5a3-4cff-8ac8-151668d04efe","2022-02-02 11:31:47.961"
"AA","58.250","15","58.300","1","6","57.50","7773d426-d971-4054-b2fb-4f5642512b9d","2022-02-02 11:31:47.961"
"AA","57.510","1","57.530","1","-6","57.53","0a87e898-6f75-45a7-906b-4522da8f6c6f","2022-02-02 11:32:01.195"
"AA","57.510","1","57.530","1","-6","57.53","bcae276e-766f-4a06-9c87-32320159c00a","2022-02-02 11:32:01.195"
"AA","57.510","1","57.530","1","-6","57.53","7031ef5f-123b-45cc-81a7-8a733e72d593","2022-02-02 11:32:01.195"
"AA","57.510","1","57.530","1","-6","57.53","fd14f212-492e-4c3b-922c-7a58e0853864","2022-02-02 11:32:01.195"
"AA","57.510","1","57.530","1","-6","57.53","b5034f07-a8c9-4cce-92de-b0c52d48db05","2022-02-02 11:32:01.195"
"AA","57.510","1","57.530","1","-6","57.53","dde04789-a95d-4853-81c3-0f29c3b2a817","2022-02-02 11:32:01.195"
"AA","57.520","1","57.550","1","-6","57.55","14daaf37-94f6-4432-8c55-f5735cccfd62","2022-02-02 11:32:40.463"
"AA","57.480","1","57.510","6","-6","57.51","15e6f33d-8418-4802-942d-92fb8b266d12","2022-02-02 11:32:58.779"
"AA","57.480","1","57.510","6","-6","57.51","84557a8d-ee40-4cc4-83e9-8b37726d1940","2022-02-02 11:32:58.779"
"AA","57.480","3","57.510","1","-6","57.51","1d558dc5-fba4-47c0-84b4-656f191b8720","2022-02-02 11:33:05.818"
"AA","57.510","1","57.540","1","-6","57.54","45ce7af9-d6f3-4e9b-93a0-4a740ed9f84b","2022-02-02 11:33:27.507"
"AA","58.150","1","58.180","1","6","57.43","cc161f83-20a3-46ec-986a-17dd37566e94","2022-02-02 11:34:06.230"
"AA","58.130","2","58.140","1","6","57.43","853e7e0a-09d7-4de4-9ff7-9838059f85d1","2022-02-02 11:34:06.230"
"AA","58.160","3","58.200","2","6","57.43","51b88379-b4a6-4fd4-a6b6-868c29b4f75e","2022-02-02 11:34:06.230"
"AA","58.160","1","58.200","1","6","57.43","034863f0-fc3d-484a-b76a-caa784a7c6c8","2022-02-02 11:34:06.230"
"AA","57.420","3","57.450","2","-6","57.45","4869ded9-508f-4936-9842-e5cef895796a","2022-02-02 11:34:42.433"
"AA","57.420","3","57.450","2","-6","57.45","4573b976-8c28-4f2b-8eb6-03c632d723c0","2022-02-02 11:34:42.433"
"AA","57.400","6","57.440","1","-6","57.44","4884f3bb-4fa4-409b-90cb-4c5e0d655a64","2022-02-02 11:35:07.349"
"AA","58.390","5","58.440","2","6","57.40","7e60b104-982f-4bc2-bfda-253a01d1e135","2022-02-02 11:35:11.965"
"AA","57.440","1","57.470","5","-6","57.47","87c5ea2d-567a-4fdd-8d45-0b789f64b3c4","2022-02-02 11:35:44.664"
"AA","57.520","2","57.530","1","-6","57.53","c5edd193-a55e-4ff8-8634-e6dc54f895e2","2022-02-02 11:36:30.395"
"AA","58.260","1","58.300","20","6","57.34","803b5f8c-e3a3-4e2b-90b2-3c072824b188","2022-02-02 11:38:55.621"
"AA","58.300","3","58.340","1","6","57.34","2f6037ac-a388-44a1-a903-4a390c2d86ad","2022-02-02 11:38:55.621"
"AA","58.280","1","58.310","1","6","57.34","66b39374-1496-4eef-b29e-1cbdf9206817","2022-02-02 11:38:55.621"
"AA","58.270","3","58.310","1","6","57.34","eb0feeb7-e993-480f-8f57-3bfacc736fc2","2022-02-02 11:38:55.621"
"AA","58.370","2","58.400","8","6","57.34","95d38479-4f55-49b2-9806-51fce353592b","2022-02-02 11:38:55.621"
"AA","57.270","1","57.290","1","-6","57.29","3a74da5f-47f0-43b6-9dd2-916f29feaf60","2022-02-02 11:39:42.392"
"AA","57.270","1","57.290","1","-6","57.29","2b201735-c65a-4bca-b11a-f4b9d8f4ff84","2022-02-02 11:39:42.392"
"AA","57.270","4","57.280","1","-6","57.29","e5622440-e505-4730-bca1-f02d1c4f1ffc","2022-02-02 11:39:50.473"
"AA","57.270","3","57.300","4","-6","57.30","631812e0-0ebd-4e87-acb9-8b5b4ed4f9ee","2022-02-02 11:39:52.115"
"AA","57.320","3","57.340","2","-6","57.37","f4e709e7-6fbc-4823-938a-561b1e712abc","2022-02-02 11:40:21.415"
"AA","58.740","1","58.760","3","6","58.64","2dab372d-feb2-4354-8459-a00dea02d797","2022-02-02 13:09:10.419"
"AA","58.730","2","58.750","1","6","58.64","071b06c8-9ee2-4eb5-a59f-31aaaafa08e8","2022-02-02 13:09:10.419"
"AA","58.700","3","58.730","5","6","58.64","09d49794-b4f5-4601-b61b-a178724051dc","2022-02-02 13:09:10.419"
"AA","58.740","1","58.760","2","6","58.64","2635e4b0-933e-4400-8e71-4ab16bc66216","2022-02-02 13:09:10.419"
"AA","58.660","3","58.680","6","6","58.64","dd8b86a3-58f0-45be-b016-0917ee2398fd","2022-02-02 13:09:10.419"
"AA","58.640","10","58.660","7","6","58.54","da1814d3-edcf-4c48-b643-09b9787ec0e8","2022-02-02 13:09:23.567"
"AA","58.640","10","58.660","6","6","58.54","167950ba-8cf6-40c5-87ac-a7c8f61ef6eb","2022-02-02 13:09:23.567"
"AA","58.640","1","58.670","5","6","58.54","2e88b25f-12a3-46fd-b362-94b916448a01","2022-02-02 13:09:23.567"
"AA","58.630","6","58.670","6","6","58.54","6339f120-70d5-40dc-9e06-e5fbe9b6e877","2022-02-02 13:09:23.567"
"AA","58.650","5","58.670","6","6","58.54","9536b8e8-b14b-4abe-a9d3-1ccd2425e66d","2022-02-02 13:09:23.567"
"AA","58.650","1","58.670","5","6","58.54","b88b6c21-5dd5-4ea0-8b0f-5cee22b24d37","2022-02-02 13:09:23.567"
"AA","58.660","1","58.670","1","6","58.52","86c12d54-db24-4302-b903-a81a0a12a04e","2022-02-02 13:09:36.409"
"AA","58.670","1","58.680","1","6","58.52","fd50a252-1939-4f2a-a6d1-34b723fbf397","2022-02-02 13:09:36.409"
"AA","58.640","5","58.670","5","6","58.52","83094f15-a505-4a4e-89ec-15473a322a98","2022-02-02 13:09:36.409"
"AA","58.500","3","58.540","1","-6","58.54","240ce7b5-61ff-414d-81b5-c299a0d6931e","2022-02-02 13:10:00.183"
"AA","58.500","3","58.540","1","-6","58.54","f8c62ec9-bdcd-406d-971a-a6388ee4b0f6","2022-02-02 13:10:00.183"
"AA","58.500","3","58.540","1","-6","58.54","4c11121e-646e-474e-b6de-8b592ad4f8be","2022-02-02 13:10:00.183"
"AA","58.500","3","58.540","1","-6","58.54","7cec0d80-6774-48dd-96c7-ce2c7ead8441","2022-02-02 13:10:00.183"
"AA","58.500","3","58.540","1","-6","58.54","282f8f99-ae4c-461e-b683-b16d4b8889b3","2022-02-02 13:10:00.183"
"AA","58.500","3","58.540","1","-6","58.54","8e684ad4-16d3-4087-a827-c5a3a90437a2","2022-02-02 13:10:00.183"
"AA","58.500","3","58.540","1","-6","58.54","68ee0262-a12d-4260-b715-1463865c2502","2022-02-02 13:10:00.183"
"AA","58.530","5","58.560","2","-6","58.56","33b161d0-c684-4693-a795-ca5564b2ce7e","2022-02-02 13:10:10.118"
"AA","58.530","5","58.560","2","-6","58.56","42b6f614-d8a5-49c6-8dea-db5ef0393826","2022-02-02 13:10:10.118"
"AA","58.530","5","58.560","2","-6","58.56","8c9f1a40-a2f5-472f-b6a3-9980f4963c19","2022-02-02 13:10:10.118"
"AA","58.530","5","58.560","2","-6","58.56","3baf695a-f61e-40a2-ae64-04edb4a6fae8","2022-02-02 13:10:10.118"
"AA","58.460","10","58.500","1","-6","58.50","a3ce2423-e9cf-4baa-a013-7d18511d836e","2022-02-02 13:10:25.049"
"AA","58.460","10","58.500","1","-6","58.50","52d3043b-2857-4ad1-a65f-9c9c3868d6bd","2022-02-02 13:10:25.049"
"AA","58.490","3","58.530","2","-6","58.53","45fcdeef-cf43-4711-ba61-96e2ada24bdb","2022-02-02 13:10:58.477"
"AA","58.610","1","58.650","3","6","58.60","4fec96f2-62d4-419e-bdc5-59adb90fde76","2022-02-02 13:22:24.999"
"AA","58.610","6","58.640","3","6","58.60","0f956391-df25-423c-b936-200fba5427a7","2022-02-02 13:22:24.999"
"AA","58.630","1","58.660","1","6","58.60","a274caae-0c75-4d83-bb7c-3febc043f835","2022-02-02 13:22:24.999"
"AA","58.610","12","58.650","2","6","58.60","7449961a-18c4-4657-960d-552b84e8b41d","2022-02-02 13:22:24.999"
"AA","58.560","3","58.590","1","-6","58.60","9b646a92-0b82-41cf-9ba9-eb928a7b8df5","2022-02-02 13:25:30.530"
"AA","58.560","3","58.590","1","-6","58.60","1d54f237-1e1b-48c6-b6f8-0b3e5a6804ce","2022-02-02 13:25:30.530"
"AA","58.530","5","58.560","3","-6","58.56","df8d5f63-35e1-48d6-882b-0d7ec2465ea7","2022-02-02 13:26:40.366"
"AA","58.390","3","58.420","4","-6","58.42","670b99c8-bd08-457e-8c30-589d06acaf72","2022-02-02 13:27:23.150"
"AA","58.660","2","58.680","3","6","58.57","d6e13c1b-1b8a-4cb1-89cf-eb13071f1ca2","2022-02-02 13:35:25.941"
"AA","58.630","1","58.660","2","6","58.57","f3a8ec5a-f3f7-4a0a-9c41-2f30ba606d5e","2022-02-02 13:35:25.941"
"AA","58.630","2","58.670","1","6","58.57","d6674cc5-3fc3-42f8-b21f-fcbcf0287c20","2022-02-02 13:35:25.941"
"AA","58.640","5","58.680","3","6","58.57","29a2f6fd-b8af-44bf-aafc-b99b4890e932","2022-02-02 13:35:25.941"
"AA","58.650","3","58.670","1","6","58.57","a3604a98-78b6-4737-a7b1-8d0d0a63336f","2022-02-02 13:35:25.941"
"AA","58.640","1","58.680","2","6","58.57","263e9bd3-46ec-407e-b933-00d4b8328de8","2022-02-02 13:35:25.941"
"AA","58.640","1","58.660","1","6","58.57","b301181d-8bbd-4cd2-bb57-44c6625d22be","2022-02-02 13:35:25.941"
"AA","58.640","1","58.670","1","6","58.57","d6fc0b66-809f-4d20-829a-c8f768a9994d","2022-02-02 13:35:25.941"
"AA","58.650","1","58.680","3","6","58.57","0734734e-3f1f-4dd7-b0aa-03cf980ef608","2022-02-02 13:35:25.941"
"AA","58.540","1","58.580","1","-6","58.58","889a8980-9c08-4a45-adc3-147e3e1aef5f","2022-02-02 13:35:52.002"
"AA","58.540","1","58.580","1","-6","58.58","bc11b81f-aabd-4c9b-bb67-a5eb14f05b2a","2022-02-02 13:35:52.002"
"AA","58.530","1","58.560","3","-6","58.56","47fa37fe-2fea-4c6c-88d7-ab3cbab8fba2","2022-02-02 13:36:13.817"
"AA","58.420","1","58.450","1","-6","58.46","77533ff5-7fbc-4e83-bb91-3f66846b322d","2022-02-02 13:44:31.701"
"AA","58.420","1","58.450","1","-6","58.46","26a68180-f3de-4667-b8c5-2492b951fe0f","2022-02-02 13:44:31.701"
"AA","58.420","3","58.460","2","-6","58.46","0d92798f-86e2-4129-a8e4-4b5eb894f36a","2022-02-02 13:44:32.187"
"AA","58.420","3","58.460","2","-6","58.46","e1098970-425c-4ae7-992a-6dc739f66c88","2022-02-02 13:44:32.187"
"AA","58.420","3","58.460","2","-6","58.46","c7d2bbc7-bac5-41e2-97f8-45b4f32dd895","2022-02-02 13:44:32.187"
"AA","58.470","4","58.490","2","-6","58.50","1d2f66e3-f7c3-45f1-9d54-3032530b379f","2022-02-02 13:44:51.545"
"AA","59.380","1","59.400","2","6","59.29","d53340bd-7597-4b74-af46-24a19ade03f5","2022-02-02 15:01:29.841"
"AA","59.360","3","59.390","2","6","59.29","3d885562-a5d2-415f-9427-3b90f9853080","2022-02-02 15:01:29.841"
"AA","59.340","2","59.380","2","6","59.29","f9fc3c5e-f6d1-4bf6-a1f0-2be2b2ab7616","2022-02-02 15:01:29.841"
"AA","59.360","3","59.380","2","6","59.29","76a01bf7-d09f-4c27-9c80-968e9241b5e7","2022-02-02 15:01:29.841"
"AA","59.360","3","59.380","2","6","59.29","3d2a290c-012b-4cc4-b438-ad8848342d0e","2022-02-02 15:01:29.841"
"AA","59.390","4","59.420","3","6","59.29","be653dc8-97f5-40be-b018-38c0d8dc5d19","2022-02-02 15:01:29.841"
"AA","59.400","2","59.430","1","6","59.28","7cd581c3-7a0d-4387-bc13-b7b30e3dc5e0","2022-02-02 15:01:42.175"
"AA","59.390","1","59.420","3","6","59.28","7874da34-97fb-4aab-8be0-4dc656bc5ef3","2022-02-02 15:01:42.175"
"AA","59.350","2","59.400","2","6","59.28","b4e8d16c-4705-4315-a306-3393d00a6299","2022-02-02 15:01:42.175"
"AA","59.290","2","59.320","1","-6","59.34","93e342b8-7344-41ff-9ba8-23fbdae1ab09","2022-02-02 15:02:27.032"
"AA","59.290","2","59.320","1","-6","59.34","187f9645-8adf-4b51-9c00-bd1c3f9f65b6","2022-02-02 15:02:27.032"
"AA","59.300","1","59.320","1","-6","59.35","dc025b8f-15bf-4f21-8eff-993e90d474f5","2022-02-02 15:02:38.125"
"AA","59.300","1","59.320","1","-6","59.35","3bd04cbf-6208-4e62-a535-e466d99691b9","2022-02-02 15:02:38.125"
"AA","59.300","1","59.320","1","-6","59.35","cd30a1d4-869f-4e83-a1b1-3c9c5c2faf5b","2022-02-02 15:02:38.125"
"AA","59.300","1","59.320","1","-6","59.35","74f4cbcc-a8bf-446f-a41c-3558e05d63f4","2022-02-02 15:02:38.125"
"AA","59.320","1","59.340","6","-6","59.35","26d33280-fc00-4699-8abc-49c28c2478b3","2022-02-02 15:02:57.235"
"AA","59.330","2","59.350","1","-6","59.35","91cce99e-1b0f-4d3c-97ef-098037baaf71","2022-02-02 15:03:05.094"
"AA","59.400","1","59.410","1","-6","59.43","08f5c674-27ec-4e47-9b5b-5a3592c24abc","2022-02-02 15:03:50.136"
"AA","59.430","3","59.460","2","6","59.33","7b2c6090-8914-49c4-b691-8fb95b111d44","2022-02-02 15:06:30.198"
"AA","59.420","1","59.460","2","6","59.33","36b81555-a660-455a-a093-5719462066e9","2022-02-02 15:06:30.198"
"AA","59.430","5","59.450","1","6","59.31","38185692-6f15-43fc-b301-b5bfefa8becb","2022-02-02 15:07:10.163"
"AA","59.400","2","59.420","2","6","59.31","426d6f3b-1852-4107-8305-14777b64f5f8","2022-02-02 15:07:10.163"
"AA","59.350","1","59.370","1","-6","59.37","c8ae1c23-621f-420f-b8b0-a7bcc0cf5383","2022-02-02 15:08:06.557"
"AA","59.370","1","59.380","1","-6","59.39","0fb7ec56-36c3-4b41-88dc-b25f10f1f437","2022-02-02 15:08:10.502"
"AA","59.370","1","59.380","1","-6","59.39","8c261388-2ca3-4e7c-9839-df2348edcb96","2022-02-02 15:08:10.502"
"AA","59.320","2","59.350","2","-6","59.35","fc92f874-2a4b-4901-b7b4-6750daec939d","2022-02-02 15:08:58.770"
"AA","59.390","2","59.410","1","6","59.31","92ce9ceb-d546-4d42-86ee-2f4fd99d6355","2022-02-02 15:10:19.517"
"AA","59.290","6","59.320","1","-6","59.32","4bcb6001-27e8-4e69-9640-46e43cd36ef4","2022-02-02 15:11:30.811"
"AA","59.320","1","59.350","5","6","59.32","93f7e27e-e7b2-4032-bf68-b61ced3fac07","2022-02-02 15:13:40.160"
"AA","59.370","4","59.400","2","-6","59.40","06c8c3c5-7f5d-48f3-a93c-0473d364f61f","2022-02-02 15:15:01.232"
"AA","59.460","5","59.480","1","6","59.35","f7124aeb-7c1b-4290-adf4-23c61bb0ec23","2022-02-02 15:36:06.752"
"AA","59.460","4","59.480","4","6","59.35","af757de3-1e5d-4167-be74-270df2d99482","2022-02-02 15:36:06.752"
"AA","59.450","7","59.470","2","6","59.35","dd03a92c-64d0-40f7-97c5-9f5d49237ebc","2022-02-02 15:36:06.752"
"AA","59.470","3","59.500","2","6","59.33","3a6bcdad-37fc-482c-bac2-ce1e4a4e0850","2022-02-02 15:39:33.871"
"AA","59.470","4","59.490","3","6","59.33","44643d04-51e1-4b76-83ce-3720ea0f0e24","2022-02-02 15:39:33.871"
"AA","59.470","3","59.490","2","6","59.33","85905fc8-2f79-4ad4-be07-d7658b2010c3","2022-02-02 15:39:33.871"
"AA","59.500","15","59.520","2","6","59.33","b7339132-eb8c-4b5d-b7ff-4881797d865c","2022-02-02 15:39:33.871"
"AA","59.480","5","59.510","2","6","59.33","dd43d711-aff0-4092-8d34-ad6f0535decb","2022-02-02 15:39:33.871"
"AA","59.460","1","59.490","3","6","59.33","b9e4288c-4711-472a-be26-12f51e5c64e9","2022-02-02 15:39:33.871"
"AA","59.470","2","59.490","2","6","59.28","45320c27-b840-455d-9c6d-a9b7d3fb04aa","2022-02-02 15:40:09.632"
"AA","59.490","1","59.510","1","6","59.28","a334fd1b-4f38-4e7c-b3d2-42271350d99d","2022-02-02 15:40:09.632"
"AA","59.490","3","59.520","2","6","59.28","dfcebb5b-db94-4f92-ae34-72c5b730b524","2022-02-02 15:40:09.632"
"AA","59.490","4","59.520","6","6","59.28","faff0b3a-4831-495f-a092-62f9fd086fde","2022-02-02 15:40:09.632"
"AA","59.500","1","59.520","3","6","59.27","d0deed42-d1ed-4617-afee-bc0e8d48157e","2022-02-02 15:40:11.899"
"AA","59.500","5","59.520","20","6","59.27","e72cf7bf-3977-4ca6-b7db-c102eb9c6a87","2022-02-02 15:40:11.899"
"AA","59.370","5","59.390","6","-90","59.37","f509cb90-ca1a-4ad7-a897-46b4bec8434c","2022-02-02 15:48:00.006"
"AG","10.240","14","10.240","1","32","10.21","a5291c21-1065-483c-bc23-7d61b16ac96d","2022-02-02 10:02:21.640"
"AG","10.250","19","10.260","14","32","10.21","84e06be3-1ead-48f2-b608-a73ebb669032","2022-02-02 10:02:21.640"
"AG","10.270","11","10.280","20","32","10.21","56e9a17d-374b-4f95-80c0-ec7d4e12f9ba","2022-02-02 10:02:21.640"
"AG","10.230","48","10.240","15","32","10.21","f72c5db4-5a40-43a0-9e16-481bac50ae3f","2022-02-02 10:02:21.640"
"AG","10.200","37","10.210","22","-32","10.21","9fc73279-f412-4100-a63f-8f855ac83158","2022-02-02 10:04:24.495"
"AG","10.200","37","10.210","22","-32","10.21","9baade64-4457-4926-bea1-269f43914744","2022-02-02 10:04:24.495"
"AG","10.190","28","10.200","10","-32","10.20","b6acdb24-25fd-4862-a209-a6971c248215","2022-02-02 10:04:40.692"
"AG","10.200","17","10.210","24","-32","10.21","547ab3ba-68b2-4c09-9f67-f21288606fda","2022-02-02 10:04:42.854"
"AG","10.300","55","10.310","30","32","10.21","a5d94822-0aac-4c14-99b6-c3d5cb8c66b8","2022-02-02 10:41:13.718"
"AG","10.290","52","10.300","18","32","10.21","f44b2dd0-1afd-4256-b47a-1b8f0803a7e6","2022-02-02 10:41:13.718"
"AG","10.270","24","10.280","33","32","10.21","b45a03c7-2126-4f2c-871c-a448cc146642","2022-02-02 10:41:13.718"
"AG","10.250","24","10.260","17","32","10.21","ffa8d93a-1199-4050-a218-cf65ea9a274f","2022-02-02 10:41:13.718"
"AG","10.230","27","10.240","31","32","10.21","4629dc42-5d94-456f-91da-3bdc5a9dc3de","2022-02-02 10:41:13.718"
"AG","10.230","28","10.240","27","32","10.21","eab1a39a-2c2b-48ad-97f4-d6f98a571edf","2022-02-02 10:41:13.718"
"AG","10.230","24","10.240","20","32","10.21","80fe39b6-0177-482b-aa61-5615afcd6136","2022-02-02 10:41:13.718"
"AG","10.230","21","10.240","26","32","10.21","6bc75a69-dcbd-4b18-9566-1882d0d904df","2022-02-02 10:41:13.718"
"AG","10.190","29","10.200","18","-32","10.20","f120dcbf-9f89-4f55-af15-90ee1b6dfaef","2022-02-02 10:41:40.532"
"AG","10.190","29","10.200","18","-32","10.20","f64b4e44-d407-4ead-8acc-5174d5b26949","2022-02-02 10:41:40.532"
"AG","10.190","29","10.200","18","-32","10.20","48951fae-8fa7-4d58-b392-537f867e23a5","2022-02-02 10:41:40.532"
"AG","10.190","29","10.200","18","-32","10.20","b2420653-7e27-44f2-9f5d-e4f219136909","2022-02-02 10:41:40.532"
"AG","10.190","44","10.200","25","-32","10.20","319f44b8-f686-459b-a55d-7149bc9d9f45","2022-02-02 10:41:50.058"
"AG","10.190","44","10.200","25","-32","10.20","431a4b9b-17f3-4443-be64-2e57932e9329","2022-02-02 10:41:50.058"
"AG","10.190","30","10.200","24","-32","10.20","cbf76c37-f33c-4c18-a292-e439899e6ac0","2022-02-02 10:42:04.953"
"AG","10.200","28","10.210","40","-32","10.21","7541a21f-7376-4705-8fc8-85bdcb26d9f3","2022-02-02 10:42:16.954"
"AG","10.310","1","10.320","46","32","10.19","2717edc9-20df-47c7-a8c3-f1e61a4eda73","2022-02-02 11:05:36.022"
"AG","10.290","30","10.300","21","32","10.19","64939ea1-331a-4278-97ff-0abb989bceb9","2022-02-02 11:05:36.022"
"AG","10.290","42","10.300","20","32","10.19","f1448c83-108e-4f48-9b48-a8109303c86c","2022-02-02 11:05:36.022"
"AG","10.230","72","10.240","4","32","10.19","7e304588-3f65-4fb4-8d4c-620e0013565a","2022-02-02 11:05:36.022"
"AG","10.240","23","10.250","26","32","10.19","bbe7617f-ab6d-479d-8dfe-a05bfc9008e6","2022-02-02 11:05:36.022"
"AG","10.240","37","10.250","31","32","10.19","f687d114-b0fe-468e-894b-82c063a90d03","2022-02-02 11:05:36.022"
"AG","10.240","15","10.250","40","32","10.19","51283c6d-52ac-4836-ba08-8e8fc863f95f","2022-02-02 11:05:36.022"
"AG","10.240","29","10.250","30","32","10.19","4cee10d3-da11-4285-a56a-3de903c01959","2022-02-02 11:05:36.022"
"AG","10.240","30","10.250","31","32","10.19","9393c5e8-ef7f-4cd8-a8e3-99d5fc6311a0","2022-02-02 11:05:36.022"
"AG","10.230","36","10.240","27","32","10.19","838f38c8-dc39-4023-864b-a31092cbe9ac","2022-02-02 11:05:36.022"
"AG","10.230","26","10.240","31","32","10.19","19c9d55c-8685-4178-b755-e6626591a400","2022-02-02 11:05:36.022"
"AG","10.230","34","10.240","13","32","10.19","8cb71730-c64a-4f30-a2be-aac8f238e28e","2022-02-02 11:05:36.022"
"AG","10.180","39","10.190","18","-32","10.19","5f2cf926-b66b-4f92-ac3e-267e374a6310","2022-02-02 11:06:04.182"
"AG","10.180","39","10.190","18","-32","10.19","40160f21-02d7-4683-947f-1acefb3d3964","2022-02-02 11:06:04.182"
"AG","10.180","39","10.190","18","-32","10.19","c58632be-02fa-43be-b693-af1d48e29653","2022-02-02 11:06:04.182"
"AG","10.180","39","10.190","18","-32","10.19","b7813ceb-eb5c-4852-9e9b-7fad204b8a66","2022-02-02 11:06:04.182"
"AG","10.180","39","10.190","18","-32","10.19","7998bc7c-f87f-49de-837b-edf75e6f9ce9","2022-02-02 11:06:04.182"
"AG","10.180","39","10.190","18","-32","10.19","0d3486b2-4fae-4908-ba5c-3c87877b7081","2022-02-02 11:06:04.182"
"AG","10.180","43","10.190","51","-32","10.19","f9eac4ac-4365-476c-a39e-61cd3f35500f","2022-02-02 11:06:49.392"
"AG","10.180","43","10.190","51","-32","10.19","84a9991d-09ec-46c7-8859-b2a30da9a4d9","2022-02-02 11:06:49.392"
"AG","10.180","77","10.190","2","-32","10.19","38a2184c-cb80-468a-8cb7-2948df5a260c","2022-02-02 11:06:59.702"
"AG","10.180","77","10.190","2","-32","10.19","3520f18d-ac1d-4e71-8dae-ed8e93d8882c","2022-02-02 11:06:59.702"
"AG","10.180","75","10.190","2","-32","10.19","c3174891-98aa-45ef-b18e-17e69d975e60","2022-02-02 11:07:14.704"
"AG","10.180","38","10.190","14","-32","10.19","7492f281-8a59-4478-ad75-5f6c61cc9ba3","2022-02-02 11:07:14.704"
"AG","10.220","20","10.230","19","32","10.17","f16d3080-d3e7-4ef7-ae99-84b197918b31","2022-02-02 11:09:37.765"
"AG","10.230","35","10.240","15","32","10.17","c54bd98d-8ab1-476a-9919-bb2ca08a77cf","2022-02-02 11:09:37.765"
"AG","10.230","14","10.240","13","32","10.17","60724bf0-6dd6-48b2-9f01-8e5d640bf2e7","2022-02-02 11:09:37.765"
"AG","10.160","51","10.170","9","-32","10.17","b43fe1dc-ba94-4dd4-9d98-f55d49024827","2022-02-02 11:09:57.708"
"AG","10.160","51","10.170","9","-32","10.17","8b572be8-e25c-484a-80b9-466ef581173f","2022-02-02 11:09:57.708"
"AG","10.160","35","10.170","13","-32","10.17","4640b7cf-553a-4af1-9313-d6685291832c","2022-02-02 11:10:04.070"
"AG","10.290","46","10.300","44","32","10.30","c88893c8-ded3-4e1a-bdb8-15e306b24956","2022-02-02 12:41:30.006"
"AG","10.310","1","10.320","60","-32","10.32","7b548c49-bc62-4c70-8430-c997f6de830c","2022-02-02 12:45:39.468"
"AG","10.330","37","10.340","27","32","10.30","426f907d-0ae3-401a-a213-88e321fe712b","2022-02-02 13:18:32.435"
"AG","10.330","29","10.340","23","32","10.30","855d7974-f1b9-46ec-9aec-a7f8483dd2e0","2022-02-02 13:18:32.435"
"AG","10.330","29","10.340","23","32","10.30","950a973d-30db-42fc-b12d-45fc64bbfa9f","2022-02-02 13:18:32.435"
"AG","10.330","8","10.340","51","32","10.30","4abab5d1-b87a-4b97-908e-cc5167c7d0c3","2022-02-02 13:18:32.435"
"AG","10.330","10","10.340","53","32","10.30","6cfd2c17-679e-4cb3-8748-45c2868575ef","2022-02-02 13:18:32.435"
"AG","10.330","16","10.340","62","32","10.30","b9fb5e3f-ef11-4685-bbd1-76cf26a38ea4","2022-02-02 13:18:32.435"
"AG","10.320","25","10.330","60","32","10.30","ceaa6159-02da-48de-b594-d85a74900baf","2022-02-02 13:18:32.435"
"AG","10.310","28","10.320","33","32","10.30","b4632d14-a67d-4bbf-9bd6-2f08b7eca26c","2022-02-02 13:18:32.435"
"AG","10.290","18","10.300","41","-32","10.30","95c226d2-fe0a-4f2b-98b1-1c1f5296009b","2022-02-02 13:20:46.795"
"AG","10.290","18","10.300","41","-32","10.30","155995d6-5b7b-4428-a8b6-ff84df2be812","2022-02-02 13:20:46.795"
"AG","10.290","18","10.300","41","-32","10.30","dec8d977-7640-46df-9f15-9152ca7fd16a","2022-02-02 13:20:46.795"
"AG","10.290","18","10.300","41","-32","10.30","712920ec-2581-4b75-a05c-d69ad8932317","2022-02-02 13:20:46.795"
"AG","10.290","18","10.300","39","-32","10.30","25363fca-a146-49b3-b659-1e1aea87d175","2022-02-02 13:20:46.795"
"AG","10.290","18","10.300","39","-32","10.30","ab9b60e9-f473-41ae-bf85-cfcec2b89eab","2022-02-02 13:20:46.795"
"AG","10.290","33","10.300","24","-32","10.30","d7565c58-180f-453b-ba74-83cbbf082904","2022-02-02 13:20:54.238"
"AG","10.320","35","10.330","28","32","10.29","3a651c49-2b25-467f-8912-9ccefac7a118","2022-02-02 13:21:40.736"
"AG","10.320","35","10.330","28","32","10.29","a2781849-9dab-4794-a814-6fff079765d2","2022-02-02 13:21:40.736"
"AG","10.280","26","10.290","39","-32","10.29","5649d657-1408-4f3f-bf44-17f1b35bf4ed","2022-02-02 13:22:02.579"
"AG","10.270","32","10.280","15","-32","10.28","6dadf362-d359-4a96-a86d-f4aa0715051f","2022-02-02 13:26:43.146"
"AG","10.270","16","10.280","44","-32","10.28","203fb746-d8ce-4dd7-a8f4-cd4a9dcab0be","2022-02-02 13:26:43.146"
"AG","10.250","34","10.260","21","32","10.23","a5b531da-db96-4808-b7f6-833da6f8a74a","2022-02-02 14:17:22.579"
"AG","10.250","34","10.260","21","32","10.23","5c4bef44-e4de-4fe7-a59b-ff482a300c04","2022-02-02 14:17:22.579"
"AG","10.250","34","10.260","21","32","10.23","48ef2d2d-e1b4-4a09-bd89-b94b07e643a6","2022-02-02 14:17:22.579"
"AG","10.250","34","10.260","21","32","10.23","8657a123-5e00-4068-85fa-4e63195c895f","2022-02-02 14:17:22.579"
"AG","10.250","8","10.250","36","32","10.23","3a56cb35-491f-42a6-9660-e7260123b051","2022-02-02 14:17:22.579"
"AG","10.260","36","10.270","61","32","10.22","72625b28-7928-400d-8656-9d512bd7af15","2022-02-02 14:18:02.313"
"AG","10.260","52","10.270","69","32","10.22","eacf8ad9-ba0b-4d7d-b4b0-73feeef2e197","2022-02-02 14:18:02.313"
"AG","10.220","47","10.230","6","-32","10.23","c5d80c2b-9108-4c4b-a007-46ea218ed484","2022-02-02 14:18:10.813"
"AG","10.220","47","10.230","6","-32","10.23","0ba58c84-9090-488a-a375-4f692a6c7668","2022-02-02 14:18:10.813"
"AG","10.220","47","10.230","6","-32","10.23","90ce46b2-6334-4b8b-adb2-549f346ee635","2022-02-02 14:18:10.813"
"AG","10.220","67","10.230","5","-32","10.23","7723369b-95e4-45b4-9212-7729015529f2","2022-02-02 14:18:38.884"
"AG","10.220","67","10.230","5","-32","10.23","c62a44b5-5b20-4595-85b4-03051ad03af7","2022-02-02 14:18:38.884"
"AG","10.220","67","10.230","5","-32","10.23","87143909-5434-434a-bad1-c84d57f61dee","2022-02-02 14:18:38.884"
"AG","10.220","76","10.230","5","-32","10.23","8850f9b7-9839-4bd4-8f2e-94f1ff8ecd43","2022-02-02 14:18:42.884"
"AG","10.250","45","10.260","26","32","10.26","78e6205d-5313-44ef-a2dd-e2a599502173","2022-02-02 14:22:00.006"
"AG","10.250","35","10.260","36","-32","10.26","264409ea-4b4e-47cb-b438-60a6c404fade","2022-02-02 14:40:46.314"
"AG","10.250","72","10.260","8","32","10.24","ad1d804f-d67e-48fe-9717-8134ee6a8fab","2022-02-02 14:50:41.202"
"AG","10.260","46","10.270","44","32","10.24","a34ebc1e-3ed9-4974-893e-4c8c56a05716","2022-02-02 14:50:41.202"
"AG","10.250","47","10.260","24","32","10.24","6b5275e7-622a-4b47-9b47-baa140209735","2022-02-02 14:50:41.202"
"AG","10.250","47","10.260","24","32","10.24","693192cf-87ba-4675-bf8b-e00b55cb275e","2022-02-02 14:50:41.202"
"AG","10.260","42","10.270","26","32","10.22","72a74c3c-f7a4-459c-aa34-ded2e1ab9b0c","2022-02-02 14:56:13.179"
"AG","10.260","46","10.270","19","32","10.22","4f2ae9f3-a184-4bfe-98e1-4c2606fc5d82","2022-02-02 14:56:13.179"
"AG","10.260","46","10.270","19","32","10.22","943ada57-302e-42ca-b6d2-ced6327abe0a","2022-02-02 14:56:13.179"
"AG","10.260","46","10.270","21","32","10.22","ec772121-88d9-44f2-b62d-e6e05aa1995e","2022-02-02 14:56:13.179"
"AG","10.260","46","10.270","21","32","10.22","c44a233a-e0e8-4822-8d8c-98120a3c3069","2022-02-02 14:56:13.179"
"AG","10.260","46","10.270","21","32","10.22","34cc50ff-5f4d-4ab7-b065-35eb11962534","2022-02-02 14:56:13.179"
"AG","10.260","66","10.270","13","32","10.22","1dfc7d00-f27e-4658-b2cf-6140e2d9fca3","2022-02-02 14:56:13.179"
"AG","10.260","56","10.270","10","32","10.22","5d710c49-6027-4ae6-9b1a-5aa4eea8d885","2022-02-02 14:56:13.179"
"AG","10.260","29","10.270","22","32","10.22","b9ddbb18-51d5-458b-ae80-4806bf43faf8","2022-02-02 14:56:13.179"
"AG","10.250","17","10.260","52","32","10.22","7567fcda-ccff-40e0-aff0-82868a8b4f48","2022-02-02 14:56:13.179"
"AG","10.250","17","10.260","52","32","10.22","7b654da8-441c-4af3-863d-160cf0e02278","2022-02-02 14:56:13.179"
"AG","10.200","44","10.210","47","-32","10.21","71e2591f-2d34-492a-9cbb-a40b76fdd95b","2022-02-02 14:57:30.479"
"AG","10.200","44","10.210","47","-32","10.21","148933e7-ac91-41d0-b36e-56084b70e1c8","2022-02-02 14:57:30.479"
"AG","10.200","44","10.210","47","-32","10.21","ab5bf5b4-07ef-4731-a875-27907eed0451","2022-02-02 14:57:30.479"
"AG","10.200","44","10.210","47","-32","10.21","cdb61722-ae3c-46a6-b705-3c049a62ecdf","2022-02-02 14:57:30.479"
"AG","10.200","44","10.210","47","-32","10.21","0f2aca12-8f54-401a-90ad-9eebc021d98c","2022-02-02 14:57:30.479"
"AG","10.200","44","10.210","47","-32","10.21","f2bfd73e-fcdf-4578-9fc1-60a617e95b83","2022-02-02 14:57:30.479"
"AG","10.200","44","10.210","47","-32","10.21","7fbbed36-66eb-49a9-8271-49d3f6e0209f","2022-02-02 14:57:30.479"
"AG","10.200","44","10.210","47","-32","10.21","6ea20a35-e183-46b7-be21-b30d9ee457e9","2022-02-02 14:57:30.479"
"AG","10.200","33","10.210","44","-32","10.21","85ed8eac-6383-4f73-809d-9ed8c5be2204","2022-02-02 14:57:30.479"
"AG","10.200","33","10.210","44","-32","10.21","34a24422-a041-476d-ae7f-49b0e7588a60","2022-02-02 14:57:30.479"
"AG","10.200","33","10.210","44","-32","10.21","95f0a89e-6a69-4bac-95b4-7cd2e3530e54","2022-02-02 14:57:30.479"
"AG","10.200","33","10.210","44","-32","10.21","963f3f91-c7e5-434b-bcb8-07153e9214fa","2022-02-02 14:57:30.479"
"AG","10.200","33","10.210","44","-32","10.21","359f5bca-4f94-4f43-8eec-fe7a9c288f2b","2022-02-02 14:57:30.479"
"AG","10.200","33","10.210","44","-32","10.21","0422615c-b72a-4c4f-b08b-930d312494fe","2022-02-02 14:57:30.479"
"AG","10.200","13","10.210","55","-32","10.21","1d72eb03-ff9d-43d2-aea4-427ea9e6e382","2022-02-02 14:57:51.736"
"AG","10.200","37","10.210","30","32","10.19","45fe7b86-6d6f-4703-ad17-a6ab96c27286","2022-02-02 15:26:04.413"
"AG","10.200","22","10.210","29","32","10.19","860feef0-880f-422f-b885-f9b71c28f09c","2022-02-02 15:26:04.413"
"AG","10.190","100","10.200","24","32","10.19","5f4ba5ee-8a3a-499e-a960-2b7ec6bc1ca7","2022-02-02 15:26:04.413"
"AG","10.200","60","10.210","37","32","10.19","a056f3b4-e1f9-43cd-806d-690aa2447c05","2022-02-02 15:26:04.413"
"AG","10.200","60","10.210","37","32","10.19","06fbb4a2-7cb1-47fb-ad2f-47f4cf84077f","2022-02-02 15:26:04.413"
"AG","10.210","30","10.220","46","32","10.19","f98466f4-292f-45bd-81bc-cdfcd35b3f24","2022-02-02 15:26:04.413"
"AG","10.200","68","10.210","71","32","10.19","f939849f-4083-43cf-9654-877768094a3e","2022-02-02 15:26:04.413"
"AG","10.160","21","10.170","46","-32","10.17","8f110bb3-4ddb-4fe4-ba0f-c21edc264602","2022-02-02 15:28:48.961"
"AG","10.160","21","10.170","46","-32","10.17","2c75dc23-514e-49b1-ac72-6b7cf376c5ca","2022-02-02 15:28:48.961"
"AG","10.160","21","10.170","46","-32","10.17","42231513-d35d-4836-88db-d4535b744da2","2022-02-02 15:28:48.961"
"AG","10.160","21","10.170","46","-32","10.17","129bd0b6-3a24-4dfe-ad42-c5ae7ed5bdc2","2022-02-02 15:28:48.961"
"AG","10.150","37","10.160","53","-32","10.16","67b8d0aa-4321-47ce-b838-02b25615776c","2022-02-02 15:29:28.034"
"AG","10.160","38","10.170","39","-32","10.17","77101fda-8d5e-43f9-ad02-2748c159fc65","2022-02-02 15:29:40.111"
"AG","10.160","49","10.170","37","-32","10.17","3a9088df-2c72-4892-991b-a5e464dde208","2022-02-02 15:29:40.111"
"AG","10.210","15","10.220","36","32","10.15","9bda5da7-2429-4393-87c8-20f1f0c273a5","2022-02-02 15:35:45.455"
"AG","10.210","15","10.220","36","32","10.15","97a40293-5b15-47ca-94f0-f30ca63928f9","2022-02-02 15:35:45.455"
"AG","10.210","15","10.220","36","32","10.15","2793d971-ee21-428e-b347-a36ecdf0e0d8","2022-02-02 15:35:45.455"
"AG","10.220","35","10.230","5","32","10.14","23d03509-ef22-4a69-bf1f-404a523d24e9","2022-02-02 15:36:54.067"
"AG","10.210","1","10.220","35","32","10.14","aef3fcf0-e30c-42c6-8df0-bc0ae1566cca","2022-02-02 15:36:54.067"
"AG","10.200","1","10.210","33","32","10.14","44063a80-4d72-4408-83ea-091fbd39a65e","2022-02-02 15:36:54.067"
"AG","10.200","29","10.210","32","32","10.12","81fb424c-36d8-4616-b614-051e53af2193","2022-02-02 15:39:33.536"
"AG","10.190","46","10.200","11","32","10.12","af8e03e5-7283-4208-bd12-7d012ed10246","2022-02-02 15:39:33.536"
"AG","10.190","70","10.200","1","32","10.12","555ef0e3-b7ff-4b67-8725-9fdd487054ab","2022-02-02 15:39:33.536"
"AG","10.210","24","10.220","26","32","10.12","dee0158b-c0e3-41ec-b24b-a5e9430f7c6a","2022-02-02 15:39:33.536"
"AG","10.220","40","10.230","14","32","10.12","e2d51d91-661c-41ad-9cfd-dfd3325b572b","2022-02-02 15:39:33.536"
"AG","10.110","37","10.120","82","-352","10.11","12c584f0-dcb3-45f5-89c6-949fcedb4229","2022-02-02 15:48:00.006"
"ABB","35.440","10","35.450","8","10","35.45","8cc2aa4d-2174-4202-b69e-cefa765f1e73","2022-02-02 09:56:00.006"
"ABB","35.430","8","35.440","17","-10","35.44","9da21f0d-f184-40f9-9256-001eb1c4a0a8","2022-02-02 09:58:14.896"
"ABB","35.530","21","35.540","3","10","35.52","91ac37e6-33e5-4137-956e-2038f44c1d46","2022-02-02 10:25:45.698"
"ABB","35.490","58","35.500","4","-10","35.50","daef5b96-d407-4cb4-a678-6eb56b418f96","2022-02-02 10:27:31.270"
"ABB","35.510","12","35.520","8","10","35.52","9aad0f4c-25f3-46c4-8f48-723fb5403743","2022-02-02 10:28:50.006"
"ABB","35.520","5","35.530","13","-10","35.53","372a7742-72c0-4f63-83dd-1ec5652c06c0","2022-02-02 10:30:46.032"
"ABB","35.510","2","35.520","15","10","35.47","3cd742d7-ce52-4905-85ca-984ac4f57dff","2022-02-02 10:35:12.291"
"ABB","35.500","27","35.510","1","10","35.46","9ab916d8-f4c9-40b3-8685-db5080c5e274","2022-02-02 10:35:16.135"
"ABB","35.510","52","35.520","23","10","35.46","6a649cd5-f8e1-4fef-ba3b-6fac1c62e26d","2022-02-02 10:35:16.135"
"ABB","35.520","5","35.530","17","10","35.46","36eb1cbe-cca4-4669-9c2f-4bd621d5b15b","2022-02-02 10:35:16.135"
"ABB","35.520","14","35.530","7","10","35.46","fc0b6333-6e68-46b4-8d4e-5c043da7c644","2022-02-02 10:35:16.135"
"ABB","35.430","14","35.440","2","-10","35.44","baa15a78-ba8e-4e41-9512-0d0640a1c554","2022-02-02 10:35:58.671"
"ABB","35.430","12","35.440","11","-10","35.44","6e60ba1a-1940-4ec0-89c4-503ce03ec350","2022-02-02 10:36:03.495"
"ABB","35.440","59","35.450","5","-10","35.45","d42f5e69-cba1-4373-b297-2f022fc7ca05","2022-02-02 10:36:04.906"
"ABB","35.440","59","35.450","5","-10","35.45","19918634-1dc4-42aa-826e-855b4d860da1","2022-02-02 10:36:04.906"
"ABB","35.440","59","35.450","5","-10","35.45","fcc9af85-4d13-49de-91c0-52a03e52417d","2022-02-02 10:36:04.906"
"ABB","35.480","12","35.490","8","10","35.47","2ead3522-98ae-4eef-a2cd-e45f22395a8c","2022-02-02 10:39:20.004"
"ABB","35.500","7","35.510","52","-10","35.51","683731be-16aa-4b9f-86ec-bb1a55436202","2022-02-02 10:41:12.136"
"ABB","35.550","13","35.560","12","10","35.55","77aef656-34de-44a4-95cf-4daad445bde5","2022-02-02 11:06:31.786"
"ABB","35.550","11","35.560","15","10","35.55","91ed87a2-8c01-4fb4-813b-d2316bb01c1e","2022-02-02 11:06:31.786"
"ABB","35.560","17","35.570","10","10","35.55","1846688f-a48f-43c1-97ab-dc038051684d","2022-02-02 11:06:31.786"
"ABB","35.560","6","35.570","25","10","35.55","57b95b7e-0c34-41d4-89ec-d53de04308a7","2022-02-02 11:06:31.786"
"ABB","35.520","19","35.530","2","-10","35.53","682c43ae-296c-4f2a-8a0d-d34b8b2de6f1","2022-02-02 11:08:16.218"
"ABB","35.510","26","35.520","1","-10","35.52","92a03196-f590-43f6-a05f-2d0b821b17be","2022-02-02 11:10:09.633"
"ABB","35.510","26","35.520","1","-10","35.52","e87aa855-ad2e-421a-95f3-3f5d03d0be4c","2022-02-02 11:10:09.633"
"ABB","35.510","26","35.520","1","-10","35.52","45c1a0f6-95fd-41f5-b2ff-b1b0ad576228","2022-02-02 11:10:09.633"
"ABB","35.610","7","35.620","22","10","35.51","343d7afc-4958-4573-a4e9-be9796d8c97a","2022-02-02 11:29:59.283"
"ABB","35.610","6","35.620","27","10","35.51","7d0b78f6-cc44-4082-903a-85e3022b160c","2022-02-02 11:29:59.283"
"ABB","35.610","11","35.620","60","10","35.51","28468b77-0e14-408f-b85c-b5b9072faa74","2022-02-02 11:29:59.283"
"ABB","35.590","17","35.600","16","10","35.51","db587d55-51da-450a-93f7-52ab9ffc59cd","2022-02-02 11:29:59.283"
"ABB","35.590","6","35.600","26","10","35.51","939c8c28-106f-49d9-ad27-dfe96cc2e05f","2022-02-02 11:29:59.283"
"ABB","35.590","12","35.600","56","10","35.51","040f1c46-ef2e-4260-8605-91a39f673292","2022-02-02 11:29:59.283"
"ABB","35.580","14","35.590","8","10","35.51","fb8888c9-8cb5-415d-b0c6-c79673cc0565","2022-02-02 11:29:59.283"
"ABB","35.560","17","35.570","6","10","35.51","0a62237e-adc9-49d3-b2a7-8bfe0c300a3f","2022-02-02 11:29:59.283"
"ABB","35.510","10","35.520","19","-10","35.52","a9a2e4e1-7e03-457d-9e14-4580f583f731","2022-02-02 11:31:04.921"
"ABB","35.510","10","35.520","19","-10","35.52","ceeea9bd-b87e-4bdb-83a4-93ac99a40ae4","2022-02-02 11:31:04.921"
"ABB","35.510","10","35.520","19","-10","35.52","6881cc52-db0c-42db-8abd-721abdc3354e","2022-02-02 11:31:04.921"
"ABB","35.510","10","35.520","19","-10","35.52","8f2f212f-996e-4253-94a0-73b93008de88","2022-02-02 11:31:04.921"
"ABB","35.510","2","35.520","136","-10","35.52","08d8b2d9-6269-477a-97d1-12cc995503e2","2022-02-02 11:31:04.921"
"ABB","35.510","2","35.520","136","-10","35.52","c2351d66-caeb-4599-8103-0b9e659f22e4","2022-02-02 11:31:04.921"
"ABB","35.510","1","35.510","118","-10","35.51","3416d89f-3f45-443c-a00f-38863664f55b","2022-02-02 11:31:20.006"
"ABB","35.490","16","35.500","25","-10","35.50","699461d1-1199-4893-befb-56d50846b763","2022-02-02 11:35:46.417"
"ABB","35.480","18","35.490","8","10","35.49","51363f01-3d39-4bc6-b9ca-797547ee6fab","2022-02-02 11:44:10.006"
"ABB","35.470","1","35.480","31","-10","35.48","13dff969-f9c1-4bc0-83b6-01c824aeb48a","2022-02-02 11:47:03.012"
"ABB","35.460","10","35.470","19","10","35.47","a9ca0313-6c1e-4466-96d7-b4dbaf44450a","2022-02-02 11:50:10.006"
"ABB","35.480","2","35.480","6","-10","35.48","b876a7fd-35bf-4c28-ac9b-ae5568e2e128","2022-02-02 11:56:00.006"
"ABB","35.490","8","35.500","13","10","35.45","8d999454-fc58-4986-89d7-4c4fd0d3f0da","2022-02-02 12:00:32.757"
"ABB","35.470","13","35.480","30","10","35.45","63ada6c8-3b08-4d4c-80b8-fc00161a1e5f","2022-02-02 12:00:32.757"
"ABB","35.470","13","35.480","30","10","35.45","62f9040d-50f9-4133-8422-bd66267413a6","2022-02-02 12:00:32.757"
"ABB","35.460","22","35.470","12","-10","35.47","adeb7389-9b9d-4e4d-8228-82990de15380","2022-02-02 12:03:30.157"
"ABB","35.460","22","35.470","12","-10","35.47","d0a540f6-eb2e-4899-bd39-104aa53d570c","2022-02-02 12:03:30.157"
"ABB","35.460","22","35.470","12","-10","35.47","00c6fd11-ae04-49f2-95d3-c1914e6f1938","2022-02-02 12:03:30.157"
"ABB","35.570","8","35.580","20","10","35.54","a0ecf11d-8eba-4810-8f8a-0e35be688db2","2022-02-02 12:30:33.607"
"ABB","35.560","5","35.570","29","10","35.54","b80a72dd-30ba-4c73-a60d-138f52cc876a","2022-02-02 12:30:33.607"
"ABB","35.560","5","35.570","29","10","35.54","59689791-a232-44d6-a8fa-8b5dd2d09384","2022-02-02 12:30:33.607"
"ABB","35.540","16","35.550","21","-10","35.55","bc7d980e-d66e-4e24-b101-a22977158078","2022-02-02 12:31:15.928"
"ABB","35.540","16","35.550","21","-10","35.55","c04f75e1-fe27-4c24-a120-784ad9c7f978","2022-02-02 12:31:15.928"
"ABB","35.540","16","35.550","21","-10","35.55","87b0febb-ae78-4d22-b014-e8e216717fa2","2022-02-02 12:31:15.928"
"ABB","35.560","16","35.570","22","10","35.54","7f0f3dd1-aa75-40f3-b6df-8e1ecc5c5174","2022-02-02 12:36:18.958"
"ABB","35.520","11","35.530","10","-10","35.53","b5392af0-66bc-4ed2-9bdf-3fcf94a146df","2022-02-02 12:41:31.248"
"ABB","35.580","2","35.590","26","10","35.54","0a7df26a-84e5-464b-a319-892aa465bbdc","2022-02-02 12:51:48.239"
"ABB","35.580","2","35.590","26","10","35.54","6a59daef-e5e9-426c-b2bc-c91f99a1d4b8","2022-02-02 12:51:48.239"
"ABB","35.560","6","35.570","23","10","35.54","79a6bfd2-238e-4c83-b6db-ecd20953e23b","2022-02-02 12:51:48.239"
"ABB","35.550","32","35.560","6","-10","35.56","da2c4286-2a66-412f-9b36-2d6b7d3c2816","2022-02-02 12:55:21.758"
"ABB","35.550","32","35.560","6","-10","35.56","ad476270-950d-4d93-ac28-2b38859a0ee1","2022-02-02 12:55:21.758"
"ABB","35.550","40","35.560","4","-10","35.56","54e49acf-3b20-4ede-80fa-dc6d80aa88bb","2022-02-02 12:55:34.103"
"ABB","35.570","20","35.580","15","10","35.54","84e25025-2f2d-4e20-984f-1030d4d406a7","2022-02-02 13:09:36.630"
"ABB","35.550","7","35.560","39","10","35.54","d8add08d-814c-40b4-aba2-1459a0168a9b","2022-02-02 13:09:36.630"
"ABB","35.550","14","35.560","20","10","35.54","aa07fc90-e4c0-4c18-9ad8-4b7907b0fd54","2022-02-02 13:09:36.630"
"ABB","35.550","21","35.560","23","10","35.54","9962551b-3824-49ac-9499-b9364598867e","2022-02-02 13:09:36.630"
"ABB","35.570","20","35.580","14","10","35.53","4988f3ae-314a-4a40-aae0-a416292ff244","2022-02-02 13:09:46.094"
"ABB","35.570","20","35.580","14","10","35.53","01db6ecb-bc3f-4f0a-8cf6-8366480df448","2022-02-02 13:09:46.094"
"ABB","35.570","20","35.580","14","10","35.53","ff8a3946-c774-48c7-b5c8-bc3f42b09d57","2022-02-02 13:09:46.094"
"ABB","35.570","20","35.580","15","10","35.53","bb5f3e41-b6a2-4578-a543-4a23a335d773","2022-02-02 13:09:46.094"
"ABB","35.570","20","35.580","21","10","35.53","2493db0b-4581-4982-80f0-f24792e334fb","2022-02-02 13:09:46.094"
"ABB","35.510","16","35.520","16","-10","35.52","c7b7ce4b-fd20-4d88-9703-c8533a7caca3","2022-02-02 13:10:46.189"
"ABB","35.510","8","35.520","19","-10","35.52","8fbf586a-42a7-4034-b997-26689d44f474","2022-02-02 13:11:00.048"
"ABB","35.510","8","35.520","19","-10","35.52","d41db6dd-620e-4480-ad67-873f5016505d","2022-02-02 13:11:00.048"
"ABB","35.510","8","35.520","19","-10","35.52","e6ebde91-ffa1-430b-a25a-b639e4f2c7d7","2022-02-02 13:11:00.048"
"ABB","35.510","8","35.520","19","-10","35.52","6386cab9-1cd6-4a49-bd14-39e29c24d71b","2022-02-02 13:11:00.048"
"ABB","35.510","10","35.520","14","-10","35.52","3e5616ce-f39c-43d6-8e28-1dd0f8ec85a8","2022-02-02 13:11:00.048"
"ABB","35.510","10","35.520","14","-10","35.52","1568e8fd-0819-4c51-9091-39bf27a5360f","2022-02-02 13:11:00.048"
"ABB","35.520","10","35.530","13","-10","35.53","ff34a999-4640-4a39-b1cc-2d60e7c9acec","2022-02-02 13:11:22.691"
"ABB","35.520","16","35.530","10","-10","35.53","56d62424-980b-4cb8-8f5e-ef9aab2ae481","2022-02-02 13:11:22.691"
"ABB","35.530","19","35.540","16","10","35.52","af2868ca-e95b-4b70-90d8-9811b3c35777","2022-02-02 13:26:22.130"
"ABB","35.510","22","35.520","20","-10","35.52","2f6d3063-68ed-4554-a6cf-9fdd5bb1a2f3","2022-02-02 13:28:46.690"
"ABB","35.530","20","35.540","15","10","35.52","813974f2-73a2-4d56-95be-2a5af2e5c1f1","2022-02-02 13:38:24.369"
"ABB","35.530","20","35.540","15","10","35.51","42f2f5fb-3572-44c1-92e5-f087fb481e88","2022-02-02 13:46:37.468"
"ABB","35.540","6","35.550","23","10","35.51","4e311577-eb87-402b-8d25-35fa2b05c0c9","2022-02-02 13:46:37.468"
"ABB","35.540","7","35.550","24","10","35.51","cb87546b-d59b-4c8d-9f65-b6a2dce8321f","2022-02-02 13:46:37.468"
"ABB","35.470","10","35.480","14","-10","35.48","82253671-37cd-4fd0-b1da-49f896ce2c5a","2022-02-02 13:50:59.182"
"ABB","35.470","10","35.480","14","-10","35.48","ff066a5a-978d-4708-811f-3036f9b83369","2022-02-02 13:50:59.182"
"ABB","35.470","10","35.480","14","-10","35.48","3da5a9bc-380d-4276-99a7-42aa096ad6ed","2022-02-02 13:50:59.182"
"ABB","35.470","6","35.480","14","-10","35.48","73038525-5153-4157-bf2c-73aea11cadcf","2022-02-02 13:50:59.182"
"ABB","35.540","10","35.550","14","10","35.52","2f1fe1c0-3297-451f-9bcf-aeb6286cb450","2022-02-02 13:59:43.192"
"ABB","35.540","1","35.550","24","10","35.52","8de38a9a-4924-4083-a31e-049cbb78a5be","2022-02-02 13:59:43.192"
"ABB","35.530","25","35.540","17","-10","35.54","f8a2a4b9-0dee-4db7-8a52-b4a1b3bd3605","2022-02-02 14:01:46.497"
"ABB","35.530","21","35.540","14","-10","35.54","95766f3c-b73e-473e-a463-d9d7d25b8718","2022-02-02 14:02:04.868"
"ABB","35.530","17","35.540","10","10","35.51","04717af1-8699-424a-bbb5-9e165eef4460","2022-02-02 14:16:24.570"
"ABB","35.510","21","35.520","10","-10","35.52","e829844c-da29-47f8-8d4f-228f9327362a","2022-02-02 14:16:43.569"
"ABB","35.540","26","35.550","24","10","35.53","b65744c5-603a-4590-af47-42e6edf6f42d","2022-02-02 14:20:33.799"
"ABB","35.540","5","35.550","42","10","35.53","fb1e7593-1b59-46eb-bf12-c59919c1e156","2022-02-02 14:20:33.799"
"ABB","35.520","8","35.530","14","-10","35.53","b2eeb5d7-91ed-4329-bbf2-5e4f43ab1985","2022-02-02 14:21:13.613"
"ABB","35.530","1","35.540","36","-10","35.54","ea525896-3cfe-44e6-8fd7-2ef8aae86c71","2022-02-02 14:21:38.094"
"ABB","35.540","33","35.550","9","10","35.53","d045b1db-c7a3-4bfa-9c86-ac63748367a1","2022-02-02 14:31:50.400"
"ABB","35.540","14","35.550","7","10","35.53","6738d948-b851-4b6c-9337-5ff25660141b","2022-02-02 14:31:50.400"
"ABB","35.550","33","35.560","1","-10","35.56","3f57f737-93d3-4b09-bd29-75f697d385bd","2022-02-02 14:33:00.690"
"ABB","35.550","9","35.560","19","-10","35.56","13294e1b-c4a6-4c59-8846-e67e0ccceea4","2022-02-02 14:34:06.354"
"ABB","35.600","11","35.610","28","10","35.56","23b54cf2-8550-4fbf-8b69-193c7988c668","2022-02-02 15:00:32.640"
"ABB","35.590","21","35.600","11","10","35.56","bb736246-579d-49f4-8887-801de2eef2e1","2022-02-02 15:00:32.640"
"ABB","35.590","17","35.600","16","10","35.56","4f52cb51-66b8-4c30-83da-383bc4f76806","2022-02-02 15:00:32.640"
"ABB","35.600","18","35.610","14","10","35.56","65b946e2-cf51-4d3a-b8a9-84e9b739ba7b","2022-02-02 15:00:32.640"
"ABB","35.600","20","35.610","11","10","35.56","ba071cee-6c01-48de-b53f-f0185f7be7c3","2022-02-02 15:00:32.640"
"ABB","35.590","9","35.600","12","10","35.56","a21dfe1a-c6db-48a0-8750-85fb26797f58","2022-02-02 15:00:32.640"
"ABB","35.590","17","35.600","8","10","35.56","13f54b28-838d-45ce-829c-24daf4e89c92","2022-02-02 15:00:32.640"
"ABB","35.590","4","35.600","25","10","35.56","dc90c20d-e12a-40f6-8e7f-f8fe3cfad0c4","2022-02-02 15:00:32.640"
"ABB","35.580","17","35.590","17","10","35.56","a422d41b-3059-40e5-803c-49039cbe2037","2022-02-02 15:00:32.640"
"ABB","35.550","12","35.560","18","-10","35.56","28b86358-e1f8-466e-b827-ce3d6b09572e","2022-02-02 15:02:21.175"
"ABB","35.550","12","35.560","18","-10","35.56","ef989233-629b-4787-9a6c-6c8340365974","2022-02-02 15:02:21.175"
"ABB","35.550","12","35.560","18","-10","35.56","19a0e6ff-3ea6-4211-aa5d-7194a517574f","2022-02-02 15:02:21.175"
"ABB","35.550","12","35.560","18","-10","35.56","58834986-6479-48b7-92ab-57eec59d6c1e","2022-02-02 15:02:21.175"
"ABB","35.550","12","35.560","18","-10","35.56","b3caa254-4d39-4a25-9e46-a7689f7605c5","2022-02-02 15:02:21.175"
"ABB","35.550","11","35.560","9","-10","35.56","56a574ac-ba78-43a4-9cdc-9f516872f950","2022-02-02 15:03:07.356"
"ABB","35.550","11","35.560","9","-10","35.56","1fd733de-d164-4690-836e-2a9770e931fe","2022-02-02 15:03:07.356"
"ABB","35.550","26","35.560","1","-10","35.56","888c67b3-a9c2-472e-8782-bc8a30447985","2022-02-02 15:03:13.374"
"ABB","35.550","27","35.560","1","-10","35.56","3de3e0be-4089-427d-9926-e7f0efbc69bb","2022-02-02 15:03:40.285"
"ABB","35.640","18","35.650","12","10","35.56","87ff0499-c930-4984-87a6-27f3e0832694","2022-02-02 15:28:01.660"
"ABB","35.600","21","35.610","20","10","35.56","86bd2e87-6aa0-4973-9988-9ea1e05af02f","2022-02-02 15:28:01.660"
"ABB","35.600","1","35.610","39","10","35.56","57f6baab-e0e3-41b5-b130-51c1f64c4157","2022-02-02 15:28:01.660"
"ABB","35.590","23","35.600","15","10","35.56","ebdee600-21bc-4695-a673-699e71c15998","2022-02-02 15:28:01.660"
"ABB","35.590","11","35.600","16","10","35.56","39847b29-16fd-40f7-8a56-dd537b065ef7","2022-02-02 15:28:01.660"
"ABB","35.590","15","35.600","16","10","35.56","29520a23-e8fc-431c-9597-a710239d5562","2022-02-02 15:28:01.660"
"ABB","35.600","14","35.610","18","10","35.56","1bdf8a93-e8e9-4aed-af14-5b5ffcfd7ebf","2022-02-02 15:28:01.660"
"ABB","35.600","16","35.610","11","10","35.56","9708c2ee-1d80-4135-b7ca-696f795c49d7","2022-02-02 15:28:01.660"
"ABB","35.600","16","35.610","11","10","35.56","731b7234-8b86-4814-8890-3deba7357e1a","2022-02-02 15:28:01.660"
"ABB","35.600","22","35.610","12","10","35.56","99f8b5f9-5f45-4e30-a041-6a17631d4244","2022-02-02 15:28:01.660"
"ABB","35.600","14","35.610","15","10","35.56","49759b1a-3c50-4fb2-9e42-f4066eda4b04","2022-02-02 15:28:01.660"
"ABB","35.600","16","35.610","12","10","35.56","7a4ff59d-70e8-44b8-9a38-f680639b2ca1","2022-02-02 15:28:01.660"
"ABB","35.630","15","35.640","15","10","35.55","b0f2cc1d-3b8d-4a11-a5f5-e4b566fb7926","2022-02-02 15:28:33.335"
"ABB","35.630","16","35.640","16","10","35.55","deecbb6b-8f8b-44a7-8b70-647089a51e0f","2022-02-02 15:28:33.335"
"ABB","35.640","18","35.650","12","10","35.55","8f23a065-3b55-4fb1-8167-f53becb7e702","2022-02-02 15:28:33.335"
"ABB","35.640","18","35.650","12","10","35.55","bbed8851-f099-405a-8f48-da915ccac6e1","2022-02-02 15:28:33.335"
"ABB","35.610","16","35.620","19","10","35.55","7a0b368d-9a34-4447-8046-d462a4947c66","2022-02-02 15:28:33.335"
"ABB","35.620","15","35.630","25","10","35.55","65efd651-7a85-486f-a4ef-dad822b646ea","2022-02-02 15:28:33.335"
"ABB","35.550","41","35.560","4","-10","35.57","0393769d-869a-461b-9e33-80cefcfcbb8c","2022-02-02 15:29:01.903"
"ABB","35.550","41","35.560","4","-10","35.57","33da801f-9212-4e6d-a8e3-58ae0eafa0f0","2022-02-02 15:29:01.903"
"ABB","35.550","41","35.560","4","-10","35.57","36ecf67a-1dcf-427e-b519-77d87f7d1b4d","2022-02-02 15:29:01.903"
"ABB","35.550","41","35.560","4","-10","35.57","44b9b183-386b-40c6-9ed2-5067d5305493","2022-02-02 15:29:01.903"
"ABB","35.550","41","35.560","4","-10","35.57","60cd2a5d-53b5-4af3-ab6e-8dbdc32fa1e0","2022-02-02 15:29:01.903"
"ABB","35.560","25","35.570","10","-10","35.57","277f4497-97c2-46fb-b01a-2c1888e829ed","2022-02-02 15:29:40.018"
"ABB","35.560","25","35.570","10","-10","35.57","7e5d34aa-94d9-4020-8401-95fde4e343c0","2022-02-02 15:29:40.018"
"ABB","35.560","25","35.570","10","-10","35.57","203a3036-6651-479b-9c24-2fbff3566704","2022-02-02 15:29:40.018"
"ABB","35.560","25","35.570","10","-10","35.57","a4f4cd78-8b67-4ff0-8f68-3cca0b8c9835","2022-02-02 15:29:40.018"
"ABB","35.570","17","35.580","20","-10","35.58","6451dcbb-2ac4-4659-a46a-1571c178527b","2022-02-02 15:29:52.804"
"ABB","35.570","17","35.580","20","-10","35.58","812019d4-05c6-4d6f-a236-76b14a801eb2","2022-02-02 15:29:52.804"
"ABB","35.570","17","35.580","20","-10","35.58","65a6a4fc-2144-4bc0-8498-b575268f3415","2022-02-02 15:29:52.804"
"ABB","35.570","17","35.580","20","-10","35.58","9d935293-b76d-4da7-9b22-7ee202c80643","2022-02-02 15:29:52.804"
"ABB","35.570","17","35.580","20","-10","35.58","78434fd2-78ed-40e0-95a4-8eed62c56574","2022-02-02 15:29:52.804"
"ABB","35.590","22","35.600","29","-40","35.59","0662fc78-a7ff-4c60-81c9-f0a60c7aa1dd","2022-02-02 15:48:00.006"
"ALB","224.050","2","224.660","1","2","224.66","e73f1084-de35-466b-8d7b-f4680f3c40df","2022-02-02 09:54:10.006"
"ALB","224.120","2","224.550","14","-2","224.55","fa23fd57-758d-4666-b6ca-76c4e01257b6","2022-02-02 09:54:51.473"
"ALB","224.310","1","224.920","1","2","224.05","466f6810-cdd0-4e6b-8a9e-1584f59e46ae","2022-02-02 10:18:04.759"
"ALB","224.660","6","224.890","1","2","224.03","5e912a52-d8c4-4b11-ba32-8338baa0f72e","2022-02-02 10:18:04.759"
"ALB","224.650","2","224.890","1","2","224.03","592e76bc-0cbf-4d5f-a3e5-f5182d2916bd","2022-02-02 10:18:04.759"
"ALB","224.620","2","224.890","1","2","224.03","2539c305-bff9-46b8-8a3c-a09d3a413490","2022-02-02 10:18:04.759"
"ALB","224.520","2","224.890","1","2","224.03","12ec0e33-172f-4d99-ab77-aa91d950ba71","2022-02-02 10:18:04.759"
"ALB","225.660","2","226.160","1","2","223.96","d584ffc8-b1f2-4fcc-8aa8-a4fed1c46678","2022-02-02 10:18:04.765"
"ALB","225.430","1","225.810","1","2","223.96","2fc30541-ed04-4367-8cf1-d50b28abc412","2022-02-02 10:18:04.765"
"ALB","224.780","2","225.300","1","2","223.96","396ed02b-6ec2-4a12-b056-41450e098a64","2022-02-02 10:18:04.765"
"ALB","224.500","3","225.140","1","2","223.96","2d6b17c8-3ebe-4fe1-8305-1787255744ff","2022-02-02 10:18:04.765"
"ALB","223.740","2","224.270","1","-2","224.27","d765e9b7-bbb4-454c-a756-479c0150e30b","2022-02-02 10:19:07.055"
"ALB","223.740","2","224.270","1","-2","224.27","a08398ff-f4f6-45b2-bbb7-9fcdc04b8227","2022-02-02 10:19:07.055"
"ALB","223.740","2","224.270","1","-2","224.27","52cbea64-83d0-49c3-ba3a-ab690e7e3627","2022-02-02 10:19:07.055"
"ALB","224.210","4","224.670","1","-2","224.70","ab633990-407a-4b77-b77d-cde0064aac98","2022-02-02 10:20:12.556"
"ALB","224.210","4","224.670","1","-2","224.70","955ac14f-d2d7-4a74-bbdf-7f240a840e3b","2022-02-02 10:20:12.556"
"ALB","223.710","3","224.290","1","-2","224.30","2831c9af-fe4d-48ee-8d63-0a96c1fa7a3c","2022-02-02 10:22:09.828"
"ALB","224.960","1","226.000","2","2","223.67","c9496b53-f00c-4a90-ab7a-80d2ec12892f","2022-02-02 10:23:18.244"
"ALB","225.710","1","226.360","2","2","223.67","833dc78f-2f86-4186-a855-2881d856b10e","2022-02-02 10:23:18.244"
"ALB","225.730","1","226.180","1","2","223.67","6e0f3733-5712-452b-a476-d32ae2f23272","2022-02-02 10:23:18.244"
"ALB","225.140","5","225.850","1","2","223.67","adfcc750-6e1a-483d-b798-cb058d64e3b4","2022-02-02 10:23:18.244"
"ALB","225.050","3","225.910","1","2","223.67","e4becd53-8a60-45c9-aa17-adc12c4f5874","2022-02-02 10:23:18.244"
"ALB","223.410","2","224.000","2","-2","224.01","2b17f3cc-21db-4e83-8e13-3498b8e16fb6","2022-02-02 10:25:07.289"
"ALB","223.410","2","224.000","2","-2","224.01","59527fd0-5df2-486d-a64e-e3c3e3d363c5","2022-02-02 10:25:07.289"
"ALB","223.410","2","224.000","2","-2","224.01","649d989a-cfda-46f7-8f3d-385a386be005","2022-02-02 10:25:07.289"
"ALB","223.340","3","223.880","1","-2","223.95","b48dcb07-dabd-48be-9c5c-895078d21574","2022-02-02 10:25:30.975"
"ALB","223.340","3","223.880","1","-2","223.95","1a854609-cd70-424e-8264-e015ab56c784","2022-02-02 10:25:30.975"
"ALB","223.110","2","223.720","1","-2","223.72","7ec0e367-b5ad-444e-a538-ab889b8b6821","2022-02-02 10:26:04.976"
"ALB","223.050","2","223.770","1","-2","223.98","3c1f59ac-83cc-4d74-a606-623558e27f8e","2022-02-02 10:26:04.977"
"ALB","223.580","1","223.990","1","-2","224.11","875b4e88-57ea-4150-ac56-2aaf08961a02","2022-02-02 10:26:04.977"
"ALB","225.190","3","226.110","1","2","223.09","467f8e76-0823-4d46-b88e-d4698addd4f0","2022-02-02 10:27:15.655"
"ALB","225.370","2","226.080","1","2","223.09","03da8b9e-62d4-459d-a451-7ea71459e1fc","2022-02-02 10:27:15.655"
"ALB","225.660","2","226.100","1","2","223.09","6a02aac4-17e7-4658-a2d0-e6a390db1da0","2022-02-02 10:27:15.655"
"ALB","225.590","3","226.290","1","2","223.09","72f05d62-227a-415c-b062-c2298c389ef8","2022-02-02 10:27:15.655"
"ALB","225.560","3","226.210","1","2","223.09","ec47cdc1-8a54-4d45-97ab-01fc2c42b3ee","2022-02-02 10:27:15.655"
"ALB","223.110","2","223.680","1","-2","223.68","1a4d04c7-b02c-4d04-971d-0be394dc6352","2022-02-02 10:28:27.773"
"ALB","223.520","1","223.870","1","-2","223.89","e95ccecb-e8a2-44bc-9853-de82dc754ca3","2022-02-02 10:28:30.330"
"ALB","223.520","1","223.870","1","-2","223.89","9f3c79bd-f577-4088-beee-57435e665d7b","2022-02-02 10:28:30.330"
"ALB","223.190","1","223.380","1","-2","223.60","b33a3f17-3256-4738-a38b-db5477fdfe3e","2022-02-02 10:30:07.842"
"ALB","223.100","2","223.660","1","-2","223.66","80f31637-5759-4525-8a87-89a17921a801","2022-02-02 10:30:07.842"
"ALB","223.670","1","224.210","1","2","223.25","f161940d-6286-4e65-933c-16f183ac0b8d","2022-02-02 11:00:47.991"
"ALB","223.980","1","224.430","3","2","223.01","9033c4cc-6499-44bd-b64b-c82c77e586dd","2022-02-02 11:01:06.954"
"ALB","223.980","1","224.430","3","2","223.01","0078fcbf-2c07-41d0-8f89-3a2ba59053d8","2022-02-02 11:01:06.954"
"ALB","223.980","2","224.410","1","2","223.01","7032f05e-5ac2-4fac-a85a-ef3b2a8f77f7","2022-02-02 11:01:06.954"
"ALB","223.740","1","223.980","1","2","223.01","dd6b00d1-4c55-4bb8-8b04-975656239bea","2022-02-02 11:01:06.954"
"ALB","223.760","2","224.270","2","2","222.95","2bc2c045-9e30-4ac3-93e8-125e15335255","2022-02-02 11:01:07.774"
"ALB","223.890","1","224.250","2","2","222.95","60db5252-fb9d-4a66-a044-97af75a86977","2022-02-02 11:01:07.774"
"ALB","224.750","1","225.430","1","2","222.95","2084a9ea-b22c-481e-a6a5-deaac09e99fc","2022-02-02 11:01:07.774"
"ALB","224.790","1","225.280","2","2","222.95","beebff6b-b49c-43c5-9e63-d04b7fb70ba8","2022-02-02 11:01:07.774"
"ALB","224.790","1","225.280","2","2","222.95","56d0302f-b426-44e9-95fb-183e95f8dc19","2022-02-02 11:01:07.774"
"ALB","224.790","1","225.280","2","2","222.95","8dd63d85-e881-43ad-bf23-18dd8dd28a62","2022-02-02 11:01:07.774"
"ALB","224.470","1","224.960","1","2","222.95","e71ca3ee-9be4-491f-b8fa-d1995ef3b739","2022-02-02 11:01:07.774"
"ALB","224.470","1","224.960","1","2","222.95","b2a8abd1-35e1-4535-9d4e-110b4d71ece8","2022-02-02 11:01:07.774"
"ALB","224.120","1","224.430","2","2","222.95","1fb7954d-632b-47be-a321-c39f8904a98d","2022-02-02 11:01:07.774"
"ALB","224.180","1","224.580","1","2","222.95","8b584f43-5283-4825-8784-abdaed73e1d7","2022-02-02 11:01:07.774"
"ALB","224.020","1","224.530","1","2","222.95","91b99c56-ae2c-4660-8a22-9d344d60f3db","2022-02-02 11:01:07.774"
"ALB","224.050","4","224.530","2","2","222.95","defd67d4-d329-4dd1-9ab9-826ab9a2308a","2022-02-02 11:01:07.774"
"ALB","224.050","4","224.530","2","2","222.95","2d2161c3-c02d-492b-b385-fa925c5eb418","2022-02-02 11:01:07.774"
"ALB","223.040","1","223.550","11","-2","223.55","6e367af8-2b33-4958-8103-1b96213c287e","2022-02-02 11:01:56.977"
"ALB","223.040","1","223.550","11","-2","223.55","74058395-1ef4-4001-bb0a-db5ea01846c6","2022-02-02 11:01:56.977"
"ALB","223.040","1","223.550","11","-2","223.55","10c3b1dc-a35b-432d-9c53-35cb5a0673a7","2022-02-02 11:01:56.977"
"ALB","223.040","1","223.550","11","-2","223.55","cd6e901e-9991-41f2-85ef-961fcc30b303","2022-02-02 11:01:56.977"
"ALB","223.040","1","223.550","11","-2","223.55","b6040aab-376b-4e61-98a4-d4dd32ed2b87","2022-02-02 11:01:56.977"
"ALB","222.960","1","223.540","2","-2","223.61","64f9ddbe-a6b3-4ad5-903a-25070856daeb","2022-02-02 11:02:19.372"
"ALB","222.960","1","223.540","2","-2","223.61","507656bf-f703-415d-8bce-d78604670df4","2022-02-02 11:02:19.372"
"ALB","222.960","1","223.540","2","-2","223.61","bb278e0b-99fa-45da-9527-114768af948b","2022-02-02 11:02:19.372"
"ALB","224.080","1","224.530","2","2","222.75","6ba69efc-c5d9-483c-a3ae-f0a57c51c607","2022-02-02 11:03:02.347"
"ALB","224.130","2","224.530","2","2","222.75","02d338bc-0bcd-41da-b64e-9749c19d36e8","2022-02-02 11:03:02.347"
"ALB","224.040","2","224.490","4","2","222.75","3f0c0762-b417-4e1b-8fcc-2899c3950b48","2022-02-02 11:03:02.347"
"ALB","222.610","1","222.940","5","-2","222.94","ef5bd5f0-2123-45b3-8440-c3fa69409e2b","2022-02-02 11:03:32.618"
"ALB","222.610","1","222.940","5","-2","222.94","5dfec53d-3078-4223-ae81-0b549c7c4743","2022-02-02 11:03:32.618"
"ALB","222.610","1","222.940","5","-2","222.94","795f9882-d191-4037-94c0-0964d36dcdf1","2022-02-02 11:03:32.618"
"ALB","222.610","1","222.940","5","-2","222.94","fc711b59-6e75-4d61-a2da-38d1b7da8f15","2022-02-02 11:03:32.618"
"ALB","224.350","2","224.970","2","2","222.50","d38d8efa-475a-49e0-bc62-09e0ac360758","2022-02-02 11:03:34.052"
"ALB","224.490","2","224.930","2","2","222.50","de8e8601-f022-4315-95ed-90c264ac615c","2022-02-02 11:03:34.052"
"ALB","224.380","1","224.740","1","2","222.50","be30b5e3-5399-4eae-8e0c-19e8cc8c6e44","2022-02-02 11:03:34.052"
"ALB","224.040","1","224.520","9","2","222.50","8dcde8af-3311-4451-901d-a2b353174d1d","2022-02-02 11:03:34.052"
"ALB","223.830","3","224.350","2","2","222.50","2cbbb6f9-556e-4761-be89-afee7291e1e2","2022-02-02 11:03:34.052"
"ALB","224.200","1","224.460","10","2","222.50","3ec60132-5c89-4b29-953e-fc31d198a6e5","2022-02-02 11:03:34.052"
"ALB","224.090","1","224.460","11","2","222.50","09fb1982-487e-4113-b948-636b3c1aa234","2022-02-02 11:03:34.052"
"ALB","222.470","1","222.800","1","-2","222.80","0c2203f9-e61c-438d-837c-b0934f4f0060","2022-02-02 11:04:41.692"
"ALB","222.470","1","222.800","1","-2","222.80","06b85763-f818-4bb1-b151-d139af3f9924","2022-02-02 11:04:41.692"
"ALB","222.470","1","222.800","1","-2","222.80","430fcc79-8031-46e1-9a57-9dd9eedcaad8","2022-02-02 11:04:41.692"
"ALB","222.470","1","222.800","1","-2","222.80","4858f341-5f5c-4ad5-aa46-e48f29fc4c8d","2022-02-02 11:04:41.692"
"ALB","222.470","1","222.800","1","-2","222.80","76a3b226-80b8-40d7-b75a-db0ec07fc9ae","2022-02-02 11:04:41.692"
"ALB","222.470","1","222.800","1","-2","222.80","04266b41-5bea-4ee6-8c0a-509e0f3ca8d6","2022-02-02 11:04:41.692"
"ALB","222.470","1","222.800","1","-2","222.80","b3ff207d-2bd3-4add-b5b3-45ddde6a6452","2022-02-02 11:04:41.692"
"ALB","222.470","1","222.800","1","-2","222.80","34a1d251-12b8-4668-a068-91c9c532dd9d","2022-02-02 11:04:41.692"
"ALB","222.470","1","222.800","1","-2","222.80","4e82ee34-05d7-4323-8c7b-5abac3512516","2022-02-02 11:04:41.692"
"ALB","222.470","1","222.800","1","-2","222.80","430e459d-a200-4f2c-b3d9-4c22e10cf460","2022-02-02 11:04:41.692"
"ALB","222.470","1","222.800","1","-2","222.80","c63af8dc-f9dc-43a4-86b0-810ed4b42fe9","2022-02-02 11:04:41.692"
"ALB","222.470","1","222.800","1","-2","222.80","a9ec0bde-7ba6-4c69-b94a-ee629b5ca1f7","2022-02-02 11:04:41.692"
"ALB","222.470","1","222.800","1","-2","222.80","d66fd354-9ba6-46c6-9052-7b5201884c09","2022-02-02 11:04:41.692"
"ALB","222.470","1","222.800","1","-2","222.80","a8faaff5-c07b-4885-9a97-2e1778a6b622","2022-02-02 11:04:41.692"
"ALB","222.260","2","222.740","1","-2","222.74","4cff37fe-f763-4839-a173-08d580410de4","2022-02-02 11:05:41.677"
"ALB","222.730","1","223.040","2","-2","223.04","83c66d5e-912f-43d6-9cdc-aaf2b3857569","2022-02-02 11:05:50.841"
"ALB","223.110","2","223.470","2","2","222.51","10db5764-e242-4ebc-9e1a-d13e5e082d99","2022-02-02 11:31:34.856"
"ALB","223.160","2","223.420","2","2","222.51","17ca2135-cdf9-419c-bca8-aa21e154bb8a","2022-02-02 11:31:34.856"
"ALB","222.620","1","223.050","1","2","222.51","37cb4289-3a4a-4760-be26-d04ecf262622","2022-02-02 11:31:34.856"
"ALB","222.650","2","223.280","1","2","222.51","fc665d0f-a84d-45bd-a8a8-1ab4b8be3326","2022-02-02 11:31:34.856"
"ALB","222.910","2","223.450","2","2","222.09","bc8ffad2-0c8e-41ee-acb0-cd9cdd35f347","2022-02-02 11:33:00.851"
"ALB","222.850","2","223.210","2","2","222.09","758ae763-d797-4350-8d34-d6aa2508a1f2","2022-02-02 11:33:00.851"
"ALB","222.680","2","223.150","1","2","222.09","323a37f7-d859-416a-b714-d5533814bfa4","2022-02-02 11:33:00.851"
"ALB","223.000","1","223.280","1","2","222.09","8cd5e319-1599-4ae1-9cfc-e84cfcbca503","2022-02-02 11:33:00.851"
"ALB","223.040","1","223.450","2","2","222.09","1cf09a69-b0e8-468a-8185-3c0aed488a25","2022-02-02 11:33:00.851"
"ALB","223.180","3","223.640","2","2","222.03","005a2c4d-b85e-46b3-9fe3-244cf0e73f84","2022-02-02 11:33:00.854"
"ALB","223.250","3","223.550","2","2","222.00","8875248e-6a41-434b-b0d0-2374220789cc","2022-02-02 11:35:57.659"
"ALB","223.260","4","223.550","1","2","222.00","2e9ae29e-6b09-425e-9625-08dd04cbb269","2022-02-02 11:35:57.659"
"ALB","223.490","3","223.760","1","2","222.00","963cd833-c148-48cc-8dfc-792453de5faf","2022-02-02 11:35:57.659"
"ALB","223.060","2","223.500","1","2","222.00","1bfa1264-7faa-4d49-bf50-9d7078b909c6","2022-02-02 11:35:57.659"
"ALB","223.060","2","223.320","1","2","221.78","79375611-e86b-4e41-93b3-cd7d302a8d77","2022-02-02 11:36:04.266"
"ALB","223.190","2","223.570","1","2","221.78","c272b1e6-2061-4a52-9fd9-c506c383352a","2022-02-02 11:36:04.266"
"ALB","223.200","2","223.520","2","2","221.78","ae309216-fb38-420c-b008-a68a6540ee9e","2022-02-02 11:36:04.266"
"ALB","223.240","2","223.530","2","2","221.78","3861cd5e-b067-4a1c-bfac-661309853eb6","2022-02-02 11:36:04.266"
"ALB","222.770","2","223.250","2","2","221.65","be175ab0-d64e-48fc-ae37-9c44b0f2ca03","2022-02-02 11:36:04.266"
"ALB","222.790","1","223.100","2","2","221.65","3c65c993-64f7-4d1a-a83e-e47876c28b59","2022-02-02 11:36:04.266"
"ALB","222.790","1","223.100","2","2","221.65","66a4a0b9-dd55-42b2-aca9-c94fe9e0bd50","2022-02-02 11:36:04.266"
"ALB","221.700","2","222.100","1","-2","222.10","27eea3ea-a97e-400c-b281-f39ccb0a1242","2022-02-02 11:36:20.088"
"ALB","221.700","2","222.100","1","-2","222.10","e8b56835-8796-48e1-894d-a15fe8fba893","2022-02-02 11:36:20.088"
"ALB","221.700","2","222.100","1","-2","222.10","4e7f7a2f-6c62-48b0-858b-aa6fe1587d0c","2022-02-02 11:36:20.088"
"ALB","221.700","2","222.100","1","-2","222.10","cbbbdf88-618d-4db9-8520-52b6094b1b86","2022-02-02 11:36:20.088"
"ALB","221.700","2","222.100","1","-2","222.10","7b81062d-0979-42d0-acb7-26cda8c83e5d","2022-02-02 11:36:20.088"
"ALB","221.700","2","222.100","1","-2","222.10","0ccb47c2-d63b-4a63-83a6-eb1d30a9c546","2022-02-02 11:36:20.088"
"ALB","221.700","2","222.100","1","-2","222.10","e2235953-3c27-4a7e-953c-a4280aa5c9e8","2022-02-02 11:36:20.088"
"ALB","221.700","2","222.100","1","-2","222.10","ce52a028-e71a-45d5-b1dd-704bfab49a74","2022-02-02 11:36:20.088"
"ALB","221.770","2","222.310","1","-2","222.36","de83c98a-d942-4e58-98e9-1290aa02f4f0","2022-02-02 11:36:36.087"
"ALB","221.770","2","222.310","1","-2","222.36","177e4e23-7a48-4ebd-aed9-d1e3b4c399fb","2022-02-02 11:36:36.087"
"ALB","221.770","2","222.310","1","-2","222.36","4408d4b5-fd55-4f30-9cf9-107b1600c3dd","2022-02-02 11:36:36.087"
"ALB","221.770","2","222.310","1","-2","222.36","69da14e6-7064-44fd-aa53-97ce99d7cfef","2022-02-02 11:36:36.087"
"ALB","221.770","2","222.310","1","-2","222.36","229400de-70c3-4412-a9e9-846d0d4d0009","2022-02-02 11:36:36.087"
"ALB","221.770","2","222.310","1","-2","222.36","82fc2395-1cd7-42a8-b390-09e799e9b24f","2022-02-02 11:36:36.087"
"ALB","221.770","2","222.310","1","-2","222.36","b812196f-180f-4cb6-b957-7e6487d35381","2022-02-02 11:36:36.087"
"ALB","222.160","2","222.380","1","-2","222.44","1322fa46-6b85-49e4-aedf-479b9df38e45","2022-02-02 11:37:40.008"
"ALB","222.160","2","222.380","1","-2","222.44","90420a2b-0f40-42d6-9ea5-dd3ea33009c9","2022-02-02 11:37:40.008"
"ALB","222.500","1","222.790","3","2","221.50","b70139bc-caf4-44bb-8726-658d45a399ef","2022-02-02 11:38:54.109"
"ALB","221.440","2","221.770","1","-2","221.78","480e3df0-046a-41ee-8fbb-e19ed373098e","2022-02-02 11:40:12.792"
"ALB","221.440","2","221.770","1","-2","221.78","b4832844-e1a1-4142-84b9-9aa1a8d8c862","2022-02-02 11:40:12.792"
"ALB","221.460","1","221.940","1","-2","221.94","a4dad58e-0c12-4047-9f89-c3d8d9865342","2022-02-02 11:40:20.179"
"ALB","221.460","1","221.940","1","-2","221.94","6308590b-d945-4185-928b-88fdce668858","2022-02-02 11:40:20.179"
"ALB","222.020","2","222.290","1","-2","222.29","91547c9d-f415-4b30-adac-2814001bebac","2022-02-02 11:41:17.645"
"ALB","223.860","2","224.230","1","2","222.77","80731379-bee5-47ea-9f0b-f472152fe4ab","2022-02-02 12:19:35.788"
"ALB","223.850","1","224.200","1","2","222.77","cc80570c-8066-405a-a8df-70d5f0901c58","2022-02-02 12:19:35.788"
"ALB","223.070","2","223.330","5","-2","223.33","7099c7a7-d4f2-4cba-8426-db76c491d560","2022-02-02 12:21:54.281"
"ALB","223.130","1","223.500","2","-2","223.50","dd0622c0-347a-46ec-b3a8-6a45d8419d41","2022-02-02 12:23:23.812"
"ALB","224.030","1","224.370","1","2","222.72","7a6a0584-4b70-4199-aa35-4d59fae2cf45","2022-02-02 12:25:10.934"
"ALB","224.020","1","224.370","1","2","222.72","a3978dd2-b191-4660-92a9-105f572e1e3f","2022-02-02 12:25:10.934"
"ALB","223.970","2","224.340","2","2","222.72","d347ff6a-db64-4afc-ab6d-45e05afd64f3","2022-02-02 12:25:10.934"
"ALB","223.910","1","224.340","3","2","222.72","50bdd54e-7da0-41a1-b7d1-890fe7cfaf01","2022-02-02 12:25:10.934"
"ALB","223.690","1","224.080","2","2","222.72","ab1bf40b-72fd-4fe3-8430-c60d760225bc","2022-02-02 12:25:10.934"
"ALB","223.730","2","224.080","2","2","222.72","80814a65-fc4e-4ba0-9264-1b68fd5b00d1","2022-02-02 12:25:10.934"
"ALB","223.750","3","224.280","2","2","222.72","78e8f0c2-d153-454a-a115-b6fbf0923abb","2022-02-02 12:25:10.934"
"ALB","222.670","1","223.000","1","-2","223.00","e914c595-89ed-4095-a1aa-445300328a19","2022-02-02 12:25:36.745"
"ALB","222.670","1","223.000","1","-2","223.00","0cf9508e-cb7d-4131-ad81-0dd88b91e605","2022-02-02 12:25:36.745"
"ALB","222.670","1","223.000","1","-2","223.00","d7c84909-0941-4feb-862a-4432ab4cc8e2","2022-02-02 12:25:36.745"
"ALB","222.670","1","223.000","1","-2","223.00","be523a19-0aed-48a5-9556-e313aa869536","2022-02-02 12:25:36.745"
"ALB","222.540","2","222.790","1","-2","222.79","0c9749bc-465d-4074-a8c1-a53ab45dc19c","2022-02-02 12:32:19.504"
"ALB","222.540","2","222.790","1","-2","222.79","27bd5d33-61ed-4ded-a970-a0771f710ba9","2022-02-02 12:32:19.504"
"ALB","222.540","2","222.790","1","-2","222.79","27524247-1b24-4bb3-b359-c85e1681b910","2022-02-02 12:32:19.504"
"ALB","222.740","1","223.140","2","2","222.75","0259a7a8-af09-4e2e-b211-a0ae77aa7e15","2022-02-02 12:40:42.311"
"ALB","222.730","2","223.130","2","-2","223.13","66e3485c-18c8-462b-b6f4-3f363f73e07e","2022-02-02 12:42:19.044"
"ALB","223.080","1","223.470","1","2","222.97","436db805-5eb1-4684-b517-8976eea11ff4","2022-02-02 13:05:13.033"
"ALB","223.040","1","223.450","2","2","222.97","6f9f68a0-7594-4149-8b63-e33136a22e82","2022-02-02 13:05:13.033"
"ALB","223.040","1","223.450","1","2","222.97","448fc0da-c1a5-45b7-891a-74060a168084","2022-02-02 13:05:13.033"
"ALB","223.080","2","223.540","1","2","222.72","62399aac-0b5d-4cfb-88d8-32009710b515","2022-02-02 13:09:44.703"
"ALB","223.100","1","223.470","2","2","222.72","0381e2fc-45fd-4adc-9d6d-065ba6f78a19","2022-02-02 13:09:44.703"
"ALB","223.040","1","223.470","2","2","222.72","e4dc379b-8ce1-45e0-849e-da31ee8a48ee","2022-02-02 13:09:44.703"
"ALB","223.070","1","223.460","3","2","222.72","bd1d0939-7544-4618-8861-12f582668da9","2022-02-02 13:09:44.703"
"ALB","223.080","1","223.450","1","2","222.72","59d96667-db8e-46f8-8776-b755099f6765","2022-02-02 13:09:44.703"
"ALB","222.810","1","223.190","2","2","222.50","27e0d7ad-e519-4f9e-bde3-d57966f67da3","2022-02-02 13:09:45.995"
"ALB","222.800","1","223.120","2","2","222.50","4a0fc1c4-ddcf-43d8-a4bb-076ae24d2f4a","2022-02-02 13:09:45.995"
"ALB","222.970","1","223.210","1","2","222.50","795ca5ae-18be-4d38-bfbe-0fd06d38ea19","2022-02-02 13:09:45.995"
"ALB","222.290","1","222.600","2","-2","222.60","01b70218-11d8-497c-b5b9-2eba224cde76","2022-02-02 13:11:01.062"
"ALB","222.290","1","222.600","2","-2","222.60","7d284db5-9452-4719-b867-ba96cf01198b","2022-02-02 13:11:01.062"
"ALB","222.290","1","222.600","2","-2","222.60","44f0cc2e-e37e-4a0a-85cc-24bac4f38655","2022-02-02 13:11:01.062"
"ALB","222.290","1","222.600","2","-2","222.60","d88d09df-1851-4edc-9554-606e63f75650","2022-02-02 13:11:01.062"
"ALB","222.290","1","222.600","2","-2","222.60","6cfe0c1c-7328-4a70-a94d-3c820d564bda","2022-02-02 13:11:01.062"
"ALB","222.290","1","222.600","2","-2","222.60","7bef9f5b-6f12-47eb-ac78-7c0457d4af1c","2022-02-02 13:11:01.062"
"ALB","222.290","1","222.600","2","-2","222.60","79487cbe-faa6-47bd-8df2-767b0108e553","2022-02-02 13:11:01.062"
"ALB","222.290","1","222.600","2","-2","222.60","f62d8e53-45f5-47c7-b0fe-f58c2b2ef939","2022-02-02 13:11:01.062"
"ALB","222.300","1","222.680","2","-2","222.69","23f3c17e-463c-4dc4-804b-8567cbb0ed5c","2022-02-02 13:13:51.707"
"ALB","222.360","2","222.710","1","-2","222.71","e8999471-6685-4728-81f7-437dece2ab4e","2022-02-02 13:15:20.055"
"ALB","222.810","1","223.060","2","-2","223.14","b2e63c16-5313-4e86-b5a5-e7c42d00f8f3","2022-02-02 13:16:33.994"
"ALB","222.430","2","222.970","2","2","222.09","bfb9ffeb-4cb5-4b9e-a141-5c06d02ef4c7","2022-02-02 13:27:18.393"
"ALB","222.490","1","223.130","1","2","222.09","49ea2162-3525-403e-9c05-1a7c6bdc8bbb","2022-02-02 13:27:18.393"
"ALB","222.690","1","223.130","1","2","222.09","69862a35-01b5-47a0-8e80-87d33422537b","2022-02-02 13:27:18.393"
"ALB","222.800","1","223.340","3","2","222.00","f31002b1-8323-4059-8939-23da3aa17fa8","2022-02-02 13:27:18.802"
"ALB","222.660","1","223.070","6","2","221.83","0adaece8-38fb-41be-8650-31ee7d3925eb","2022-02-02 13:27:28.001"
"ALB","222.680","1","223.050","2","2","221.83","3fa6342e-b0ea-4933-8326-e9d0d0765d66","2022-02-02 13:27:28.001"
"ALB","223.070","3","223.320","1","2","221.83","36c2be09-4953-4ee5-8a28-d07a5400eabb","2022-02-02 13:27:28.001"
"ALB","222.960","2","223.330","1","2","221.83","b72bbb1a-1424-4ed2-9d76-d8a6a3b3d37f","2022-02-02 13:27:28.001"
"ALB","222.960","2","223.330","1","2","221.83","e4d69bf9-a316-430e-8b1e-80c42004881f","2022-02-02 13:27:28.001"
"ALB","221.730","1","222.170","1","-2","222.17","1b8d78de-3343-4bd1-8405-5012f5b5e669","2022-02-02 13:28:38.705"
"ALB","221.730","1","222.170","1","-2","222.17","7e46de47-d128-4036-8912-0f8adaf86970","2022-02-02 13:28:38.705"
"ALB","221.730","2","222.120","1","-2","222.12","6bd921b4-400c-4330-a116-0d0506a7ee16","2022-02-02 13:29:02.648"
"ALB","221.730","2","222.120","1","-2","222.12","ac60f74b-3e7e-4e55-bc5b-3e76ee0b3d85","2022-02-02 13:29:02.648"
"ALB","221.730","2","222.120","1","-2","222.12","352510f5-8842-414c-9784-efaf1009f6bc","2022-02-02 13:29:02.648"
"ALB","221.980","2","222.320","1","-2","222.32","654b6aa3-dbac-4e5d-98d0-c38d72533821","2022-02-02 13:31:11.716"
"ALB","221.990","2","222.320","1","-2","222.32","86267606-a724-4719-b1ad-5bdda1edc06a","2022-02-02 13:31:42.128"
"ALB","222.060","1","222.420","1","-2","222.43","a71196bd-e0b3-4b89-83db-c96a946e5d0b","2022-02-02 13:32:11.059"
"ALB","222.180","1","222.510","1","-2","222.60","f6122931-5fb8-47d1-be6d-9dac81fde6b0","2022-02-02 13:32:46.785"
"ALB","222.900","3","223.290","2","2","221.50","cbe0feeb-a080-4300-98c8-ee3fd1023a72","2022-02-02 13:49:44.091"
"ALB","222.670","2","223.130","1","2","221.43","0595a589-96ba-48b1-8038-a9dcfdc0e1df","2022-02-02 13:49:45.657"
"ALB","221.150","2","221.520","2","-2","221.52","14a0cbcc-2830-40a8-bd8d-8cdf471f42b2","2022-02-02 13:52:32.179"
"ALB","221.240","1","221.540","1","-2","221.54","8669327c-dde4-4283-a7cd-137aac5551dc","2022-02-02 13:53:03.208"
"ALB","221.930","1","222.260","1","2","222.07","a4f01ef7-f294-4061-8d68-22b40e204b21","2022-02-02 13:59:40.144"
"ALB","221.930","1","222.260","1","2","222.07","fffe5cff-5004-47a2-a693-e50ab185f867","2022-02-02 13:59:40.144"
"ALB","221.930","1","222.260","1","2","222.07","3d2c9ea6-7d3e-4441-8425-12f8885b962c","2022-02-02 13:59:40.144"
"ALB","222.280","2","222.610","1","-2","222.61","97bebe7f-a13f-43bc-a2a9-714fb467e85a","2022-02-02 14:04:03.330"
"ALB","222.100","1","222.310","1","-2","222.32","b10a9b4e-5e75-49e3-ae2e-42ecfb07a396","2022-02-02 14:06:31.803"
"ALB","221.940","1","222.150","1","-2","222.19","3a257bf4-1d16-405f-afa3-b533a6df336d","2022-02-02 14:10:24.632"
"ALB","221.900","2","222.380","2","2","221.37","d568fa36-e51b-4b71-bae0-ff87fba3c5df","2022-02-02 14:13:10.662"
"ALB","221.920","2","222.380","2","2","221.37","f81eb123-1d7b-4b5d-baad-82f63e437b10","2022-02-02 14:13:10.662"
"ALB","221.900","2","222.270","2","2","221.37","31d81a54-9b81-4182-9eae-05f1b1140438","2022-02-02 14:13:10.662"
"ALB","221.950","1","222.270","2","2","221.37","2a2be13d-c270-4fc9-aff6-7dd5baf88e64","2022-02-02 14:13:10.662"
"ALB","221.040","1","221.350","1","-2","221.36","0e0bea61-9709-4cad-b865-d9f12248d2ad","2022-02-02 14:16:49.175"
"ALB","221.040","1","221.350","1","-2","221.36","ccb6053a-96f3-463b-ac71-b43a8f2e28a2","2022-02-02 14:16:49.175"
"ALB","220.850","2","221.340","1","-2","221.36","f2925cb7-96f9-4293-bdfe-0283f6215bb6","2022-02-02 14:16:49.175"
"ALB","220.850","2","221.340","1","-2","221.36","6075b782-4f4e-4bfb-a3c7-03f9658d7770","2022-02-02 14:16:49.175"
"ALB","221.340","1","221.750","2","2","221.58","1f413d99-5e56-4922-afea-d7bd7ec1d9e0","2022-02-02 14:28:00.016"
"ALB","221.750","1","222.070","2","-2","222.07","75630c98-986b-4404-a754-5b3b579f6e08","2022-02-02 14:29:56.876"
"ALB","221.930","1","222.260","1","2","221.92","cd702fcf-3dc9-45cb-825f-298637e828cf","2022-02-02 14:59:45.300"
"ALB","221.530","3","221.890","1","-2","221.89","8a059a8b-57ba-441b-80e4-5ccf60c7b02d","2022-02-02 15:00:23.989"
"ALB","222.380","2","222.660","1","2","221.57","ac94aa2c-ce18-4226-b0d2-409b22be7047","2022-02-02 15:02:29.437"
"ALB","222.360","1","222.640","1","2","221.57","8e66df06-8119-491b-910a-d3ff08eed99e","2022-02-02 15:02:29.437"
"ALB","222.340","1","222.640","1","2","221.57","38445073-a07d-4bb8-a2f0-ce0e55a03efd","2022-02-02 15:02:29.437"
"ALB","222.480","1","222.760","1","2","221.57","018254b3-5bd6-4b85-bdaa-fc10c6666213","2022-02-02 15:02:29.437"
"ALB","222.480","1","222.770","1","2","221.57","399f3810-7a4b-42e8-bacc-271ca4304351","2022-02-02 15:02:29.437"
"ALB","222.090","2","222.710","2","2","221.57","ba6f328d-8d51-45b9-9644-f2fae92181af","2022-02-02 15:02:29.437"
"ALB","222.170","1","222.490","1","2","221.57","3be160cb-9ae9-4bd4-af17-4c2bc61ed07b","2022-02-02 15:02:29.437"
"ALB","222.280","2","222.630","1","2","221.57","ecbb7c56-a6c3-4368-8a75-111d1150d864","2022-02-02 15:02:29.437"
"ALB","222.370","1","222.740","1","2","221.57","1218647d-97c4-4f54-89f2-9c9ac87269ba","2022-02-02 15:02:29.437"
"ALB","222.370","2","222.750","1","2","221.57","cddf519e-7abe-4df9-85ea-15ac9924b0d1","2022-02-02 15:02:29.437"
"ALB","222.050","1","222.300","1","2","221.57","18dfde43-60af-4951-958b-4d296041fd0c","2022-02-02 15:02:29.437"
"ALB","221.930","3","222.380","1","2","221.57","caf8ac81-6ebe-4e91-b080-368a5f2db270","2022-02-02 15:02:29.437"
"ALB","222.060","1","222.310","1","2","221.57","61da7e40-6530-4fcb-842b-a13615b0aaa1","2022-02-02 15:02:29.437"
"ALB","222.060","1","222.310","1","2","221.57","36e0fcc5-9f49-42a3-a83e-f43ad4e68f3d","2022-02-02 15:02:29.437"
"ALB","222.050","2","222.350","1","2","221.57","58461423-7506-4b45-8153-f4a0649d0291","2022-02-02 15:02:29.437"
"ALB","222.050","2","222.350","1","2","221.57","0bd9546b-8f3d-4bb7-a467-db81c6647258","2022-02-02 15:02:29.437"
"ALB","221.680","3","222.060","2","-2","222.08","7164f8a4-3466-4952-aed4-2c8dce323e4e","2022-02-02 15:03:41.474"
"ALB","221.680","3","222.060","2","-2","222.08","16dccf6e-75cf-4932-9a82-7086232747c7","2022-02-02 15:03:41.474"
"ALB","221.680","3","222.060","2","-2","222.08","eee044f3-6bdc-45b4-8e2b-a80dd22c5e8a","2022-02-02 15:03:41.474"
"ALB","221.680","3","222.060","2","-2","222.08","856506b6-dd05-49cb-8ad3-54e10cd12a51","2022-02-02 15:03:41.474"
"ALB","221.680","3","222.060","2","-2","222.08","e84a752d-2f86-4bec-b767-03f795fda7ce","2022-02-02 15:03:41.474"
"ALB","222.000","1","222.360","2","-2","222.54","2f48b832-8b7a-4a46-8009-3f80b2662c1f","2022-02-02 15:03:51.203"
"ALB","222.000","1","222.360","2","-2","222.54","5d17a5b4-2266-4508-ae5a-2f703fe33455","2022-02-02 15:03:51.203"
"ALB","222.000","1","222.360","2","-2","222.54","b3a1dd14-cc06-44de-94ab-757701275702","2022-02-02 15:03:51.203"
"ALB","222.000","1","222.360","2","-2","222.54","1e88b81f-fa8f-4cbd-a3cb-7e14f1dba471","2022-02-02 15:03:51.203"
"ALB","222.000","1","222.360","2","-2","222.54","e05230df-206d-45e7-9aa3-c9cdec80ef5a","2022-02-02 15:03:51.203"
"ALB","222.000","1","222.360","2","-2","222.54","173b1cbd-ffd9-4289-be64-18c36f289ea9","2022-02-02 15:03:51.203"
"ALB","222.020","1","222.340","1","-2","222.42","a6137e7a-d091-4869-9d70-4b272d485045","2022-02-02 15:04:16.626"
"ALB","222.240","1","222.510","2","-2","222.51","242f54ea-85fc-4672-96fe-c6593435d855","2022-02-02 15:05:30.994"
"ALB","222.250","1","222.510","1","-2","222.51","a04bf1fd-7b73-4e45-a239-1931eb89d9a2","2022-02-02 15:05:44.505"
"ALB","222.250","1","222.510","1","-2","222.51","d814eed8-58af-4ef0-9c3f-c51fc48b8e3b","2022-02-02 15:05:44.505"
"ALB","221.720","1","222.000","1","-2","222.00","59ebb12a-c39d-4864-8f97-8566f430e392","2022-02-02 15:10:34.979"
"ALB","222.420","1","222.690","1","2","221.72","99a9dde2-0b52-4452-86b2-3dc9cb084318","2022-02-02 15:28:03.840"
"ALB","222.460","1","222.680","1","2","221.72","139b9401-3055-4663-a897-1df3c9bb0096","2022-02-02 15:28:03.840"
"ALB","222.400","1","222.660","1","2","221.72","ffe5a0ef-2751-4e8f-ae19-adf9412df079","2022-02-02 15:28:03.840"
"ALB","222.410","2","222.740","1","2","221.72","46db460c-4b6b-444e-999a-9545eab2fdcf","2022-02-02 15:28:03.840"
"ALB","222.520","1","222.780","5","2","221.72","2688a6c0-030a-4d33-94b5-5f7dd9d0a2d7","2022-02-02 15:28:03.840"
"ALB","222.480","1","222.740","1","2","221.72","20afc50c-4e09-4eff-8f2f-a6407ab6a9c3","2022-02-02 15:28:03.840"
"ALB","222.360","1","222.540","1","2","221.72","38c3a799-a91d-4b30-acf5-9b31aabcb5a1","2022-02-02 15:28:03.840"
"ALB","222.360","1","222.660","1","2","221.72","fb8e760f-e448-4024-b2f0-0960c76c55e6","2022-02-02 15:28:03.840"
"ALB","222.420","2","222.690","2","2","221.72","003c1174-cb32-44fd-9c38-69269f62121f","2022-02-02 15:28:03.840"
"ALB","221.810","1","221.930","1","-2","221.93","5b2760e1-0ffe-4c58-b911-5621e4a29d3f","2022-02-02 15:29:40.015"
"ALB","221.810","1","221.930","1","-2","221.93","325cc32a-9887-47dd-8b56-78c587b3c578","2022-02-02 15:29:40.015"
"ALB","221.810","1","221.930","1","-2","221.93","251387cd-0288-425f-bad9-466255d20349","2022-02-02 15:29:40.015"
"ALB","221.810","1","221.930","1","-2","221.93","acf26f72-fee0-48cb-aeea-0c8cfd572339","2022-02-02 15:29:40.015"
"ALB","221.840","1","222.080","1","-2","222.08","a0d1a1b2-3555-48cd-9273-5c791e325a47","2022-02-02 15:30:10.577"
"ALB","221.840","1","222.080","1","-2","222.08","a496cf0c-4afe-4d61-a432-f0f6e2b082db","2022-02-02 15:30:10.577"
"ALB","221.840","1","222.080","1","-2","222.08","f5850b30-0fc0-48db-96d3-56310a79e616","2022-02-02 15:30:10.577"
"ALB","221.730","2","221.920","1","-4","221.73","4116772e-e39d-49d6-ab9f-dfec4b5c15a2","2022-02-02 15:48:00.006"
"ALC","78.970","1","79.030","2","5","78.86","eb76fe4a-2bf0-430b-ac7e-4ba150085ced","2022-02-02 10:04:39.085"
"ALC","78.970","1","79.030","2","5","78.86","caae2bb2-c00c-4ebe-81be-a55277980ffe","2022-02-02 10:04:39.085"
"ALC","78.950","1","79.010","2","5","78.86","f40c7e16-a81b-49af-98f0-324fd824598d","2022-02-02 10:04:39.085"
"ALC","78.950","1","79.010","3","5","78.86","45607d07-da18-4a06-a0d5-ddc966140b36","2022-02-02 10:04:39.085"
"ALC","78.960","6","79.010","1","5","78.86","57f0ada6-942a-49ac-b7f9-5520833b8c30","2022-02-02 10:04:39.085"
"ALC","78.880","7","78.960","1","-5","78.96","80882125-140c-4169-b2b2-8e6d131abf5d","2022-02-02 10:05:43.430"
"ALC","78.880","7","78.960","1","-5","78.96","cd3b3c50-66e8-40ba-8a6e-cfa0efbf8b7b","2022-02-02 10:05:43.430"
"ALC","78.880","7","78.960","1","-5","78.96","93a7ee7e-c7a9-494a-a073-84f438baf521","2022-02-02 10:05:43.430"
"ALC","78.910","3","78.980","7","-5","78.98","8880e721-008d-46bb-ae2c-8777532f1af7","2022-02-02 10:06:07.536"
"ALC","78.920","7","78.990","2","-5","79.00","1e764a9c-ddda-4f4d-b21f-76bfec510cb4","2022-02-02 10:06:32.160"
"ALC","78.890","3","78.940","7","5","78.84","6be0e711-76a9-4efb-8ee3-f5cd3731f6a8","2022-02-02 10:27:35.412"
"ALC","78.890","3","78.940","7","5","78.84","af3d837e-dc10-4c8b-8630-1b78d149879d","2022-02-02 10:27:35.412"
"ALC","78.810","1","78.850","1","-5","78.86","11640a57-925e-48f3-860c-1cc4725c8ec4","2022-02-02 10:28:09.256"
"ALC","78.800","1","78.850","3","-5","78.85","6cad50a0-c343-4762-8bbb-39b078d41e89","2022-02-02 10:28:54.728"
"ALC","79.000","1","79.040","2","5","78.79","c3545950-e408-4d31-87e9-8a6ce1cdfb97","2022-02-02 10:30:26.457"
"ALC","78.820","1","78.860","8","-5","78.88","2bec9534-ff82-495a-be53-a7c58972c384","2022-02-02 10:32:58.795"
"ALC","79.080","2","79.140","8","5","78.90","4458ee73-4384-4ff5-853e-9b3c280db4ea","2022-02-02 11:14:59.778"
"ALC","79.080","7","79.140","1","5","78.90","437a4317-2453-4ebc-b25a-74ee8d3dfee6","2022-02-02 11:14:59.778"
"ALC","78.900","7","78.960","5","-5","78.96","cdbcfc08-cdbb-4c8c-bea9-35b82d8def11","2022-02-02 11:15:48.059"
"ALC","78.900","1","78.960","7","-5","78.96","d8b620a1-b908-4d1d-b39f-9e14f559903c","2022-02-02 11:16:05.724"
"ALC","79.150","1","79.170","7","5","78.99","b2b6c0fa-3125-411f-8c4f-2a87e3738710","2022-02-02 11:30:00.002"
"ALC","79.120","3","79.180","5","5","78.99","c6edf46d-2d00-4cde-9b3b-524f83784ee3","2022-02-02 11:30:00.002"
"ALC","79.050","1","79.090","6","5","78.95","38404966-4373-4abe-bbe2-2a0c42af73ff","2022-02-02 11:30:10.910"
"ALC","79.060","1","79.080","3","5","78.95","2ed8e972-ed7f-461e-9025-b6acaf2a32c2","2022-02-02 11:30:10.910"
"ALC","79.060","1","79.080","8","5","78.95","885f8f96-54fb-44d2-ae3c-64922928c43a","2022-02-02 11:30:10.910"
"ALC","79.030","2","79.090","7","5","78.95","3dd303be-f82a-46b3-8f73-6f55e8f9f12d","2022-02-02 11:30:10.910"
"ALC","79.030","1","79.090","7","5","78.95","e29d10c4-22fd-41e9-a36a-74a580300e81","2022-02-02 11:30:10.910"
"ALC","78.980","1","79.020","1","-5","79.04","0dd257fd-c60d-4cf2-bb0a-f1a9afe95e7d","2022-02-02 11:30:35.114"
"ALC","78.980","1","79.020","1","-5","79.04","f4b08adc-5da6-4ba8-bbf6-254a8533d169","2022-02-02 11:30:35.114"
"ALC","78.980","1","79.020","1","-5","79.04","69c7b80a-458d-414e-9041-2b17ec319a97","2022-02-02 11:30:35.114"
"ALC","78.980","1","79.020","1","-5","79.04","8d85ea7d-2358-496f-8455-7f21f780c057","2022-02-02 11:30:35.114"
"ALC","78.960","3","79.040","3","-5","79.04","0462d419-1a1c-416a-b447-5d7f8571a990","2022-02-02 11:31:06.843"
"ALC","78.960","3","79.040","3","-5","79.04","d3016b13-4ec8-4053-b68f-2e7642ee6f08","2022-02-02 11:31:06.843"
"ALC","79.090","1","79.180","5","5","78.92","b48a8999-3e19-4f5f-b648-1f559dfe213e","2022-02-02 11:36:44.618"
"ALC","78.900","3","79.000","3","-5","79.00","981c04b2-e78a-4313-92bd-1e4be41de4d9","2022-02-02 11:38:10.008"
"ALC","78.900","3","79.000","2","-5","79.00","57d2ea52-5980-47a9-b901-a6d55ffea870","2022-02-02 11:38:10.008"
"ALC","78.900","3","79.000","2","5","79.00","97cc8b0e-f1f5-4a54-a300-9918415bcaa6","2022-02-02 11:38:20.006"
"ALC","78.830","3","78.910","1","-5","78.91","6dd8d399-3865-436d-9318-3a3b354d8328","2022-02-02 11:40:12.664"
"ALC","78.900","2","79.000","4","5","79.00","5e5bfc1c-f302-4d4f-8c92-63d13c505bf7","2022-02-02 11:45:10.006"
"ALC","78.900","2","79.000","4","-5","79.00","5f448f73-a0e2-45ee-85d0-4c6f9900941b","2022-02-02 11:46:21.475"
"ALC","78.970","2","79.070","2","5","79.00","6b2b4fb6-9ea5-418c-8547-823dff68de0e","2022-02-02 11:48:13.783"
"ALC","78.970","2","79.070","2","5","79.00","51a5048d-dd04-470f-b1f2-557678b729ad","2022-02-02 11:48:13.783"
"ALC","78.970","2","79.070","2","5","79.00","283f9deb-4f99-4a0e-9a8a-92f460863e73","2022-02-02 11:48:13.783"
"ALC","78.880","1","78.960","3","-5","78.96","ec0122e5-b73d-4c95-8fda-eb77d6c46f3f","2022-02-02 11:49:34.122"
"ALC","78.730","3","78.840","1","-5","78.86","7b6f21c2-c9b9-42dc-8457-ef6d15df447c","2022-02-02 11:58:11.804"
"ALC","78.760","2","78.860","2","-5","78.86","4ef26d1d-51c3-483f-a598-3639ad6401ab","2022-02-02 11:59:15.998"
"ALC","78.960","5","79.020","1","5","78.95","8ae6c143-ac75-4512-9f76-c9ae7cf3daa6","2022-02-02 12:04:40.635"
"ALC","78.970","5","79.020","1","5","78.95","db9994ce-df86-4d03-8d64-a5db963851e8","2022-02-02 12:04:40.635"
"ALC","78.970","5","79.020","1","5","78.95","eb7c1b82-2d87-4845-9480-1fb76bcdf8f2","2022-02-02 12:04:40.635"
"ALC","78.980","5","79.040","1","5","78.95","8e589bc8-f6cd-4639-8062-afd176772abd","2022-02-02 12:04:40.635"
"ALC","79.000","5","79.070","1","-5","79.07","904e24cd-7793-4cd2-93c8-9dd876bc1b4d","2022-02-02 12:07:13.054"
"ALC","79.000","5","79.070","1","-5","79.07","33161448-7c34-4254-8ec5-acb7f6d76f27","2022-02-02 12:07:13.054"
"ALC","79.020","5","79.100","3","-5","79.10","22527881-958b-4119-831a-79f4de677020","2022-02-02 12:09:00.120"
"ALC","79.060","5","79.100","4","-5","79.10","a6bb548b-2891-4c30-8c64-0d555e90088e","2022-02-02 12:10:06.659"
"ALC","79.480","2","79.530","3","5","79.48","76949689-f23e-4dd8-98b8-086549e2e858","2022-02-02 13:09:39.568"
"ALC","79.480","2","79.530","3","5","79.48","f4eeda52-0d9d-4271-9578-ddbb69c6393b","2022-02-02 13:09:39.568"
"ALC","79.490","4","79.530","4","-5","79.53","e322da36-e8f3-4064-b758-f849dd83f682","2022-02-02 13:10:08.126"
"ALC","79.480","2","79.540","2","5","79.39","f6660eaa-1d7c-4070-a375-9ed703b14734","2022-02-02 13:12:33.756"
"ALC","79.390","2","79.450","1","-5","79.45","e35e59bf-875a-4314-9533-cdead82b1cc7","2022-02-02 13:13:06.352"
"ALC","79.400","2","79.440","1","-5","79.44","aeea4703-703e-4d64-9997-40593e2e5690","2022-02-02 13:15:36.453"
"ALC","79.430","5","79.460","1","5","79.46","f77d7f43-8de1-4172-9dd7-c46f9001341a","2022-02-02 13:20:00.006"
"ALC","79.430","5","79.460","1","-5","79.46","83c95c3e-c198-4479-9e57-0e41f15f42fe","2022-02-02 13:20:20.115"
"ALC","79.480","3","79.530","1","5","79.46","0a48396f-d252-4e96-ad86-f9c62f185d5b","2022-02-02 13:24:58.151"
"ALC","79.470","2","79.540","2","5","79.33","adf6d7ab-0336-46b4-a450-9d761043dc8b","2022-02-02 13:27:58.945"
"ALC","79.430","1","79.530","2","5","79.31","4c59041b-fb2b-417d-8e83-0e014f19d6f2","2022-02-02 13:28:00.720"
"ALC","79.470","3","79.550","3","5","79.31","ee289d83-689c-4eca-9c55-db32f0673dc4","2022-02-02 13:28:00.720"
"ALC","79.470","3","79.550","3","5","79.31","2c19864b-7332-4b69-9fbf-a40e137846c0","2022-02-02 13:28:00.720"
"ALC","79.470","3","79.550","3","5","79.31","7bcdf227-2ed5-4c65-a5c0-94522ae3c316","2022-02-02 13:28:00.720"
"ALC","79.470","3","79.550","3","5","79.31","478f19ac-d584-4ae2-9116-d48c928b445b","2022-02-02 13:28:00.720"
"ALC","79.290","1","79.370","3","-5","79.37","c1447bc5-a704-489c-8f46-76c43bab486d","2022-02-02 13:31:00.015"
"ALC","79.290","1","79.370","3","-5","79.37","d38a446c-82c3-489c-856a-bd80526bfa39","2022-02-02 13:31:00.015"
"ALC","79.290","2","79.370","3","-5","79.37","b70becc4-5932-4d01-b851-7708b4117f60","2022-02-02 13:31:00.015"
"ALC","79.290","2","79.370","3","-5","79.37","e32362df-c2f2-4a04-9134-ed323ef1540f","2022-02-02 13:31:00.015"
"ALC","79.290","2","79.370","3","-5","79.37","c10f033f-2068-4bbe-9c1c-6a4081d71c64","2022-02-02 13:31:00.015"
"ALC","79.290","2","79.370","3","-5","79.37","cf4daf9d-4290-40b5-88be-f4b66818691a","2022-02-02 13:31:00.015"
"ALC","79.290","2","79.370","3","-5","79.37","da828dc8-c48a-4632-a94d-0e1b35ca9a9b","2022-02-02 13:31:00.015"
"ALC","79.350","2","79.410","3","5","79.31","92208e51-01be-4265-80a8-7c45271bd94a","2022-02-02 13:47:18.745"
"ALC","79.260","1","79.320","1","-5","79.32","a6df0b04-ded9-4f6b-86ae-53c0453fbc64","2022-02-02 13:51:14.637"
"ALC","79.140","2","79.200","2","5","79.20","f686217b-ea23-4217-999e-d9205903189f","2022-02-02 14:18:20.006"
"ALC","79.170","3","79.240","1","-5","79.27","e71ab46b-23f6-447e-8738-26ef80669e7c","2022-02-02 14:19:06.929"
"ALC","79.220","2","79.280","3","5","79.16","bd0345e8-ef4f-417f-9c6f-89d9af0c45e6","2022-02-02 14:25:08.847"
"ALC","79.220","2","79.280","3","5","79.16","b4c2fbf5-01a1-493b-b364-da755d2e7de1","2022-02-02 14:25:08.847"
"ALC","79.210","3","79.280","3","5","79.16","d9b82016-2b95-4894-aaa9-2c9eaba1d33b","2022-02-02 14:25:08.847"
"ALC","79.220","1","79.280","2","5","79.16","36bb4c21-1bad-4d09-a250-6350313c8f0d","2022-02-02 14:25:08.847"
"ALC","79.170","3","79.270","4","-5","79.27","c9ce703f-2fbf-4b89-8ad2-94eacc9e3ea5","2022-02-02 14:33:25.157"
"ALC","79.170","3","79.270","4","-5","79.27","7c33fb89-0c4b-4269-93c6-e418ad370482","2022-02-02 14:33:25.157"
"ALC","79.200","3","79.270","2","-5","79.27","c90d8da8-547d-47ce-8c7e-d716324087e3","2022-02-02 14:33:48.509"
"ALC","79.200","2","79.270","2","-5","79.29","60af8569-b374-446e-a926-b664a043fef4","2022-02-02 14:34:01.860"
"ALC","79.270","3","79.330","2","5","79.12","0a339aa7-fa81-4a8d-abba-9d0ad5823fee","2022-02-02 14:43:00.546"
"ALC","79.240","1","79.300","1","5","79.12","716ddcc2-58ac-4038-80b9-7b64d551d5da","2022-02-02 14:43:00.546"
"ALC","79.230","1","79.280","1","5","79.12","491249b0-0838-4e74-9228-e6dbbed7b256","2022-02-02 14:43:00.546"
"ALC","79.230","1","79.280","1","5","79.12","fdb5e6fa-388b-4754-9c97-36a67a402f00","2022-02-02 14:43:00.546"
"ALC","79.200","1","79.240","1","5","79.12","94c57084-bfa7-4c45-8fc0-8017c5cfa351","2022-02-02 14:43:00.546"
"ALC","79.200","2","79.280","1","5","79.12","1e02299f-4be3-493d-8bfe-372f3bd6206f","2022-02-02 14:43:00.546"
"ALC","79.200","2","79.280","1","5","79.12","684aceea-ce58-4389-aa09-d83337322c31","2022-02-02 14:43:00.546"
"ALC","79.200","2","79.280","1","5","79.12","da776859-7f62-479d-8d58-cea9eca71bac","2022-02-02 14:43:00.546"
"ALC","79.200","2","79.270","2","5","79.12","d9accd67-2c33-4500-8953-8da265cd6428","2022-02-02 14:43:00.546"
"ALC","79.200","1","79.270","3","5","79.12","9ebcb2e9-fe1c-4d62-8988-21b5061e24fd","2022-02-02 14:43:00.546"
"ALC","79.060","2","79.140","3","-5","79.14","ab8043d5-5c52-43db-8119-0ebf9c298527","2022-02-02 14:44:34.861"
"ALC","79.060","2","79.140","3","-5","79.14","5d8ec1c1-f3da-4f7c-883b-6de13c9f0592","2022-02-02 14:44:34.861"
"ALC","79.060","2","79.140","3","-5","79.14","3287ccf3-4349-47d3-ae5c-6f87ff38ec83","2022-02-02 14:44:34.861"
"ALC","79.060","2","79.140","3","-5","79.14","6c08acc5-49cc-42a3-9301-957278275394","2022-02-02 14:44:34.861"
"ALC","79.060","2","79.140","3","-5","79.14","fd83abc8-afa0-4d41-834d-496468d2ca37","2022-02-02 14:44:34.861"
"ALC","79.060","2","79.140","3","-5","79.14","7718bd7c-8b0f-427d-b1e5-80cda8be19ec","2022-02-02 14:44:34.861"
"ALC","79.060","2","79.140","3","-5","79.14","6a454106-1331-45ac-9fb5-a19d38f1aee5","2022-02-02 14:44:34.861"
"ALC","79.060","2","79.140","3","-5","79.14","99bd9c76-29e4-49f2-b15d-c8066b6b18cd","2022-02-02 14:44:34.861"
"ALC","79.060","2","79.140","3","-5","79.14","233e2d0f-09d2-49d2-8e25-80edc0375556","2022-02-02 14:44:34.861"
"ALC","79.060","2","79.140","3","-5","79.14","12dc6b57-93fc-4d20-8d6d-aa708172f503","2022-02-02 14:44:34.861"
"ALC","79.100","3","79.160","2","5","78.95","0e5ed5ad-629f-479b-9ac1-30212f161a07","2022-02-02 15:28:01.594"
"ALC","79.110","3","79.160","2","5","78.95","53b06fed-a0c8-47d2-bed5-64e3f3a6aabe","2022-02-02 15:28:01.594"
"ALC","79.110","1","79.150","2","5","78.95","1e2e01d5-b5fe-433a-a306-af0e77ba7575","2022-02-02 15:28:01.594"
"ALC","79.060","1","79.100","1","5","78.95","6f7a3226-c8d0-42ab-9cea-22f916a10c7b","2022-02-02 15:28:01.594"
"ALC","79.060","1","79.140","2","5","78.95","095056c3-ca3c-4a04-9282-70da33a85fbf","2022-02-02 15:28:01.594"
"ALC","79.060","1","79.100","1","5","78.95","263c60f7-0f61-4a7b-9009-240f8352f385","2022-02-02 15:28:01.594"
"ALC","79.060","1","79.100","1","5","78.95","940a71b3-24ee-41b4-8893-3ee0fa8ff2dc","2022-02-02 15:28:01.594"
"ALC","79.040","1","79.090","2","5","78.95","7842f81e-f7d8-417e-aeaf-d2232d3807a3","2022-02-02 15:28:01.594"
"ALC","79.040","1","79.080","2","5","78.95","d2ed774a-4c16-40d8-a936-0d816c947e17","2022-02-02 15:28:01.594"
"ALC","78.890","1","78.950","3","-5","78.95","0ead2158-159c-4c3a-96ef-5eb9bfd16d86","2022-02-02 15:29:47.071"
"ALC","78.890","1","78.950","3","-5","78.95","25eee4a8-b85f-40f9-8611-6d53d512cd12","2022-02-02 15:29:47.071"
"ALC","78.890","1","78.950","3","-5","78.95","837ebde3-d6b2-4816-befb-62d981ec208e","2022-02-02 15:29:47.071"
"ALC","78.890","1","78.950","3","-5","78.95","eafb925b-75d5-44e6-860a-aa39ff09f08b","2022-02-02 15:29:47.071"
"ALC","78.890","1","78.950","3","-5","78.95","bfb60a69-0da3-43ac-99ba-83b04fc52148","2022-02-02 15:29:47.071"
"ALC","78.890","1","78.950","4","-5","78.95","72573fb2-15c1-4e35-b779-087087984158","2022-02-02 15:29:47.071"
"ALC","78.890","1","78.950","4","-5","78.95","c9beadff-2469-4e76-ba93-68a6714ffdaa","2022-02-02 15:29:47.071"
"ALC","78.890","3","78.950","1","-5","78.95","ee5cbc75-3445-4a13-80f1-a4c1d9df26c0","2022-02-02 15:29:47.071"
"ALC","78.890","3","78.950","1","-5","78.95","ff83002e-adf2-43bc-8427-487ad83287cc","2022-02-02 15:29:47.071"
"AEE","87.840","2","87.920","2","4","87.62","0576133c-3f7a-4146-a31c-253ffb69013f","2022-02-02 10:04:59.926"
"AEE","87.790","1","87.850","2","4","87.62","5f22f489-5e64-4dd1-b590-432c96b108d1","2022-02-02 10:04:59.926"
"AEE","87.790","2","87.880","1","4","87.48","393b8218-8258-4a5a-8bcb-3e0d89530dbf","2022-02-02 10:07:41.882"
"AEE","87.780","1","87.860","1","4","87.48","8b1381e2-d097-4ccf-b647-89b3355a57e7","2022-02-02 10:07:41.882"
"AEE","87.750","1","87.840","1","4","87.48","db3c7f80-5d0e-4713-beeb-550c0c702cd1","2022-02-02 10:07:41.882"
"AEE","87.670","2","87.760","2","4","87.48","0d2f1937-5306-4c5e-8843-c6e6e61a6a23","2022-02-02 10:07:41.882"
"AEE","87.690","2","87.770","3","4","87.48","8d3f00bf-f49a-4fad-b1be-48fcfb1d1502","2022-02-02 10:07:41.882"
"AEE","87.480","4","87.550","3","-4","87.55","04fd39e6-c88e-430a-8b9a-5b663da268c1","2022-02-02 10:09:57.486"
"AEE","87.600","1","87.650","3","-4","87.65","77bd2e1a-e1fb-4474-968e-c942c2471242","2022-02-02 10:10:58.668"
"AEE","87.600","1","87.650","3","-4","87.65","4dd889a2-88ee-4d41-baa0-1ff277345de3","2022-02-02 10:10:58.668"
"AEE","87.620","2","87.680","1","-4","87.69","44c96f0d-b001-477a-b059-cbca8a5416bd","2022-02-02 10:11:02.018"
"AEE","87.620","2","87.680","1","-4","87.69","02b31a8d-1ec9-444a-91b2-b6eba23f0ec3","2022-02-02 10:11:02.018"
"AEE","87.660","1","87.730","1","-4","87.73","addf44e8-e9c8-4246-900f-d6827770077d","2022-02-02 10:12:31.042"
"AEE","87.760","1","87.830","1","-4","87.83","5813cd01-f9bb-4383-9f40-f894580f07a4","2022-02-02 10:13:27.122"
"AEE","87.760","2","87.830","1","4","87.60","60180cec-d4a4-49fb-a810-c16eff82ff45","2022-02-02 10:17:23.331"
"AEE","87.810","4","87.890","3","4","87.60","1942674a-599f-42ad-956b-3d1551f10933","2022-02-02 10:17:23.331"
"AEE","87.780","2","87.830","1","4","87.59","7df33fd1-be50-4a53-a22f-c08d7fa045ce","2022-02-02 10:17:58.912"
"AEE","87.740","1","87.780","1","4","87.59","c517e9df-a330-4cea-ac45-2490c23315bd","2022-02-02 10:17:58.912"
"AEE","87.530","1","87.580","1","-4","87.61","7715f9de-43a0-42ae-8405-14d598cd44c2","2022-02-02 10:18:13.368"
"AEE","87.530","1","87.580","1","-4","87.61","d149b953-8ef7-49a0-a2ab-62d5cb89fe78","2022-02-02 10:18:13.368"
"AEE","87.520","1","87.580","3","-4","87.60","c5037c43-5815-4f88-a0d2-abbb89095ae9","2022-02-02 10:18:27.910"
"AEE","87.600","3","87.660","1","-4","87.66","06ed7924-f5d4-416a-8f96-8d43ff15e3c2","2022-02-02 10:20:30.228"
