"Symbol","Bid","Bid Sz","Ask","Ask Sz","Shares","Price","Order ID","Timestamp"
"AA","55.930","2","55.980","1","217","55.06","037b62cf-95f7-4ff0-8f61-0bd49adf0560","2022-01-24 10:05:11.177"
"AA","55.260","1","55.330","4","217","55.06","2a38f3b5-c254-498c-9997-98076f5b42bf","2022-01-24 10:05:11.177"
"AA","55.260","1","55.310","1","217","55.06","94c97e4f-acaf-414a-9c99-be94d8dc92af","2022-01-24 10:05:11.177"
"AA","55.250","5","55.300","1","217","55.06","1206f41a-5cc9-43db-9ff2-de8da8fcdfcf","2022-01-24 10:05:11.177"
"AA","56.100","5","56.170","7","218","55.00","4dd538f0-9149-4fcf-8ae0-9f574bce096d","2022-01-24 10:05:11.487"
"AA","54.930","2","54.970","1","-217","54.97","0e8944dd-f272-40c1-a533-867a82a91ae0","2022-01-24 10:05:43.224"
"AA","54.930","1","54.990","8","-217","54.99","c655c593-ce44-4c55-beae-c6850d2f3e4f","2022-01-24 10:05:43.225"
"AA","54.930","1","54.990","8","-218","54.99","193b2f4e-3518-443c-817d-7324fe3f9013","2022-01-24 10:05:43.225"
"AA","54.930","1","54.990","8","-217","54.99","60fabd61-c406-4a72-8597-7978f7abbf12","2022-01-24 10:05:43.225"
"AA","55.160","1","55.190","8","-217","55.19","0cd62ed7-cbf7-415f-847b-d84ce2d48f21","2022-01-24 10:05:50.081"
"AA","56.100","2","56.130","1","219","54.79","b187f361-5770-41b8-a77b-3170ee6459d8","2022-01-24 10:08:26.561"
"AA","56.180","4","56.210","4","219","54.79","262ded7d-f35c-4d0d-bcf0-72e9c49ef26d","2022-01-24 10:08:26.561"
"AA","56.260","1","56.280","1","219","54.79","3322824a-9570-4be6-972d-56827a069d5a","2022-01-24 10:08:26.561"
"AA","56.080","1","56.130","1","219","54.77","04144e41-fa88-47c9-83bc-63b7edf494a3","2022-01-24 10:08:29.382"
"AA","56.090","1","56.130","1","219","54.77","b73a9a48-5c43-4589-a7d5-b783be8b4beb","2022-01-24 10:08:29.382"
"AA","55.920","10","55.970","1","219","54.77","5408355c-48c0-44f3-8b14-6add521bb759","2022-01-24 10:08:29.382"
"AA","55.910","5","55.950","1","219","54.77","097ac995-1dc9-4b2e-8970-8a8a1c93c7ef","2022-01-24 10:08:29.382"
"AA","55.600","1","55.630","1","220","54.50","264f007a-711d-4a3c-8415-1524411de8cb","2022-01-24 10:09:33.664"
"AA","55.480","1","55.510","1","220","54.50","96443f50-de2c-415c-afa5-2dc8a2b7adf7","2022-01-24 10:09:33.664"
"AA","55.450","1","55.500","4","220","54.50","dc96c751-c896-4f5b-bea1-990714d6b761","2022-01-24 10:09:33.664"
"AA","54.450","6","54.500","1","-219","54.51","19bc8535-58d2-40bb-bed7-e742259e6e4d","2022-01-24 10:09:41.583"
"AA","54.450","6","54.500","1","-219","54.51","fd8034fc-5443-473e-9bfc-bc9378d2ed8a","2022-01-24 10:09:41.583"
"AA","54.410","1","54.460","4","-219","54.46","f927b120-9ff1-4403-974a-b9f2942d0b59","2022-01-24 10:10:10.283"
"AA","54.410","1","54.460","4","-219","54.46","8c6f3b6c-68b7-4724-b4e9-a6f1fcebe023","2022-01-24 10:10:10.283"
"AA","54.410","1","54.460","4","-219","54.46","2269ac74-c2e2-4932-87b5-15818bf6b592","2022-01-24 10:10:10.283"
"AA","55.500","1","55.550","3","220","54.36","b7568c43-0188-4640-a66f-a4941f0a12c5","2022-01-24 10:10:37.707"
"AA","55.380","3","55.430","1","220","54.36","dd312032-75ec-4c6b-b451-36c3fcf4e0ca","2022-01-24 10:10:37.707"
"AA","55.490","1","55.540","1","220","54.36","9c54d9c6-c042-45d0-bdd2-addbd55d4ffe","2022-01-24 10:10:37.707"
"AA","54.330","1","54.370","1","-220","54.37","32dd98d7-7e52-4644-a19c-4a3fffb143fa","2022-01-24 10:10:50.024"
"AA","54.330","1","54.370","1","-220","54.37","0a6f2643-7021-41fc-b97f-56681aeb8e05","2022-01-24 10:10:50.024"
"AA","54.330","1","54.370","1","-220","54.37","b7806804-c3de-48a2-817e-c1c7fb643196","2022-01-24 10:10:50.024"
"AA","54.330","1","54.370","1","-220","54.37","4f73833e-63c6-4c2a-a453-92bf6d6d3da5","2022-01-24 10:10:50.024"
"AA","54.280","2","54.340","2","-220","54.34","79288f18-0129-431e-adf1-311d9dd51173","2022-01-24 10:11:00.976"
"AA","54.280","2","54.340","2","-219","54.34","abdbb71d-983c-46fa-9842-f37193413e95","2022-01-24 10:11:00.976"
"AA","54.320","1","54.370","1","-219","54.37","eb0365f3-11fe-4631-bc97-222d8f514b39","2022-01-24 10:11:31.414"
"AA","54.380","3","54.440","2","-220","54.44","750a5c93-d47f-42ee-8ca2-a7275588f8c0","2022-01-24 10:11:46.275"
"AA","54.580","2","54.640","1","216","54.64","bc37b3b1-28ca-4ba1-a511-72269b311974","2022-01-24 10:15:20.006"
"AA","54.440","5","54.500","1","-216","54.50","33d9a39e-d6bf-47d5-b778-1b3e3c9ee033","2022-01-24 10:20:12.325"
"AA","54.650","1","54.730","2","217","54.73","53fb55a6-2f86-46dd-a6ef-5035c598c9d6","2022-01-24 10:22:10.006"
"AA","54.830","1","54.870","2","-217","54.87","27ecbc89-c2ae-47ed-b2ea-1ee62cee0ce1","2022-01-24 10:22:48.293"
"AA","54.830","2","54.860","1","218","54.86","93209c72-7c1a-4275-a2c2-ebac5653b42b","2022-01-24 10:23:00.006"
"AA","55.070","3","55.110","2","-218","55.11","9c94db2b-8e99-44c0-878c-6a04f68e37a6","2022-01-24 10:23:40.734"
"AA","56.450","1","56.490","3","213","56.11","503082e3-05b3-4f69-9e53-431ac8aa1bac","2022-01-24 10:59:45.213"
"AA","56.190","1","56.240","2","213","56.11","37ff8fe8-ab8b-47fd-aaff-9f88a7ed222d","2022-01-24 10:59:45.213"
"AA","56.070","1","56.140","3","-213","56.14","a9b2aa7f-b652-4433-86a4-230c04819a9e","2022-01-24 11:00:17.522"
"AA","55.900","2","55.950","1","-213","55.95","1a73719f-4a87-4dfe-b198-8b3071e96fa7","2022-01-24 11:02:02.363"
"AA","56.020","1","56.080","1","214","55.89","7eec1991-dd57-4ec6-b65d-146fd04d8df8","2022-01-24 11:10:40.954"
"AA","55.830","5","55.920","1","-214","55.93","947f4665-526c-432c-96a5-8915a4ce89b5","2022-01-24 11:11:01.964"
"AA","56.100","3","56.150","1","214","55.89","96b6bad8-11c4-4da0-b3d2-1f1e501ffae5","2022-01-24 11:25:43.676"
"AA","56.180","1","56.220","3","214","55.89","f567f197-b1dc-47ac-9bc6-31c9647cebf8","2022-01-24 11:25:43.676"
"AA","56.350","3","56.380","1","214","55.89","3f1ce16e-db9d-4bff-a478-e43621e3b5dd","2022-01-24 11:25:43.676"
"AA","55.930","4","55.990","1","-214","55.99","6ab4a916-36b2-4b14-866b-1f0f15baf069","2022-01-24 11:26:20.591"
"AA","56.320","1","56.370","1","214","55.87","0285241a-9550-4048-b7d2-49ca13ea4543","2022-01-24 11:26:38.059"
"AA","56.330","2","56.380","2","214","55.87","dfae048f-1eb3-457f-b593-90888e8915b7","2022-01-24 11:26:38.059"
"AA","56.370","1","56.430","1","214","55.87","f8851729-5386-4bb4-b268-ca1a07a0e542","2022-01-24 11:26:38.059"
"AA","55.840","2","55.890","1","-214","55.89","df4ca32d-c2fc-4751-b04d-3fd3893b118f","2022-01-24 11:26:40.037"
"AA","55.940","1","55.990","1","-214","55.99","0d40a7b3-777a-44ea-b40c-8ce9db098264","2022-01-24 11:27:03.535"
"AA","55.940","1","55.990","1","-214","55.99","9bff232c-3e6b-4f26-81d0-8126a69262b6","2022-01-24 11:27:03.535"
"AA","55.950","1","56.000","1","-214","56.00","e7d217b4-926f-490b-b9da-47490eaee533","2022-01-24 11:27:12.519"
"AA","56.010","3","56.070","1","-214","56.07","400e0ece-ce3f-4174-a997-0d2316c02166","2022-01-24 11:27:24.570"
"AA","56.390","6","56.460","1","214","56.03","3ea3c57a-483e-466c-bf47-2f9537676ecd","2022-01-24 11:41:23.038"
"AA","56.300","1","56.360","2","214","56.03","614fb081-b805-457d-b499-8d2543a6d4ba","2022-01-24 11:41:23.038"
"AA","56.300","1","56.340","1","214","56.03","eb3d1c55-4924-44c2-b720-960db2af5b9d","2022-01-24 11:41:23.038"
"AA","56.300","2","56.340","1","214","56.03","a87557a2-40d9-429c-a5fd-10cd4e538caa","2022-01-24 11:41:23.038"
"AA","56.050","1","56.080","3","-214","56.08","cc49c9a1-8e68-4d4a-88ec-32c342d248bc","2022-01-24 11:41:42.545"
"AA","56.050","1","56.080","3","-214","56.08","227adf51-684f-4369-a744-6dbf860759fe","2022-01-24 11:41:42.545"
"AA","56.730","3","56.780","1","214","55.97","2063f574-ebe4-4569-9c5d-21605a4a095d","2022-01-24 11:41:55.593"
"AA","56.620","5","56.670","1","214","55.97","5f851f49-55bd-4630-9272-ee99335eccf8","2022-01-24 11:41:55.593"
"AA","56.530","4","56.590","2","214","55.97","c7fb15b7-0b41-4c5c-8700-86cd46ca31bb","2022-01-24 11:41:55.593"
"AA","56.440","3","56.500","1","214","55.97","cc70b063-f977-4bb3-969d-bc568e9de1b3","2022-01-24 11:41:55.593"
"AA","56.410","1","56.440","1","214","55.97","149d891e-c888-484d-b7eb-016dfaa11f9c","2022-01-24 11:41:55.593"
"AA","55.940","2","55.970","1","-214","55.97","63bacd74-57b0-4bcd-8354-32d86771b39e","2022-01-24 11:42:01.950"
"AA","55.960","1","55.970","1","-214","55.97","80398bb8-79a4-41ca-9151-21e571a6e305","2022-01-24 11:42:30.922"
"AA","55.960","1","55.970","1","-214","55.97","06e09432-4147-4b05-a42a-dd6a092d750d","2022-01-24 11:42:30.922"
"AA","55.960","1","55.970","1","-214","55.97","6c1b1702-8aff-43d9-b833-96f21a80dc8d","2022-01-24 11:42:30.922"
"AA","56.820","1","56.860","1","215","55.77","986d5881-6954-45e2-9045-b5faa4eac194","2022-01-24 11:42:44.175"
"AA","56.760","1","56.810","3","215","55.77","181e314f-9b7a-482e-a66b-0b2693332056","2022-01-24 11:42:44.175"
"AA","55.830","2","55.880","1","-214","55.88","63da3909-e7fc-4b01-904d-508df84bdad7","2022-01-24 11:42:48.877"
"AA","55.830","2","55.880","1","-214","55.88","56ad9a64-3ccb-45c6-8049-7629db43da7e","2022-01-24 11:42:48.877"
"AA","55.900","1","55.960","2","-215","55.96","f843ddbe-af93-4fed-a8b0-da581a451b2b","2022-01-24 11:43:00.181"
"AA","55.920","1","55.970","1","-214","55.97","0695b9c2-18f3-4bed-90f6-5bf714c1211c","2022-01-24 11:43:27.132"
"AA","55.930","1","55.970","1","-215","55.97","fac77009-07eb-4575-a93f-c27af7eaf6a1","2022-01-24 11:43:51.765"
"AA","56.080","4","56.140","1","214","55.92","2c7840a4-6a59-4ee7-a48b-0c073dd83adc","2022-01-24 11:46:37.623"
"AA","55.830","1","55.860","1","-214","55.89","918ab131-3665-4f67-a198-6b491f396b0f","2022-01-24 11:48:36.300"
"AA","56.640","1","56.690","1","215","55.75","6faf9d56-e36c-4cc4-88fb-55eff8a8484c","2022-01-24 11:49:34.872"
"AA","56.950","1","56.990","1","215","55.75","fc69cd55-45f1-4e65-be67-eeba67c6449e","2022-01-24 11:49:34.872"
"AA","56.970","1","57.020","1","215","55.75","6fbb7e1c-11a3-4da9-80bd-c6caf1e8d1f3","2022-01-24 11:49:34.872"
"AA","56.900","1","56.940","3","215","55.75","b1a7152e-f74f-4687-9014-1ec16c64bd08","2022-01-24 11:49:34.872"
"AA","55.680","1","55.720","1","-215","55.73","9fbdf4f1-2e50-49df-890e-583d23ad1b2e","2022-01-24 11:50:01.939"
"AA","55.760","2","55.790","2","-215","55.79","06e8e897-e413-4032-8c03-04df163fb638","2022-01-24 11:50:11.576"
"AA","55.760","2","55.790","2","-215","55.79","1797360a-d048-4d26-895a-4baff67db221","2022-01-24 11:50:11.576"
"AA","55.770","1","55.790","1","-215","55.79","f5e1d273-a247-4d71-a35c-23a46f038ba2","2022-01-24 11:50:41.132"
"AA","56.160","1","56.200","1","213","56.20","5e972378-7a27-4367-857f-25c807cc045f","2022-01-24 11:54:20.006"
"AA","56.240","1","56.280","4","-213","56.28","b3dc6daf-96f1-4118-8aca-2840ed9e5ed8","2022-01-24 11:56:02.964"
"AA","55.120","1","55.150","1","218","54.94","cfb05d66-ad08-4bb3-a849-af938f82323d","2022-01-24 12:50:16.518"
"AA","55.180","1","55.220","1","218","54.94","7c75a47c-7e76-4ee9-afd0-921880e039ec","2022-01-24 12:50:16.518"
"AA","55.140","2","55.170","3","218","54.94","b497a313-a61a-4330-aa32-a6f902d6b85e","2022-01-24 12:50:16.518"
"AA","55.110","1","55.140","1","218","54.94","87dc4478-8e4a-4a60-8614-891cb3aa6d1f","2022-01-24 12:50:16.518"
"AA","54.960","5","55.010","5","-218","55.03","ba3ab2e6-c776-4b9c-9fbf-e730dcb2a5e7","2022-01-24 12:50:58.879"
"AA","55.030","4","55.070","1","-218","55.08","63d9970d-bfcd-4212-b952-84017131c5d0","2022-01-24 12:51:00.353"
"AA","55.030","4","55.070","1","-218","55.08","e255dc5e-326c-4301-aefa-bfb5ae2a11f0","2022-01-24 12:51:00.353"
"AA","55.160","2","55.170","1","-218","55.17","dd7350c6-58ed-4ab7-a604-0baf1b0d5ac6","2022-01-24 12:51:11.011"
"AA","56.170","2","56.220","1","214","55.83","3223ce46-e5e3-4833-badc-bd6386c96502","2022-01-24 13:24:48.560"
"AA","56.130","2","56.180","1","214","55.83","4de3a503-9ddd-47cf-9223-617806a394b2","2022-01-24 13:24:48.560"
"AA","56.060","1","56.120","3","214","55.83","4cc688c8-8d31-4966-b667-af6a41d88cf7","2022-01-24 13:24:48.560"
"AA","56.000","170","56.030","1","214","55.83","ad9f5a95-4cbd-4bdb-8492-a9313d011133","2022-01-24 13:24:48.560"
"AA","56.000","2","56.050","1","214","55.83","806bcff9-2dac-494e-b6e6-2649edd28cba","2022-01-24 13:24:48.560"
"AA","56.030","1","56.080","1","215","55.79","e165efe8-8300-4d7a-9f2c-244664ac5690","2022-01-24 13:24:57.922"
"AA","55.940","1","56.000","1","215","55.79","7310ad98-3440-473a-be96-ea6ffdd4c8c3","2022-01-24 13:24:57.922"
"AA","55.880","1","55.940","3","215","55.79","fefa6747-4f45-4b42-bd22-f726cad48c2e","2022-01-24 13:24:57.922"
"AA","56.010","1","56.080","1","215","55.79","7c6eff58-6fed-4ef3-8960-4efa64e763fa","2022-01-24 13:24:57.922"
"AA","56.020","1","56.090","1","215","55.79","a94e2c65-edf5-4e44-865e-912e2f720c9d","2022-01-24 13:24:57.922"
"AA","56.010","3","56.070","1","215","55.79","6b665c99-651c-409c-9430-77f5568538e4","2022-01-24 13:24:57.922"
"AA","56.060","1","56.110","1","215","55.79","8059a750-1fbc-415b-b431-7d4dad3b34a0","2022-01-24 13:24:57.922"
"AA","55.870","1","55.890","1","-214","55.89","609cebf1-f308-4c7b-ae72-8fe4356c0596","2022-01-24 13:25:20.954"
"AA","55.870","1","55.890","1","-214","55.89","5df57267-dda6-457f-8613-cf704c71d749","2022-01-24 13:25:20.954"
"AA","55.870","1","55.890","1","-215","55.89","f021c2a3-c3af-4423-baa8-1a5bebda3273","2022-01-24 13:25:20.954"
"AA","55.870","1","55.890","1","-215","55.89","0f15af65-3c35-4754-8f7f-936f59a6d521","2022-01-24 13:25:20.954"
"AA","55.870","1","55.890","1","-215","55.89","0a0d20c1-3175-4447-a98d-985fb53e9966","2022-01-24 13:25:20.954"
"AA","55.870","1","55.890","1","-215","55.89","34df93d8-1d1e-4efd-90e6-b9f1c1c4c3e2","2022-01-24 13:25:20.954"
"AA","55.870","1","55.890","1","-214","55.89","731a58a2-dfb0-4df6-9cee-cdc09fdd1b54","2022-01-24 13:25:31.659"
"AA","55.870","1","55.890","1","-215","55.89","40690ac9-32bb-4545-bb5f-8a2a698fa25f","2022-01-24 13:25:31.659"
"AA","55.870","1","55.890","1","-214","55.89","7fe87923-15fb-48a8-8c95-0bd7f3b6a7d0","2022-01-24 13:25:31.659"
"AA","55.770","2","55.820","1","-215","55.82","f4965948-4c4b-4647-9de3-f36b806e1d51","2022-01-24 13:25:50.062"
"AA","55.710","2","55.760","5","-214","55.76","e64850cb-93b1-45d0-a954-b127d9c94136","2022-01-24 13:26:34.677"
"AA","55.720","1","55.790","3","-215","55.79","5b743cf8-50d3-4171-a225-b7e3517b0f5c","2022-01-24 13:26:41.507"
"AA","55.930","1","55.970","2","214","55.97","2e0c21aa-74e9-46f8-801c-49564527a390","2022-01-24 13:32:10.006"
"AA","56.150","1","56.230","1","-214","56.23","4a2f0dec-ab2c-4a78-a43f-2a2affdaa658","2022-01-24 13:33:17.556"
"AA","56.270","1","56.350","1","213","56.14","5e33a4f8-9725-4991-8ac3-c8f7222a7ce0","2022-01-24 13:35:48.886"
"AA","56.260","1","56.340","2","213","56.14","97dbde5a-2df9-4835-9190-ce864984ef0c","2022-01-24 13:35:48.886"
"AA","56.300","1","56.370","3","213","56.14","d4bccfa7-2a53-4c65-a198-9fcc7e765f20","2022-01-24 13:35:48.886"
"AA","56.310","2","56.350","1","213","56.09","6ea3962f-8f60-4b73-be5d-e7fad4e99dc4","2022-01-24 13:36:14.119"
"AA","56.350","1","56.420","2","213","56.09","f5642c89-1052-44bf-98b9-f8edc8a24138","2022-01-24 13:36:14.119"
"AA","56.260","1","56.310","1","214","56.02","6d03e421-0012-494f-8f31-7e6061efa3a4","2022-01-24 13:36:15.546"
"AA","56.260","1","56.310","1","214","56.02","8b9f5e9a-e0e5-470e-b8fe-e0aeaebc369b","2022-01-24 13:36:15.546"
"AA","56.200","1","56.260","1","214","56.02","24a87c22-5681-4e1f-ae43-cf2981654277","2022-01-24 13:36:15.546"
"AA","55.910","7","55.980","1","-213","55.99","d5356749-ee82-48df-956c-a68a52a7b8aa","2022-01-24 13:37:12.054"
"AA","55.910","7","55.980","1","-213","55.99","c4ce164b-40a9-419d-9880-f7acc5ccf877","2022-01-24 13:37:12.054"
"AA","56.000","1","56.020","1","-214","56.02","f1ea954c-805a-4753-87f1-4e8f5cdcca87","2022-01-24 13:37:30.010"
"AA","56.000","1","56.020","1","-213","56.02","6c1f6020-1801-492b-9a54-fe00144121b0","2022-01-24 13:37:30.010"
"AA","56.000","3","56.060","1","-214","56.06","5210be18-cacc-412e-9aab-ff943d76ef0e","2022-01-24 13:37:59.200"
"AA","56.020","1","56.080","1","-213","56.08","44e13174-a756-4349-95af-dcca176af040","2022-01-24 13:38:11.179"
"AA","55.970","1","56.030","1","-214","56.05","d47cc0c5-5212-4e95-8216-67ccd66e12b7","2022-01-24 13:38:31.227"
"AA","56.130","1","56.200","1","-213","56.20","56618df8-b9d1-44b5-a0c6-124771d1a776","2022-01-24 13:39:06.505"
"AA","57.030","2","57.110","1","213","56.25","0c52b9eb-eba6-4d2f-aa1d-c535cd2d5fae","2022-01-24 14:18:26.359"
"AA","57.100","1","57.170","1","213","56.25","723f55a9-f214-44af-b74b-f03e91501442","2022-01-24 14:18:26.359"
"AA","56.950","5","56.990","1","213","56.25","c10da2fb-82fd-441e-8a97-c3e8ec34650a","2022-01-24 14:18:26.359"
"AA","56.870","3","56.940","1","213","56.25","9905d157-c55c-4895-92c7-ee3e02e7532b","2022-01-24 14:18:26.359"
"AA","56.860","1","56.930","2","213","56.25","5bb62b4b-40a2-4309-9db3-a7e5d33bab0b","2022-01-24 14:18:26.359"
"AA","56.800","1","56.900","2","213","56.25","9a384a6d-0be1-49ac-9aff-1a596bf580d8","2022-01-24 14:18:26.359"
"AA","56.800","2","56.880","1","213","56.25","fc499683-9749-494b-9de0-69f03541bfd7","2022-01-24 14:18:26.359"
"AA","56.840","1","56.930","3","213","56.25","e2064ddd-4053-4741-b28e-71960a25aeb6","2022-01-24 14:18:26.359"
"AA","56.800","1","56.850","1","213","56.25","47416655-f86d-42db-8544-6eae60740281","2022-01-24 14:18:26.359"
"AA","56.710","2","56.810","1","213","56.25","4cad3004-99db-40c8-819d-cbb682688685","2022-01-24 14:18:26.359"
"AA","56.690","1","56.750","2","213","56.25","6bc66d6c-658f-437f-aa42-64b156b05b8f","2022-01-24 14:18:26.359"
"AA","56.610","2","56.720","1","213","56.25","fe9fd96a-2e9c-4640-bfa1-162d05c56b28","2022-01-24 14:18:26.359"
"AA","56.580","1","56.700","3","213","56.25","1d0910f0-b2ac-4d44-8949-0d80a4a75dc7","2022-01-24 14:18:26.359"
"AA","56.300","3","56.420","2","-213","56.43","d9fedafe-fc5b-4d63-980a-b392abd58994","2022-01-24 14:18:57.865"
"AA","56.300","3","56.420","2","-213","56.43","e28cf86e-e2a0-47be-84c5-df40f2645cd9","2022-01-24 14:18:57.865"
"AA","56.300","3","56.420","2","-213","56.43","5f4cd6bb-85ff-4cea-a043-49fb0e76a484","2022-01-24 14:18:57.865"
"AA","56.300","3","56.420","2","-213","56.43","241c0bed-1b42-40d3-8297-6d1515996435","2022-01-24 14:18:57.865"
"AA","56.300","3","56.420","2","-213","56.43","f151703e-c318-49d1-a953-fcf3b54ba3c7","2022-01-24 14:18:57.865"
"AA","56.300","3","56.420","2","-213","56.43","93b593bf-38b8-4e23-aee2-4942f1769333","2022-01-24 14:18:57.865"
"AA","56.300","3","56.420","2","-213","56.43","55c72f7b-ccf1-4362-92b9-d07f2f252341","2022-01-24 14:18:57.865"
"AA","56.350","2","56.470","1","-213","56.48","88f3ed30-c9a9-4504-a9f8-f2d5722ff00b","2022-01-24 14:19:01.943"
"AA","56.350","2","56.470","1","-213","56.48","aca17c95-d961-49db-b291-72c621de35ae","2022-01-24 14:19:01.943"
"AA","56.350","2","56.470","1","-213","56.48","5eea0a9c-e31b-47de-a195-90a1612ecc0e","2022-01-24 14:19:01.943"
"AA","56.410","2","56.510","1","-213","56.51","69fcff11-4760-40fe-aded-018ae9b50430","2022-01-24 14:19:31.316"
"AA","56.420","1","56.460","1","-213","56.51","550c59f1-a13a-45cd-92a1-0a6924a7ac6a","2022-01-24 14:19:48.646"
"AA","56.390","3","56.500","2","-213","56.50","6bc8fdef-460f-4bba-9e9c-3dba29808098","2022-01-24 14:20:16.990"
"AA","56.510","1","56.560","1","211","56.56","654db393-e617-4ef7-b163-7b7203a13faf","2022-01-24 14:21:10.006"
"AA","56.300","1","56.350","2","-211","56.35","bccf3d4a-f6cf-4a58-997c-98db4422e21e","2022-01-24 14:24:00.634"
"AA","56.520","1","56.590","3","210","56.59","08b1ed97-b5d0-4980-a609-7f889bfe1957","2022-01-24 14:27:20.006"
"AA","56.370","1","56.460","1","-210","56.46","e83145b1-ee82-4e82-af21-849dbc861f72","2022-01-24 14:28:42.534"
"AA","56.440","2","56.530","1","212","56.53","501ccf0d-0841-47e4-8b05-074a9c1aa19e","2022-01-24 14:28:50.006"
"AA","56.560","2","56.620","4","-212","56.63","1e53de36-2b3c-4d69-b2f1-604653d14223","2022-01-24 14:30:22.362"
"AA","56.330","1","56.360","5","213","56.27","7e75b080-bbae-4f30-83a4-1d22a79180a9","2022-01-24 14:41:04.883"
"AA","56.400","1","56.480","1","-213","56.48","6dcbe88b-adfe-44c1-8414-8acecdbe964c","2022-01-24 14:41:45.168"
"AA","56.470","1","56.540","1","213","56.33","37a5a826-6191-4369-9db6-95a5e8e97038","2022-01-24 14:51:21.231"
"AA","56.530","1","56.590","1","213","56.33","953230e2-ad54-4c81-b4bf-6e765975e94a","2022-01-24 14:51:21.231"
"AA","56.430","1","56.480","1","213","56.32","9b579410-d202-4854-9947-429d7c4a8232","2022-01-24 14:51:21.232"
"AA","56.310","1","56.370","1","-213","56.37","85dbcd0f-ff9c-4c01-a717-d632683ae607","2022-01-24 14:53:10.775"
"AA","56.310","1","56.370","1","-213","56.37","85e428e5-2dc8-4e60-8b8f-d7d0f3feb059","2022-01-24 14:53:10.775"
"AA","56.390","1","56.500","25","-213","56.50","b344932e-4761-4ab9-9358-c115d35b0008","2022-01-24 14:54:13.945"
"AG","10.110","11","10.120","27","1,192","10.07","01261030-b408-4e1e-98da-d389206bf520","2022-01-24 10:33:51.060"
"AG","10.110","18","10.120","22","1,192","10.06","0448bbda-94dd-4cf6-b0b9-ca9720aed817","2022-01-24 10:33:55.163"
"AG","10.100","35","10.110","15","1,192","10.06","170ccd88-2d65-4769-92b0-fb2583aa27ab","2022-01-24 10:33:55.163"
"AG","10.090","25","10.100","15","1,192","10.06","38270737-58a6-4644-b0c9-3d23ddb84d26","2022-01-24 10:33:55.163"
"AG","10.050","5","10.060","22","-1,192","10.06","555ad934-9bfd-4bb7-b529-fd1a561b15ba","2022-01-24 10:34:22.319"
"AG","10.050","5","10.060","22","-1,192","10.06","843b3463-3e30-4b82-a8dd-e5dcb1dd84c5","2022-01-24 10:34:22.319"
"AG","10.050","32","10.060","29","-1,192","10.06","97e94790-0673-4ce2-af3c-fb10770e6091","2022-01-24 10:34:30.418"
"AG","10.060","27","10.070","11","-1,192","10.07","6871557d-c1fa-413b-8ddd-9ea218ff7348","2022-01-24 10:34:42.464"
"AG","10.120","34","10.130","8","1,194","10.05","9a5e49ba-f412-48d0-b3e4-f4d9a062cabd","2022-01-24 10:51:18.280"
"AG","10.070","13","10.080","45","-1,194","10.08","2f91b71a-5f48-4c89-bbb7-055334494857","2022-01-24 10:51:50.663"
"AG","10.130","32","10.140","12","1,189","10.09","3f821725-0332-490b-8b10-c56ff0568e56","2022-01-24 11:00:57.957"
"AG","10.120","46","10.130","6","1,189","10.09","fd23fc8c-bb6c-41b7-a174-879f7f3af27d","2022-01-24 11:00:57.957"
"AG","10.120","40","10.130","13","1,189","10.09","eee59dd2-6078-434b-b1a4-d368d2b75b3b","2022-01-24 11:00:57.957"
"AG","10.120","13","10.130","15","1,189","10.09","098681cf-d8e4-4863-a2fa-ce36357ae330","2022-01-24 11:00:57.957"
"AG","10.080","10","10.090","28","-1,189","10.09","55cc0b87-d54b-4633-a419-c3a8e12478a6","2022-01-24 11:01:48.986"
"AG","10.080","10","10.090","28","-1,189","10.09","782b1204-0f62-45b6-8d60-83b8419ecde5","2022-01-24 11:01:48.986"
"AG","10.080","45","10.090","13","-1,189","10.09","9860e1f0-824a-47f9-9a31-1bb2a088a56d","2022-01-24 11:02:01.710"
"AG","10.090","48","10.100","23","-1,189","10.10","6bedd8ab-04aa-47bb-8fcd-fe9dfcde5740","2022-01-24 11:02:07.026"
"AG","10.120","19","10.120","1","1,189","10.09","21e158d0-ec82-4fe8-ae55-a49902798c5b","2022-01-24 11:02:44.234"
"AG","10.150","27","10.160","11","1,193","10.05","69b9257a-48e1-461f-8e03-9013338efee8","2022-01-24 11:05:58.709"
"AG","10.150","25","10.160","11","1,193","10.05","6a176fd0-c78a-46c3-8ecb-467800ef5cab","2022-01-24 11:05:58.709"
"AG","10.150","21","10.160","10","1,193","10.05","6dc79728-fad5-4c5b-a0dd-6c9d50893426","2022-01-24 11:05:58.709"
"AG","10.150","10","10.160","14","1,193","10.05","baf1d709-5cf5-4079-bd96-73aa2f5fbd29","2022-01-24 11:05:58.709"
"AG","10.050","29","10.060","10","-1,193","10.06","9f7fd9c9-12ae-407b-a78c-821c20812115","2022-01-24 11:06:41.708"
"AG","10.070","33","10.080","11","-1,189","10.08","badc738c-0725-4ae9-aecc-bec1ef494196","2022-01-24 11:06:53.252"
"AG","10.070","33","10.080","11","-1,193","10.08","206ffced-b35a-4515-8092-a9638a874871","2022-01-24 11:06:53.252"
"AG","10.070","1","10.080","60","-1,193","10.08","cd1d439d-abd1-455c-880f-49ec72811b68","2022-01-24 11:07:09.837"
"AG","10.060","1","10.070","44","-1,193","10.07","787bea89-ecc4-4fad-a364-465012543fa9","2022-01-24 11:07:31.116"
"AG","10.180","38","10.190","15","1,195","10.04","9c5ccb37-ec5b-4369-989b-5049cc6b21dc","2022-01-24 11:10:55.417"
"AG","10.160","25","10.170","25","1,195","10.04","5bfd1fea-2468-42e5-b6fa-555166d7b85f","2022-01-24 11:10:55.417"
"AG","10.150","8","10.160","29","1,195","10.04","a2e92cc4-5271-423f-adab-a8d7f05dc148","2022-01-24 11:10:55.417"
"AG","10.160","28","10.170","20","1,195","10.04","542d9244-73f4-41f8-a598-c6258090e826","2022-01-24 11:10:55.417"
"AG","10.150","31","10.160","37","1,195","10.04","4425c1f7-0aa6-48d4-872a-ea4f632748be","2022-01-24 11:10:55.417"
"AG","10.150","33","10.160","26","1,195","10.04","460f6179-1597-4a58-adc0-e49ce35ea7d5","2022-01-24 11:10:55.417"
"AG","10.150","1","10.150","30","1,195","10.04","04436792-007d-4363-8c61-bdb4e0581789","2022-01-24 11:10:55.417"
"AG","10.040","8","10.050","29","-1,195","10.05","8c29128e-6cba-4a75-a717-eff588c6c71f","2022-01-24 11:11:22.153"
"AG","10.040","8","10.050","29","-1,195","10.05","7316e494-b49d-4be5-b6b4-4af520a5869c","2022-01-24 11:11:22.153"
"AG","10.040","2","10.050","53","-1,195","10.05","771dc777-9323-49e7-8dc3-87907a45b3de","2022-01-24 11:11:55.276"
"AG","10.040","2","10.050","53","-1,195","10.05","8aea547a-fac7-4a0b-ae7d-401989dd91ce","2022-01-24 11:11:55.276"
"AG","10.040","26","10.050","25","-1,195","10.05","417ac9d9-91a2-458d-97f2-ffcb45d59132","2022-01-24 11:12:04.498"
"AG","10.040","26","10.050","25","-1,195","10.05","2999fb92-727b-4c65-9f29-e963d7126abf","2022-01-24 11:12:04.498"
"AG","10.040","35","10.050","9","-1,195","10.05","d06e63fc-13ad-45de-9450-c053b3030689","2022-01-24 11:12:16.791"
"AG","10.170","2","10.180","34","1,195","10.03","caa61345-3a20-49b3-a63b-74844fd547ea","2022-01-24 11:13:24.566"
"AG","10.120","13","10.130","24","1,199","10.01","12b6f084-5e89-4079-8456-15afa391c2d3","2022-01-24 11:13:35.484"
"AG","10.150","9","10.160","35","1,199","10.01","172ad673-ada2-42fe-b114-7a57d3b65b79","2022-01-24 11:13:35.484"
"AG","10.150","36","10.160","11","1,199","10.01","25ab33b7-d407-4467-b078-6df85e2ce994","2022-01-24 11:13:35.484"
"AG","10.150","9","10.160","13","1,198","10.01","4a476b04-dc99-4f5a-9463-904ef71e92dd","2022-01-24 11:13:35.484"
"AG","10.150","28","10.160","10","1,199","10.01","1be3f713-a6f4-4efe-bc3b-119baeed881a","2022-01-24 11:13:35.484"
"AG","10.140","37","10.150","10","1,198","10.01","f646459f-f885-431a-af0a-099539c9be59","2022-01-24 11:13:35.484"
"AG","10.150","23","10.160","11","1,198","10.01","b48122d1-83cf-4819-a952-455629350f2f","2022-01-24 11:13:35.484"
"AG","10.140","2","10.150","18","1,199","10.01","b81374b5-538a-406f-a818-033d0c26575b","2022-01-24 11:13:35.484"
"AG","10.140","33","10.150","3","1,199","10.01","bd5f9f98-1ad6-4561-9cd9-34ef8f90b094","2022-01-24 11:13:35.484"
"AG","10.120","35","10.130","9","1,199","10.01","ac8ad9de-c264-4e32-9c30-91d6d57166ae","2022-01-24 11:13:35.484"
"AG","10.130","56","10.140","10","1,199","10.01","f4da6ebf-d7e5-47ce-88fd-148d4a55aed6","2022-01-24 11:13:35.484"
"AG","10.120","33","10.130","13","1,199","10.01","f1b3f878-11c6-4c4a-bc03-31f842e688b9","2022-01-24 11:13:35.484"
"AG","10.010","32","10.020","25","-1,198","10.02","668de818-872a-4380-a673-3c5c6b86e33a","2022-01-24 11:14:23.136"
"AG","10.010","32","10.020","25","-1,199","10.02","daac6055-1f6c-4590-8890-b3861ac8015d","2022-01-24 11:14:23.136"
"AG","10.010","32","10.020","25","-1,199","10.02","74f9c030-31a9-468c-a637-72d2b83d7ad1","2022-01-24 11:14:23.136"
"AG","10.010","32","10.020","25","-1,199","10.02","0fe0cb24-7586-42cf-b59a-6fd5313b5fcf","2022-01-24 11:14:23.136"
"AG","10.010","32","10.020","25","-1,199","10.02","6c2b013c-e4c2-46f0-845f-b46d43967816","2022-01-24 11:14:23.136"
"AG","10.010","32","10.020","25","-1,199","10.02","22ce53ed-0c89-498a-9112-216ad8acd57f","2022-01-24 11:14:23.136"
"AG","10.010","32","10.020","25","-1,199","10.02","870939af-88c0-4c70-aefe-3e738b39214f","2022-01-24 11:14:23.136"
"AG","10.010","36","10.020","21","-1,199","10.02","c7027bd2-eff1-49c7-9f56-201eb2085d80","2022-01-24 11:14:23.136"
"AG","10.010","36","10.020","21","-1,199","10.02","4bf2ab4c-2bad-4b82-be7b-9c10a14b9492","2022-01-24 11:14:23.136"
"AG","10.010","36","10.020","21","-1,198","10.02","10a5781f-5e50-45ac-8bd1-843d7f022251","2022-01-24 11:14:23.136"
"AG","10.010","46","10.020","20","-1,195","10.02","753483ea-c4e8-4c19-a3f3-f71f57d477c8","2022-01-24 11:14:23.136"
"AG","10.010","46","10.020","20","-1,199","10.02","8e5e74a3-5c98-4707-bd92-46330f745b33","2022-01-24 11:14:23.136"
"AG","10.010","29","10.020","16","-1,198","10.02","91c100bc-b55c-4dd2-a062-5c6eb47b1e05","2022-01-24 11:14:51.593"
"AG","10.030","17","10.040","29","1,199","10.01","c6e1f7f5-c6b4-41ad-bd07-135e3d071eea","2022-01-24 11:37:32.270"
"AG","10.030","78","10.040","1","1,199","10.01","de3635c7-1bf1-4167-a6df-68e6e959f5bd","2022-01-24 11:37:32.270"
"AG","10.040","1","10.050","50","1,199","10.01","cd8f9d74-5e9c-4276-a19b-9e495db6981e","2022-01-24 11:37:32.270"
"AG","10.030","9","10.040","30","1,199","10.01","fea7b265-fbd7-413e-aa8f-66d0c01f4b4c","2022-01-24 11:37:32.270"
"AG","10.030","9","10.040","29","1,199","10.01","f84e356f-a51c-49e4-ae99-723e03b19bc9","2022-01-24 11:37:32.270"
"AG","10.030","33","10.040","12","1,199","10.01","50cd44e1-56e4-443d-88b6-e44c0ca3b422","2022-01-24 11:37:32.270"
"AG","10.030","26","10.040","14","1,199","10.01","3de5d72e-0107-4789-9745-c03cbd266d3c","2022-01-24 11:37:32.270"
"AG","10.040","16","10.050","30","1,199","10.00","895ed7f1-dca1-4851-a9a0-c7d7d3471063","2022-01-24 11:37:53.207"
"AG","10.040","6","10.050","34","1,199","10.00","094dacdd-f29b-4b36-a519-ba88c9cd216f","2022-01-24 11:37:53.207"
"AG","9.970","52","9.980","9","-1,199","9.98","549dab12-0d36-40cc-9a13-d9d54aba1f23","2022-01-24 11:38:40.172"
"AG","9.970","52","9.980","9","-1,199","9.98","5cffb419-21f5-4b87-a99a-bb423445d5d8","2022-01-24 11:38:40.172"
"AG","9.970","26","9.980","33","-1,199","9.98","5c1cb7d7-be02-42f4-8331-166bf83623ec","2022-01-24 11:38:59.737"
"AG","9.970","26","9.980","33","-1,199","9.98","9df60fb4-6ef4-468e-a015-f86c6be45d73","2022-01-24 11:38:59.737"
"AG","9.970","26","9.980","33","-1,199","9.98","d62efc43-d7a8-4ac7-9e8a-f58212f87e15","2022-01-24 11:38:59.737"
"AG","9.970","26","9.980","33","-1,199","9.98","36120100-c30c-4a44-87c4-305891382a9d","2022-01-24 11:38:59.737"
"AG","9.970","41","9.980","13","-1,199","9.98","1908db3e-ff60-4408-af4f-d89bed2ae115","2022-01-24 11:39:01.427"
"AG","9.970","41","9.980","13","-1,199","9.98","84a5ce32-da0b-47c1-a3ef-10c0168e9b7a","2022-01-24 11:39:01.427"
"AG","9.970","27","9.980","30","-1,199","9.98","c7821386-672e-4fa7-af54-cb37ddf03fc5","2022-01-24 11:39:11.857"
"AG","9.980","43","9.990","17","1,202","9.98","c194b61f-f215-47cf-a4aa-6135ab871602","2022-01-24 11:54:10.192"
"AG","10.000","66","10.010","19","-1,202","10.01","d8db0885-6428-4667-ae77-1b85f615f58d","2022-01-24 11:54:49.432"
"AG","10.000","25","10.010","12","1,209","9.92","c0a027f4-90d2-49db-9e8f-9d581546d1ac","2022-01-24 12:12:34.395"
"AG","10.000","31","10.010","11","1,209","9.92","3ad96bfc-a563-40cd-8365-db4a7fdcde98","2022-01-24 12:12:34.395"
"AG","10.000","23","10.010","15","1,209","9.92","38d3d6e0-d45b-4144-8e8b-28e1c176334b","2022-01-24 12:12:34.395"
"AG","10.010","52","10.020","27","1,209","9.92","01de263a-5e39-491c-b112-2e8a78645951","2022-01-24 12:12:34.395"
"AG","9.990","26","10.000","21","1,209","9.92","5c9e8f85-c8df-4651-9a71-a096ce0a89f2","2022-01-24 12:12:34.395"
"AG","9.980","36","9.990","17","1,210","9.92","beccba51-7c8a-4fd8-875b-f249cc1cb154","2022-01-24 12:12:34.395"
"AG","9.980","26","9.990","25","1,209","9.92","8dae81bd-acfd-45a5-9634-9a50d2b02cf8","2022-01-24 12:12:34.395"
"AG","9.970","52","9.980","32","1,209","9.92","4c114ab5-2067-4130-86be-c09172192d1d","2022-01-24 12:12:34.395"
"AG","9.970","67","9.980","19","1,210","9.92","d787ca90-b8b6-4798-990b-6b794f5bfae0","2022-01-24 12:12:34.395"
"AG","9.970","54","9.980","32","1,210","9.92","78d0a363-4a3a-4b8e-aa18-d0ed9d204735","2022-01-24 12:12:34.395"
"AG","9.980","42","9.990","10","1,210","9.92","4a55c653-990e-492c-9ead-57f84808faca","2022-01-24 12:12:34.395"
"AG","9.940","3","9.950","35","1,210","9.92","0127febe-2e21-4113-b71a-522776a87c5c","2022-01-24 12:12:34.395"
"AG","9.940","17","9.950","22","1,210","9.92","986535df-351c-48b5-8be4-a1b7b1fb0b4a","2022-01-24 12:12:34.395"
"AG","9.910","43","9.920","56","-1,210","9.92","093c100d-2350-49a1-9672-db07bb0c034d","2022-01-24 12:13:04.654"
"AG","9.910","43","9.920","56","-1,210","9.92","1329de64-7485-4494-9d62-e553cb772768","2022-01-24 12:13:04.654"
"AG","9.910","43","9.920","56","-1,210","9.92","7fb67e5c-e2a2-44dc-97c5-54127d874ccb","2022-01-24 12:13:04.654"
"AG","9.910","43","9.920","56","-1,210","9.92","48ce250f-c57e-4eb7-a4c6-635f2d09eb9b","2022-01-24 12:13:04.654"
"AG","9.910","43","9.920","56","-1,209","9.92","1fdb7cf8-2f5e-4ea7-ad1f-e0ab5d15d1f6","2022-01-24 12:13:04.654"
"AG","9.910","43","9.920","56","-1,209","9.92","21e3dc51-261c-4c70-b7f5-8ec53474691a","2022-01-24 12:13:04.654"
"AG","9.910","43","9.920","56","-1,209","9.92","e5a4c420-b380-40ad-ab5d-cd284e9f7062","2022-01-24 12:13:04.654"
"AG","9.910","50","9.920","41","-1,209","9.92","453086e7-0ec8-4c78-bdf5-ff772a77942f","2022-01-24 12:13:04.654"
"AG","9.910","50","9.920","41","-1,210","9.92","82a1b127-082e-411f-a154-7204d2c4d211","2022-01-24 12:13:04.654"
"AG","9.910","50","9.920","41","-1,209","9.92","33cac646-070e-4c59-9119-7c2653db3ff1","2022-01-24 12:13:04.654"
"AG","9.940","32","9.950","3","1,212","9.90","828a3b51-0174-4077-b84b-c1dde96791c4","2022-01-24 12:13:50.757"
"AG","9.890","30","9.900","52","-1,209","9.90","08594d18-aca5-4c00-b17d-06cd2d28fcd0","2022-01-24 12:14:02.968"
"AG","9.890","30","9.900","52","-1,209","9.90","5da951d1-22c7-4a30-bccf-7d9995901285","2022-01-24 12:14:02.968"
"AG","9.890","28","9.900","42","-1,210","9.90","ce31535b-a0c1-4fe4-9a2f-7527edf00251","2022-01-24 12:14:12.500"
"AG","9.890","58","9.900","36","-1,212","9.90","a10073db-5acb-4909-8d5e-f74611288af2","2022-01-24 12:14:20.390"
"AG","9.980","9","9.990","24","1,213","9.89","37d3dd3b-beec-4bc6-8121-a5aedecb9db1","2022-01-24 12:14:37.352"
"AG","9.980","13","9.990","24","1,213","9.89","a0973c18-d418-4f8c-9a45-4b96dffcc961","2022-01-24 12:14:37.352"
"AG","9.980","9","9.990","24","1,213","9.89","589f7205-8568-4deb-b3cf-51dfe32a2555","2022-01-24 12:14:37.352"
"AG","9.970","14","9.980","26","1,213","9.89","5712e8f3-035a-4c95-9297-f785aded8cc0","2022-01-24 12:14:37.352"
"AG","9.950","38","9.960","27","1,213","9.89","4b1f1748-7b3d-421e-a8bb-2237837ba3fc","2022-01-24 12:14:37.352"
"AG","9.950","10","9.960","57","1,213","9.89","1f2b9727-0167-4ae3-ba1d-2970472d2862","2022-01-24 12:14:37.352"
"AG","9.950","16","9.960","50","1,213","9.89","ec63c941-dfa0-4417-9daf-8dd07bcbbdb0","2022-01-24 12:14:37.352"
"AG","9.940","20","9.950","44","1,212","9.89","ba65edfa-2e72-4ec7-bd1a-db9c369b695d","2022-01-24 12:14:37.352"
"AG","9.880","9","9.890","49","-1,213","9.89","917ec6ef-832f-43ce-b49e-8886da245720","2022-01-24 12:15:33.299"
"AG","9.880","9","9.890","49","-1,213","9.89","a631c685-9467-4ad8-b0a2-3d79bd00f4a2","2022-01-24 12:15:33.299"
"AG","9.880","9","9.890","49","-1,212","9.89","fcc47989-fecd-4762-9f57-c3efb335209d","2022-01-24 12:15:33.299"
"AG","9.880","9","9.890","49","-1,213","9.89","bfb7acd1-252e-4917-8b90-5b27f7bb0af4","2022-01-24 12:15:33.299"
"AG","9.880","13","9.890","49","-1,213","9.89","1b05a690-95a4-47fc-98b3-b2d7c1ad8ab5","2022-01-24 12:15:54.101"
"AG","9.880","13","9.890","49","-1,213","9.89","17cc26c8-ba3a-4628-b0c7-3368daa87e40","2022-01-24 12:15:54.101"
"AG","9.880","6","9.890","51","-1,213","9.89","6b1b4751-04a3-470d-b8f2-a2b00e98033a","2022-01-24 12:15:54.101"
"AG","9.880","12","9.890","44","-1,213","9.89","5a433e08-d781-485f-937f-2d97452d6074","2022-01-24 12:16:04.669"
"AG","9.930","28","9.940","17","1,205","9.94","9d3175f8-21e8-40ff-b53a-00963b22ed7a","2022-01-24 12:24:10.006"
"AG","9.910","21","9.920","19","-1,205","9.92","a104e219-65e5-4d9f-b076-5b9605a62de0","2022-01-24 12:25:47.875"
"AG","10.150","27","10.160","25","1,190","10.08","3c9e4411-d6f3-4ef6-b7a2-20d6122c1923","2022-01-24 13:26:35.536"
"AG","10.150","12","10.160","7","1,190","10.08","4d005bf7-7ec2-4e6d-a956-446544f5ea9b","2022-01-24 13:26:35.536"
"AG","10.150","4","10.160","36","1,190","10.08","dca1395f-537f-473a-8416-1fc2cba980f8","2022-01-24 13:26:35.536"
"AG","10.130","4","10.140","42","1,190","10.08","8aae01b7-3af4-4c25-a79d-aecf34048ca9","2022-01-24 13:26:35.536"
"AG","10.060","16","10.070","15","-1,190","10.07","a48dd078-37d4-4b4d-87bc-1f338994d461","2022-01-24 13:26:51.041"
"AG","10.060","16","10.070","15","-1,190","10.07","2fcb3f39-aa1c-423d-aa48-eda9ec8647bb","2022-01-24 13:26:51.041"
"AG","10.080","19","10.080","10","-1,190","10.08","71cf8166-8d5c-434a-b51e-178d275178cd","2022-01-24 13:27:00.006"
"AG","10.080","22","10.090","17","-1,190","10.09","b81581b0-7cfe-465f-a178-03134bd6f83e","2022-01-24 13:27:10.866"
"AG","10.310","4","10.320","8","1,167","10.28","b18126c9-1353-44ca-a023-013852df69e2","2022-01-24 14:21:24.556"
"AG","10.310","11","10.320","4","1,168","10.27","80dfa21f-b7ab-46c9-a5fd-fd02e461ec92","2022-01-24 14:21:28.391"
"AG","10.340","2","10.350","10","1,168","10.27","6ffa752d-27bc-4367-88ba-ad5dcec51782","2022-01-24 14:21:28.391"
"AG","10.340","2","10.350","12","1,168","10.27","43eae64c-01c8-4737-a106-756fe8ec9aab","2022-01-24 14:21:28.391"
"AG","10.340","2","10.350","12","1,168","10.27","58dacb51-a892-4bd2-b74c-7dfe1831c4f0","2022-01-24 14:21:28.391"
"AG","10.310","13","10.320","4","1,168","10.27","0bce419a-248b-4d21-b21f-607fa9d026cc","2022-01-24 14:21:28.391"
"AG","10.320","4","10.330","7","1,168","10.27","0f28afc2-66d7-4d94-852b-9b878ee9fb84","2022-01-24 14:21:28.391"
"AG","10.310","8","10.320","5","1,168","10.27","7f6464d5-0a8c-4b09-b107-36dc885f4b11","2022-01-24 14:21:28.391"
"AG","10.310","3","10.310","2","1,167","10.27","350da774-a6a7-4136-ab23-3a277e79d139","2022-01-24 14:21:28.391"
"AG","10.300","7","10.310","12","1,168","10.27","2161b6cf-bb60-417a-9400-cb726f9cb1b6","2022-01-24 14:21:28.391"
"AG","10.330","10","10.340","5","1,170","10.26","431c8609-a3f0-4b43-adf9-e700d339018e","2022-01-24 14:21:39.372"
"AG","10.260","14","10.270","14","-1,168","10.27","2f35b44f-8ee0-4de7-bb88-0cb77b3e0163","2022-01-24 14:21:40.024"
"AG","10.260","14","10.270","14","-1,168","10.27","5a5644af-7b54-42fb-9a50-d141c4afdcfa","2022-01-24 14:21:40.024"
"AG","10.260","14","10.270","14","-1,167","10.27","610b769c-482a-471f-8919-1635b301f17d","2022-01-24 14:21:40.024"
"AG","10.260","14","10.270","14","-1,168","10.27","2019dabc-010e-426d-9d0b-b017e477b628","2022-01-24 14:21:40.024"
"AG","10.260","14","10.270","14","-1,168","10.27","4a5f14f2-a9f4-4cb0-ad72-596f4e5fc842","2022-01-24 14:21:40.024"
"AG","10.200","152","10.210","12","-1,168","10.21","a9733c14-5644-4796-a3d5-8c205f3d515b","2022-01-24 14:23:39.723"
"AG","10.200","152","10.210","12","-1,168","10.21","03451673-e5e4-4c7e-b52e-4c05a263444b","2022-01-24 14:23:39.723"
"AG","10.200","152","10.210","12","-1,168","10.21","1c614e1a-8b67-4262-8005-06953295035c","2022-01-24 14:23:39.723"
"AG","10.200","143","10.210","6","-1,167","10.21","63255252-0943-49eb-b8b3-7af42948c007","2022-01-24 14:23:41.753"
"AG","10.200","143","10.210","6","-1,168","10.21","d6308080-7303-4d10-9075-e0696a48ea59","2022-01-24 14:23:41.753"
"AG","10.200","140","10.210","5","-1,170","10.21","d0e1a03a-03d4-48ac-a1a6-01964c32410e","2022-01-24 14:24:12.068"
"ABB","35.200","15","35.210","12","341","35.14","cea5f9cf-28cb-4090-b743-4c6fbf26e693","2022-01-24 10:58:53.193"
"ABB","35.200","9","35.210","10","341","35.14","9b996208-6340-4ffe-a6a9-59613b700f0d","2022-01-24 10:58:53.193"
"ABB","35.190","1","35.190","26","341","35.14","ab3dd074-58ac-43f4-b4bf-fe9ea1325fcc","2022-01-24 10:58:53.193"
"ABB","35.200","1","35.210","65","341","35.14","10324a26-6d97-4570-9e3d-bd144530d818","2022-01-24 10:58:53.193"
"ABB","35.190","9","35.200","13","341","35.14","9883994f-7e4d-4072-bc1c-9205d9b147f0","2022-01-24 10:58:53.193"
"ABB","35.080","20","35.090","1","-341","35.09","f5692587-c6ad-498d-82b2-d631ce7ed1a9","2022-01-24 11:00:10.618"
"ABB","35.090","4","35.100","25","-341","35.10","dc13bd8d-71af-418f-bb32-e824d7548085","2022-01-24 11:00:31.564"
"ABB","35.090","4","35.100","25","-341","35.10","4d2073a6-5cae-42ba-9a4d-fdbc160eea59","2022-01-24 11:00:31.564"
"ABB","35.070","7","35.080","15","-341","35.08","953b0c2e-920e-429b-a172-e3c7e018b9bf","2022-01-24 11:01:40.273"
"ABB","35.080","26","35.090","1","-341","35.09","b38da25c-8a6d-4933-a4dd-6ed91a6694e5","2022-01-24 11:01:56.465"
"ABB","35.120","14","35.130","13","342","35.06","a70ffd4b-0f9b-4d46-8f7d-d629d31d6706","2022-01-24 11:10:56.991"
"ABB","35.120","19","35.130","8","342","35.06","58780042-de6e-4623-aad8-3b22c1755875","2022-01-24 11:10:56.991"
"ABB","35.110","13","35.120","18","342","35.06","efe5e14d-c820-42ef-a76f-9568844f533d","2022-01-24 11:10:56.991"
"ABB","35.110","9","35.120","20","342","35.06","c45e1870-b329-4946-9837-b4f586afd698","2022-01-24 11:10:56.991"
"ABB","35.070","19","35.080","4","-342","35.08","9858e776-7c17-4163-934a-58d0bd641164","2022-01-24 11:11:12.518"
"ABB","35.070","19","35.080","4","-342","35.08","6d60b8df-9dc7-485c-80aa-50c237c51f58","2022-01-24 11:11:12.518"
"ABB","35.060","18","35.070","2","-342","35.07","dbe9c573-ddb8-44df-bccb-e9654d7d5cb6","2022-01-24 11:11:20.824"
"ABB","35.080","19","35.090","15","-342","35.09","be827dbe-46d1-4ac8-b2c7-2be69283b92a","2022-01-24 11:11:55.452"
"ABB","35.260","2","35.270","32","342","35.02","79f35088-c370-4ec1-9f8b-86ae1469f6f6","2022-01-24 11:18:30.841"
"ABB","35.240","7","35.250","21","342","35.02","29f37a64-43ba-4439-96de-13c3db3ff159","2022-01-24 11:18:30.841"
"ABB","35.230","13","35.240","1","342","35.02","8df0cd43-f3b9-4187-9569-7ac36da2d48f","2022-01-24 11:18:30.841"
"ABB","35.010","4","35.020","56","-342","35.02","24e82e05-0c03-4503-867e-f21a585dc724","2022-01-24 11:18:54.591"
"ABB","35.010","4","35.020","56","-342","35.02","1c9c729e-84ac-4a99-be74-fb13f283d054","2022-01-24 11:18:54.591"
"ABB","35.030","20","35.040","1","-342","35.04","85eed128-5f4a-4696-803a-072a2b04160b","2022-01-24 11:19:09.169"
"ABB","35.100","1","35.110","18","342","35.03","dad551f8-e268-406f-b4b8-9a2296257301","2022-01-24 11:37:18.424"
"ABB","35.070","13","35.080","25","342","35.03","b4d869ee-498c-4ece-af44-cf262d631cd2","2022-01-24 11:37:18.424"
"ABB","35.070","13","35.080","25","342","35.03","ff957495-a828-4e1d-a011-757dc8cab8f9","2022-01-24 11:37:18.424"
"ABB","35.050","8","35.060","17","342","35.03","f80d8f2c-2b94-48f9-ac1a-3882792169fa","2022-01-24 11:37:18.424"
"ABB","35.050","9","35.060","11","342","35.03","6df0138e-d7bc-45a5-a1f5-26a0db27db7d","2022-01-24 11:37:18.424"
"ABB","35.050","8","35.060","12","342","35.03","83ae695c-4009-413b-8292-4c2358d898f6","2022-01-24 11:37:18.424"
"ABB","35.050","14","35.060","19","342","35.03","5254bd4f-77db-42a0-8098-14d4b731df32","2022-01-24 11:37:18.424"
"ABB","35.050","7","35.060","18","342","35.03","e727fa7b-d141-4ad9-bb2a-e4e80ad640bb","2022-01-24 11:37:18.424"
"ABB","34.960","1","34.960","10","-342","34.96","3dcca589-f0fb-439b-877d-a3080fa5cf8d","2022-01-24 11:37:50.006"
"ABB","34.920","12","34.930","10","-342","34.93","82f694de-94e2-423e-be95-b9a276e785d1","2022-01-24 11:38:03.675"
"ABB","34.930","4","34.940","14","-342","34.94","a2239385-349a-4a18-8e96-f38ebb3db8ea","2022-01-24 11:38:40.972"
"ABB","34.930","4","34.940","14","-342","34.94","28fb3fbe-3f86-4bb1-a00f-f17081589bf7","2022-01-24 11:38:40.972"
"ABB","34.930","4","34.940","14","-342","34.94","50d03d68-948a-421d-b8b5-36012ed92822","2022-01-24 11:38:40.972"
"ABB","34.910","11","34.920","5","-342","34.92","ee2bed4b-8cd4-4780-9444-7d3b6b852f59","2022-01-24 11:39:07.941"
"ABB","34.920","3","34.930","13","-342","34.93","3f93bd27-0848-4d0f-8fbf-b74fe31acae2","2022-01-24 11:40:20.090"
"ABB","35.040","9","35.050","40","344","34.87","d0e29555-8346-4bbc-975c-35d35b3f6449","2022-01-24 11:41:23.090"
"ABB","35.100","9","35.110","50","344","34.85","1c51cf20-4850-4a3c-9ec6-305938f7ca5a","2022-01-24 11:41:28.013"
"ABB","34.870","1","34.870","13","-344","34.87","5c7605b0-2e09-4eb9-9170-233bae52fc0f","2022-01-24 11:42:00.006"
"ABB","34.870","13","34.880","3","-342","34.88","99dc52bd-aaa0-46f2-9894-f1253336fa35","2022-01-24 11:42:10.862"
"ABB","34.860","13","34.870","1","-344","34.87","810b8242-ba2c-4cca-acd5-f5b49cda3c5e","2022-01-24 11:42:25.946"
"ABB","35.100","9","35.110","46","344","34.84","09e369e6-0f63-483b-aba5-82dbf9297b0e","2022-01-24 11:42:39.459"
"ABB","35.100","2","35.110","24","344","34.84","eb18ecab-6008-4cfb-bfeb-13be665d8b3c","2022-01-24 11:42:39.459"
"ABB","35.100","4","35.110","36","344","34.84","d71241f1-f4f5-4596-8553-e604a7c800e6","2022-01-24 11:42:39.459"
"ABB","35.080","16","35.090","57","344","34.84","75de8f71-ea13-4046-88d7-e2359abc568a","2022-01-24 11:42:39.459"
"ABB","35.090","5","35.100","11","344","34.84","5d49ecb2-ca8f-4aa7-9d63-23c569420312","2022-01-24 11:42:39.459"
"ABB","35.080","8","35.090","8","344","34.84","3fd6f5aa-c3a4-4005-8d58-5407557035d9","2022-01-24 11:42:39.459"
"ABB","35.060","12","35.070","54","344","34.84","d0cb2389-f6a7-4380-ac63-df0e45e7da1e","2022-01-24 11:42:39.459"
"ABB","35.030","9","35.040","10","344","34.84","8ee69e9e-98d8-42cd-91f2-b67db7637e1a","2022-01-24 11:42:39.459"
"ABB","35.020","13","35.030","3","344","34.84","347ce01e-f0bb-481c-8cd0-bc4dbf5ca53a","2022-01-24 11:42:39.459"
"ABB","34.800","11","34.810","7","-344","34.82","a24823d5-d15b-40f9-af1b-b96106a5bf47","2022-01-24 11:43:05.534"
"ABB","34.800","11","34.810","7","-344","34.82","d58fae04-d6af-4ae9-9ef6-64332e77cc0b","2022-01-24 11:43:05.534"
"ABB","34.800","11","34.810","7","-344","34.82","cb315b2c-a2de-4e5a-8c2f-b086cf52d4fd","2022-01-24 11:43:05.534"
"ABB","34.800","11","34.810","7","-344","34.82","43000876-9fe3-4865-83ed-cd8c7d02c61f","2022-01-24 11:43:05.534"
"ABB","34.800","11","34.810","7","-344","34.82","86b159e1-d3da-414a-a149-9108bd3456dd","2022-01-24 11:43:05.534"
"ABB","34.800","19","34.810","1","-344","34.81","bfea8591-a03c-4b63-8276-754e869efa32","2022-01-24 11:43:33.463"
"ABB","34.810","9","34.820","7","-344","34.82","0110fe98-da3e-48f3-ad5e-c3dffaab3911","2022-01-24 11:43:47.461"
"ABB","34.810","9","34.820","7","-344","34.82","31c63c51-4205-4258-9073-42f3af09d1cd","2022-01-24 11:43:47.461"
"ABB","34.810","4","34.820","13","-344","34.82","1ca5e694-eb97-45e4-b74e-d364290c4edb","2022-01-24 11:43:47.461"
"ABB","34.840","10","34.850","17","343","34.85","5153c227-11a7-48e1-9421-b7a3f8bdb166","2022-01-24 11:56:10.006"
"ABB","34.740","8","34.750","9","-343","34.75","fcfdde6d-b74f-4e28-8fd4-133ba3bc0fec","2022-01-24 12:05:49.520"
"ABB","34.760","13","34.770","20","346","34.65","d0b5adf8-e6de-437b-b746-2ffed8118d37","2022-01-24 12:12:20.241"
"ABB","34.750","6","34.760","20","346","34.65","9308a29c-f4d0-4ec0-9776-db8c51638278","2022-01-24 12:12:20.241"
"ABB","34.750","6","34.760","20","346","34.65","b9262cb4-4b97-43fc-abc4-d842672b37cd","2022-01-24 12:12:20.241"
"ABB","34.580","5","34.590","11","-346","34.59","1f3171ef-89df-4a00-a23b-5b7246510ddd","2022-01-24 12:12:40.608"
"ABB","34.580","5","34.590","11","-346","34.59","611d3e5c-11cf-441b-bf46-bc3e3dad0b9b","2022-01-24 12:12:40.608"
"ABB","34.580","10","34.590","4","-346","34.60","858892ec-2006-4f1b-ac6c-4a252730c41e","2022-01-24 12:13:06.548"
"ABB","34.900","18","34.910","9","344","34.83","6bc2ce2f-c63f-4e0d-b45b-31c0f025f491","2022-01-24 13:27:56.934"
"ABB","34.890","8","34.900","11","344","34.83","52121091-1ad2-481f-ba93-610175d72d42","2022-01-24 13:27:56.934"
"ABB","34.880","11","34.890","4","344","34.83","f60ab48c-7488-4429-84d7-a3f6f6468d19","2022-01-24 13:27:56.934"
"ABB","34.890","1","34.900","27","344","34.83","c556af9a-db8f-4fc7-be28-277e97b03b4a","2022-01-24 13:27:56.934"
"ABB","34.870","5","34.880","11","344","34.83","0f701769-54c2-43e6-a744-d0227f490b11","2022-01-24 13:27:56.934"
"ABB","34.850","2","34.860","12","-344","34.86","c8410624-d679-4b2e-9c24-320a0c575067","2022-01-24 13:28:30.145"
"ABB","34.870","16","34.870","1","-344","34.87","988e2996-32ad-4b03-8f18-359f3a12234f","2022-01-24 13:28:40.006"
"ABB","34.870","16","34.870","1","-344","34.87","4c58959e-be4f-4ae9-bb9f-0d6f5daeaa99","2022-01-24 13:28:40.006"
"ABB","34.870","10","34.880","5","-344","34.88","1f19c122-2b0e-4b96-91d1-bcb75f276d6b","2022-01-24 13:29:00.152"
"ABB","34.860","7","34.870","12","-344","34.88","7fb8a458-abb0-4069-b452-d8981637b7ca","2022-01-24 13:30:39.890"
"ABB","35.090","18","35.100","3","342","35.05","ae6d53bf-f6ec-4041-b073-2053d3ea4fb5","2022-01-24 14:17:29.028"
"ABB","35.080","7","35.090","5","342","35.05","e3e9d808-3815-4036-b1b9-6e1dd9402e40","2022-01-24 14:17:29.028"
"ABB","35.090","16","35.100","6","342","35.05","77bf4735-b926-4f7b-b0de-ba57706f736b","2022-01-24 14:17:29.028"
"ABB","35.080","13","35.090","6","342","35.05","e94fbb40-1dd4-43c5-9d52-8c9343729b97","2022-01-24 14:17:29.028"
"ABB","35.030","10","35.040","7","-342","35.04","ed69ea8a-e21b-4db3-994f-a157f981df9c","2022-01-24 14:18:46.847"
"ABB","35.030","10","35.040","7","-342","35.04","df736807-b892-4408-a8f3-9480a2e9c905","2022-01-24 14:18:46.847"
"ABB","35.040","15","35.050","7","-342","35.05","161761d2-ca56-4b52-8ca9-e2012222bd4e","2022-01-24 14:18:57.337"
"ABB","35.050","21","35.060","2","-342","35.06","027ae0fe-0256-4b3f-aed3-6c0d6adb6fbb","2022-01-24 14:19:00.768"
"ABB","35.220","7","35.230","10","342","35.03","c28e9cf4-bce6-433e-b912-4bf10a2c8143","2022-01-24 14:19:59.289"
"ABB","35.200","17","35.210","8","342","35.03","74edcaf3-58cd-4034-81c9-d87237015250","2022-01-24 14:19:59.289"
"ABB","35.190","8","35.200","4","342","35.03","a272568f-e0ca-438a-b0f6-493783355564","2022-01-24 14:19:59.289"
"ABB","35.170","5","35.180","9","342","35.03","9dbc7b3a-3465-4756-97f9-d85780965e8a","2022-01-24 14:19:59.289"
"ABB","35.150","8","35.170","15","342","35.03","626d3920-7452-4089-aad7-784da06f686b","2022-01-24 14:19:59.289"
"ABB","35.150","6","35.160","6","342","35.03","67a3c8a9-ac69-4288-8697-33b33010bbbb","2022-01-24 14:19:59.289"
"ABB","35.130","14","35.140","19","342","35.03","28c841bd-fd8f-4053-98b3-fcd877775487","2022-01-24 14:19:59.289"
"ABB","35.120","2","35.130","13","342","35.03","f0ce7b7f-7fd9-4715-8ee2-a1f33aac8896","2022-01-24 14:19:59.289"
"ABB","35.120","8","35.130","10","342","35.03","96f89760-fa8f-4d58-be03-0c23b1128325","2022-01-24 14:19:59.289"
"ABB","35.060","6","35.070","7","342","35.03","cec08ade-9672-4b0a-804d-b8b63f9bfe75","2022-01-24 14:19:59.289"
"ABB","35.070","6","35.080","6","-342","35.09","07470ede-6a55-460f-87fe-b0fd69b8a3e7","2022-01-24 14:20:26.767"
"ABB","35.070","6","35.080","6","-342","35.09","2e157ab2-58de-4599-bbc7-a6d2d474bba2","2022-01-24 14:20:26.767"
"ABB","35.070","6","35.080","6","-342","35.09","b2b7ba4e-13ca-4c6f-a951-520960a13926","2022-01-24 14:20:26.767"
"ABB","35.070","6","35.080","6","-342","35.09","a883dee4-0a31-4a05-8e50-90a85cf63c84","2022-01-24 14:20:26.767"
"ABB","35.070","6","35.080","6","-342","35.09","da91ee2a-3131-4fe6-998f-719c144f40b0","2022-01-24 14:20:26.767"
"ABB","35.080","7","35.090","7","-342","35.09","96ace51a-1836-4d3a-876e-84c0afd62ad5","2022-01-24 14:20:45.232"
"ABB","35.080","6","35.090","9","-342","35.09","5489718e-fd85-4e6c-9a14-ba345583a252","2022-01-24 14:20:51.851"
"ABB","35.080","6","35.090","9","-342","35.09","f02ce851-5672-4b73-8a1c-5a73f5ae8cf2","2022-01-24 14:20:51.851"
"ABB","35.070","9","35.080","6","-342","35.08","abf7b408-ec06-498b-ac5c-fc5c42effc22","2022-01-24 14:21:10.821"
"ABB","35.060","9","35.070","12","-342","35.07","21b0c632-5a04-46b1-bdac-d64fab93ac5e","2022-01-24 14:21:22.991"
"ABB","35.180","7","35.190","5","343","34.95","cfcd6a2a-da86-46ee-a744-80e61b6c68b2","2022-01-24 14:24:58.532"
"ABB","34.970","7","34.980","10","-343","34.99","9d75dd7a-6283-40e0-96bc-a5fd1a8eb054","2022-01-24 14:26:44.201"
"ABB","35.080","7","35.090","7","342","35.04","1e3accb9-683f-4a50-94fe-5ecae3d90b00","2022-01-24 14:34:59.548"
"ABB","35.060","2","35.070","16","342","35.04","e4f2e518-a6b6-41b8-8da1-dbc2bdc6a8fc","2022-01-24 14:34:59.548"
"ABB","35.060","4","35.070","8","342","35.04","d33be6a8-f3dd-4aa8-aec9-3d0dd5ec1678","2022-01-24 14:34:59.548"
"ABB","35.060","4","35.070","8","342","35.04","d5d1c615-bd57-42be-a2f0-8eb7f7424efc","2022-01-24 14:34:59.548"
"ABB","35.020","17","35.030","1","-342","35.03","3dcd6f32-f325-44c9-bdde-7f937b4e649e","2022-01-24 14:35:44.131"
"ABB","35.020","17","35.030","1","-342","35.03","c53f488f-13bd-4cd9-bcdf-78e94c8919e1","2022-01-24 14:35:44.131"
"ABB","35.020","13","35.030","1","-342","35.03","04a72590-8ef6-4aa5-84b1-0193b1d7e09d","2022-01-24 14:35:54.283"
"ABB","35.030","5","35.040","13","-342","35.04","587ff38f-3c45-46d3-9f07-ee39548f3389","2022-01-24 14:36:04.231"
"ABB","35.060","6","35.070","10","342","35.04","514ccdfe-fdaa-4335-a5bd-b644a3618ba7","2022-01-24 14:37:06.710"
"ABB","35.050","3","35.060","15","342","35.04","1e4b4058-5b64-4fe5-b612-fd507275134d","2022-01-24 14:37:06.710"
"ABB","34.960","10","34.970","13","-342","34.97","1b69dfa3-8c30-489e-b5bf-9e2abc83112b","2022-01-24 14:37:50.335"
"ABB","34.920","8","34.930","9","-342","34.94","87cfcd32-06ed-46af-b980-629d4af80146","2022-01-24 14:40:25.425"
"ABB","34.970","6","34.980","10","342","34.98","3ac47df3-9310-4717-98f3-2183db67d068","2022-01-24 14:49:20.006"
"ABB","35.050","8","35.060","6","-342","35.06","f6ad6adf-c4d2-4790-b114-d626f342aaa0","2022-01-24 14:50:11.829"
"ABB","35.050","17","35.060","1","342","35.00","9c2be574-fabb-4ef0-9bc1-a6e3d6611a22","2022-01-24 14:51:31.276"
"ABB","35.040","1","35.040","12","342","35.00","9d4fd4ef-f1e2-4674-ab41-2c11a610107d","2022-01-24 14:51:31.276"
"ABB","35.030","9","35.040","8","-342","35.04","f893059f-6351-442d-90ea-ef55444221e7","2022-01-24 14:52:03.355"
"ABB","35.040","10","35.050","8","-342","35.05","b22cd681-0318-4ec5-ad79-8fcc27249619","2022-01-24 14:52:15.994"
"ALB","205.250","2","206.000","2","58","206.00","a9d3185c-4fa4-45ef-8f07-f15f619d45fa","2022-01-24 09:55:10.006"
"ALB","204.180","1","204.700","1","-58","204.70","9db83e46-27fa-4698-aa64-0b0c63863746","2022-01-24 10:00:42.431"
"ALB","203.400","3","203.870","1","59","202.19","35193b80-a21b-49a8-af1d-33832eb4071d","2022-01-24 10:45:56.450"
"ALB","203.650","5","204.170","1","59","202.19","5a80d187-a62c-462b-bdf3-4e039d46f173","2022-01-24 10:45:56.450"
"ALB","203.770","1","204.250","2","59","202.19","ceebd86f-174a-4e2b-9011-4bb3680fec6a","2022-01-24 10:45:56.450"
"ALB","202.020","1","202.470","1","-59","202.47","efa20cf6-443d-4f51-ae02-57f8d49cf39d","2022-01-24 10:46:16.155"
"ALB","202.020","1","202.470","1","-59","202.47","91c25a40-d6d7-4e93-9da4-ba9e8d25a641","2022-01-24 10:46:16.155"
"ALB","203.030","2","203.720","1","59","201.51","9e7ed9af-b657-44cd-95ca-3d153741c94b","2022-01-24 10:47:14.852"
"ALB","202.900","1","203.570","2","59","201.51","acddaeec-0c28-4ffd-b65d-d33e157be162","2022-01-24 10:47:14.852"
"ALB","202.890","4","203.370","1","59","201.51","e177b174-9913-4577-b8b8-87f91a4b1af1","2022-01-24 10:47:14.852"
"ALB","203.120","3","203.660","1","59","201.51","7c6a622e-8a9b-4714-bfd1-03b0888d23d2","2022-01-24 10:47:14.852"
"ALB","203.120","4","203.660","1","59","201.51","e6e0163a-55bc-4bbe-bba3-cca38d29a2d6","2022-01-24 10:47:14.852"
"ALB","201.210","1","201.830","1","-59","201.83","bd0f83c7-527c-4bf8-b143-07fba495a314","2022-01-24 10:48:09.945"
"ALB","204.030","1","204.660","3","59","200.55","d0a5c290-46c9-49f2-8443-7aba2cd1f977","2022-01-24 10:48:29.356"
"ALB","203.790","1","204.270","1","59","200.55","3664fe6c-e062-40bf-81a2-c636e4c9f6f6","2022-01-24 10:48:29.356"
"ALB","203.160","1","203.690","2","59","200.55","2e6905e7-cf46-4612-83c6-6cf8643fa07e","2022-01-24 10:48:29.356"
"ALB","200.260","1","200.730","2","-59","200.73","4dc074f2-b82d-4cf2-882a-28a08354e5f2","2022-01-24 10:49:01.420"
"ALB","200.260","1","200.730","2","-59","200.73","692f1106-9987-4582-bb15-803077e83b3b","2022-01-24 10:49:01.420"
"ALB","200.260","1","200.730","2","-59","200.73","b6015a85-4c4d-4fe7-ba02-1c915becd90b","2022-01-24 10:49:01.420"
"ALB","200.730","1","200.990","1","-59","200.99","d6fe6a3c-6a29-46c2-8831-708649fba436","2022-01-24 10:49:26.161"
"ALB","200.740","2","201.370","3","-59","201.37","4ddbe9fd-bc06-46fb-be8e-f2667d95046d","2022-01-24 10:49:46.285"
"ALB","200.840","1","201.350","1","-59","201.35","b7389809-c265-48ef-9d6a-1e2557835f76","2022-01-24 10:49:52.688"
"ALB","200.660","1","201.020","1","-59","201.03","31541125-eaaf-4fbe-a077-bc3e7941eb69","2022-01-24 10:50:11.790"
"ALB","200.720","1","201.180","1","-59","201.18","87de0193-1b63-4ba8-afda-c73f6e0ef8f6","2022-01-24 10:50:20.484"
"ALB","202.520","1","203.190","1","59","202.59","94d9b400-5415-43b1-aa55-dc500c7a1b48","2022-01-24 10:57:56.737"
"ALB","202.550","2","203.130","1","59","202.59","e362180d-13d6-4c55-b5e3-c7b2c10e4220","2022-01-24 10:57:56.737"
"ALB","200.580","14","201.140","2","-59","201.14","581e31e7-52e3-4bbc-91fa-4f34a787395a","2022-01-24 11:01:41.887"
"ALB","200.590","3","201.120","3","-59","201.14","bdf55b72-99d2-4e0c-8ed8-0f1dfcbaa47b","2022-01-24 11:02:06.521"
"ALB","202.830","1","203.300","1","60","199.71","ef000b04-e770-4ce3-b5ad-187f6d50ea51","2022-01-24 11:10:36.160"
"ALB","202.480","1","203.020","1","60","199.71","3a11793e-2416-4116-87cb-0a8faa42687e","2022-01-24 11:10:36.160"
"ALB","202.480","1","202.990","2","60","199.71","0985d000-9050-4d3c-9ef4-c979cef7fd63","2022-01-24 11:10:36.160"
"ALB","202.430","1","203.000","1","60","199.71","5e3fde07-71e4-48f6-a866-bc280916c500","2022-01-24 11:10:36.160"
"ALB","202.710","1","203.150","1","60","199.71","0427f655-b304-4b70-a46d-7878e99e4187","2022-01-24 11:10:36.160"
"ALB","203.220","2","203.910","1","60","199.71","763d61af-dcf8-4d0a-8783-e1243211aa4e","2022-01-24 11:10:36.160"
"ALB","203.240","1","203.830","2","60","199.71","dfe5d635-bf5a-4a8a-b1c7-8a99677f7729","2022-01-24 11:10:36.160"
"ALB","203.010","1","203.550","1","60","199.71","4a0838db-4aa5-48c2-8ce7-8357329052b5","2022-01-24 11:10:36.160"
"ALB","202.770","2","203.430","2","60","199.71","4720b3b7-6efd-405c-992b-8fc7f1fbb2e6","2022-01-24 11:10:36.160"
"ALB","202.800","1","203.230","1","60","199.71","89c8f20d-e230-4c04-ae27-733d044b012c","2022-01-24 11:10:36.160"
"ALB","203.020","2","203.590","2","60","199.71","e2c20615-f40e-4d9a-85a6-efb695792903","2022-01-24 11:10:36.160"
"ALB","199.080","1","199.650","1","-60","199.66","bee5f043-cb6a-48fd-a03b-4a4c75d63e85","2022-01-24 11:11:13.057"
"ALB","199.080","1","199.650","1","-60","199.66","ca80476d-fcb7-43a2-a255-bb07ebb16013","2022-01-24 11:11:13.057"
"ALB","199.080","1","199.650","1","-60","199.66","3dfe6626-9fb9-408d-b8b6-995efeed518f","2022-01-24 11:11:13.057"
"ALB","199.080","1","199.650","1","-60","199.66","ca22aa7b-b9ef-4a09-afc2-142dac2d9773","2022-01-24 11:11:13.057"
"ALB","199.080","1","199.650","1","-60","199.66","8f473e3d-18a1-4329-94d6-1fff5676632b","2022-01-24 11:11:13.057"
"ALB","199.080","1","199.650","1","-60","199.66","fc3b40cb-35ef-4b14-bcca-74a90a081cf7","2022-01-24 11:11:13.057"
"ALB","199.090","3","199.640","1","-60","199.66","9c604855-ec45-402b-80b3-78b8d28ddcb8","2022-01-24 11:11:13.057"
"ALB","199.090","3","199.640","1","-60","199.66","39d12809-2458-49d8-aecf-746f11c00f95","2022-01-24 11:11:13.057"
"ALB","199.090","3","199.640","1","-60","199.66","1e388e57-79d2-4c6e-8c81-4893a4c21ced","2022-01-24 11:11:13.057"
"ALB","199.470","1","199.810","1","-60","199.81","c5820e21-b39f-40cc-80bf-cdcffe726936","2022-01-24 11:12:12.315"
"ALB","199.520","1","199.810","1","-60","199.81","6e6f4e31-e6d3-4f6c-ad04-2ec15712b8f9","2022-01-24 11:12:12.315"
"ALB","201.060","3","201.470","1","59","200.42","4223545b-f0b2-4acf-b560-c1673f5a4909","2022-01-24 11:22:08.940"
"ALB","198.860","1","199.230","1","-59","199.23","7b2e9eb6-31b8-4373-8e90-b1bc2ed0fbe8","2022-01-24 11:26:51.154"
"ALB","200.440","1","200.910","1","60","199.24","96e4e1bb-18c1-4bde-8f52-ae987838223c","2022-01-24 11:48:18.604"
"ALB","200.630","6","201.130","1","60","199.24","df4ddd6d-ad5a-4d9f-a121-94076a4786e7","2022-01-24 11:48:18.604"
"ALB","200.630","8","201.120","1","60","199.24","754c133a-a5fc-42d7-abb2-2c9c18e0e57b","2022-01-24 11:48:18.604"
"ALB","200.940","1","201.220","1","60","199.24","36bd727b-d8b3-406c-82cc-3cecc0fd3d9f","2022-01-24 11:48:18.604"
"ALB","200.000","5","200.680","2","60","199.08","f2189577-cab0-40ac-87d4-09ea250c9dc5","2022-01-24 11:48:18.682"
"ALB","200.230","2","200.750","1","60","199.08","df93d7f9-dfc0-4aed-b2ec-fe8b2a5b29aa","2022-01-24 11:48:18.682"
"ALB","200.100","1","200.330","1","60","199.08","e5dff16a-dbd5-44ea-97b8-ea113620aa35","2022-01-24 11:48:18.682"
"ALB","201.260","3","201.890","1","60","198.83","59baad96-7cb6-4a90-8370-115de9f3a800","2022-01-24 11:49:15.991"
"ALB","201.110","1","201.720","3","60","198.83","a355bf09-50d1-4806-b880-77062f765a64","2022-01-24 11:49:15.991"
"ALB","201.350","1","201.640","1","60","198.83","0988015e-0cc5-41a0-9825-38e93d2cc488","2022-01-24 11:49:15.991"
"ALB","200.980","2","201.480","2","60","198.83","6a46bd2d-628b-46b6-ace9-04ac90b31621","2022-01-24 11:49:15.991"
"ALB","200.870","2","201.400","1","60","198.83","a9d92eb3-ab45-47c7-a056-e446778718f9","2022-01-24 11:49:15.991"
"ALB","200.750","1","201.390","3","60","198.83","d0307b91-07ba-4623-9b57-3f8a475e06ee","2022-01-24 11:49:15.991"
"ALB","200.590","1","201.370","4","60","198.83","e7fd7d50-f887-4908-961c-e8b0339d2d12","2022-01-24 11:49:15.991"
"ALB","200.250","1","200.810","3","60","198.83","b6af04a7-bbd5-44ea-9e3b-61fcfd70dfe0","2022-01-24 11:49:15.991"
"ALB","200.250","1","200.810","3","60","198.83","7db53de6-e3aa-4fdd-a7f7-eba3527d2fa5","2022-01-24 11:49:15.991"
"ALB","200.150","1","200.630","1","60","198.75","5b315371-8019-4052-b444-d6009ec14924","2022-01-24 11:49:34.870"
"ALB","200.310","1","200.790","1","60","198.75","b9ff4de5-47cf-4b4b-b502-caf9436ba4ea","2022-01-24 11:49:34.870"
"ALB","200.290","1","200.790","1","60","198.75","9578ee78-d5c0-4de8-aa09-874eb5ed6720","2022-01-24 11:49:34.870"
"ALB","200.630","1","201.140","1","60","198.75","187bffda-578e-40dc-97ac-2994f1c559a9","2022-01-24 11:49:34.870"
"ALB","200.640","1","201.050","1","60","198.75","4b541328-e35e-495b-9cf1-57d31d884f06","2022-01-24 11:49:34.870"
"ALB","200.650","5","201.050","1","60","198.75","66f92a61-ef54-4b48-9fb8-648d0e9aa89b","2022-01-24 11:49:34.870"
"ALB","201.310","1","201.970","2","60","198.75","a4f7afe2-fae3-47c8-90d0-d021e501c95f","2022-01-24 11:49:34.870"
"ALB","201.340","3","201.790","1","60","198.75","7fa54301-239e-4bc6-a44e-5d9c171e9da0","2022-01-24 11:49:34.870"
"ALB","201.340","1","201.780","2","60","198.75","7b853043-c6f6-48a6-aad9-0bd1b049253a","2022-01-24 11:49:34.870"
"ALB","201.340","1","201.770","1","60","198.75","1605c26d-542a-46b1-83b7-976d4feb4884","2022-01-24 11:49:34.870"
"ALB","201.340","2","201.750","1","60","198.75","f8879019-d94c-4c39-82b6-9e3d9417a4de","2022-01-24 11:49:34.870"
"ALB","198.420","2","198.920","2","-60","198.92","63f50b2d-5d71-4b28-b594-3b9744f2f911","2022-01-24 11:50:06.749"
"ALB","198.420","2","198.920","2","-60","198.92","098c1018-0396-406a-9279-7038de5c6c04","2022-01-24 11:50:06.749"
"ALB","198.420","2","198.920","2","-60","198.92","109fb0d6-7955-4d25-ae29-820b38e18f36","2022-01-24 11:50:06.749"
"ALB","198.420","2","198.920","2","-60","198.92","5cb19e35-2618-4b72-b3c3-c1e93db190ce","2022-01-24 11:50:06.749"
"ALB","198.420","2","198.920","2","-60","198.92","008c8be2-959b-4f85-9cb5-23fc9673d310","2022-01-24 11:50:06.749"
"ALB","198.420","2","198.920","2","-60","198.92","e26bfcda-e77b-4c8a-a796-2b26b3198d9c","2022-01-24 11:50:06.749"
"ALB","198.420","2","198.920","2","-60","198.92","f99398df-571b-4678-913f-0d86893ee333","2022-01-24 11:50:06.749"
"ALB","198.810","1","199.350","1","-60","199.35","dc95519f-0535-4f25-9368-6949333ec03d","2022-01-24 11:50:34.115"
"ALB","198.810","1","199.350","1","-60","199.35","8fe69e1d-a9a5-4d21-9acb-d2c2a03d557e","2022-01-24 11:50:34.115"
"ALB","198.810","1","199.350","1","-60","199.35","a1062c34-995d-477c-a682-338527ebff65","2022-01-24 11:50:34.115"
"ALB","198.810","1","199.350","1","-60","199.35","d926ffd4-953a-46c6-88c5-fcb675f819d1","2022-01-24 11:50:34.115"
"ALB","198.810","1","199.350","1","-60","199.35","c12edfc1-fb85-43d5-98e7-83b6977518c7","2022-01-24 11:50:34.115"
"ALB","198.810","1","199.350","1","-60","199.35","a7965f44-7a6e-4b6b-860c-526fde9f8ddc","2022-01-24 11:50:34.115"
"ALB","198.810","1","199.350","1","-60","199.35","e5a879ea-95eb-4203-9b40-5055895f9e77","2022-01-24 11:50:34.115"
"ALB","198.810","1","199.350","1","-60","199.35","84789cde-48bb-42e9-9404-a380669689de","2022-01-24 11:50:34.115"
"ALB","198.670","4","199.280","3","-60","199.28","ca4e4218-58a5-4805-ac2d-91b71c9e80ea","2022-01-24 11:51:55.391"
"ALB","198.670","4","199.280","3","-60","199.28","3db0dc7e-35d4-4b2e-88f8-d5cce91f8cfb","2022-01-24 11:51:55.391"
"ALB","198.670","4","199.280","3","-60","199.28","a4c517fc-6368-4206-a042-aa3de87a9500","2022-01-24 11:51:55.391"
"ALB","198.670","4","199.280","3","-60","199.28","efdc1b68-1a84-4451-9fcf-07cb5972d0c6","2022-01-24 11:51:55.391"
"ALB","198.670","4","199.280","3","-60","199.28","5b2cecac-0727-4538-866e-b172d161db14","2022-01-24 11:51:55.391"
"ALB","198.840","1","199.290","1","-60","199.29","f6f98767-ff27-40ce-b3dd-7ad9346fda09","2022-01-24 11:51:55.391"
"ALB","198.840","1","199.290","1","-60","199.29","b3bb08f1-cd8e-4a62-a83e-a334b824449f","2022-01-24 11:51:55.391"
"ALB","198.840","1","199.290","1","-60","199.29","6d02f585-ae51-49d7-9485-a5b703c40521","2022-01-24 11:51:55.391"
"ALB","199.210","1","199.730","1","-60","199.73","93412b65-233d-4935-9c32-550c4e90f26c","2022-01-24 11:52:08.471"
"ALB","199.210","1","199.730","1","-60","199.73","ed21d8e6-754c-40ca-bf93-2f3d929eb4c5","2022-01-24 11:52:08.471"
"ALB","199.340","1","199.800","1","-60","199.80","8fecd146-f524-4053-9a2e-93009ea005d9","2022-01-24 11:52:49.084"
"ALB","199.420","13","199.890","2","-60","199.89","06588578-34d6-4c01-bd88-38b901d33c45","2022-01-24 11:52:58.977"
"ALB","200.190","1","200.840","1","59","200.52","4eac3534-8da2-4f58-87af-191a8be17718","2022-01-24 11:54:10.270"
"ALB","200.990","2","201.670","1","-59","201.73","3b2ac024-5600-44db-b288-b0e887c1152b","2022-01-24 11:55:48.918"
"ALB","201.090","2","201.780","1","59","200.15","4db49fdb-0174-483b-aa81-26dc04345794","2022-01-24 12:04:00.798"
"ALB","200.880","2","201.760","4","59","200.15","847ce8f8-b5ed-41fa-88be-9cd95ddd1f55","2022-01-24 12:04:00.798"
"ALB","200.910","1","201.750","3","59","200.15","a890921d-029b-43a0-b6f0-8fa6a5da517f","2022-01-24 12:04:00.798"
"ALB","200.890","3","201.580","1","59","200.15","511b534b-face-4a79-9800-45cd7513343d","2022-01-24 12:04:00.798"
"ALB","201.450","1","201.990","2","59","200.15","2d279cc4-e9cb-4a9e-bad1-938b55bd78ee","2022-01-24 12:04:00.798"
"ALB","201.440","8","202.000","1","59","200.15","23bcc713-0df0-4839-afbe-688e53cdc4d6","2022-01-24 12:04:00.798"
"ALB","201.240","1","201.710","1","59","200.15","cd22e985-3490-4a8a-b748-dc29c596fdb5","2022-01-24 12:04:00.798"
"ALB","200.970","1","201.510","4","59","200.15","86cb37cd-5592-4803-b444-e591d2f8c1e4","2022-01-24 12:04:00.798"
"ALB","200.970","5","201.430","1","59","200.15","30289b2d-e04d-40a4-a94a-7435a1806615","2022-01-24 12:04:00.798"
"ALB","200.700","1","201.190","1","59","200.15","61efd0a0-9d20-46ee-b8bd-4832655e32ce","2022-01-24 12:04:00.798"
"ALB","200.540","1","201.090","2","59","200.15","7e377153-9a1c-455b-b007-d39cec64b108","2022-01-24 12:04:00.798"
"ALB","200.870","2","201.490","1","59","200.15","b34b4590-2152-4012-b25c-bffa4e4b97c1","2022-01-24 12:04:00.798"
"ALB","201.110","1","201.610","1","59","200.15","dbd391aa-1ab4-43fb-b565-92b8793a902e","2022-01-24 12:04:00.798"
"ALB","201.090","7","201.610","1","59","200.15","b69aa756-89ec-4c14-9590-2cac98a39917","2022-01-24 12:04:00.798"
"ALB","199.900","4","200.330","1","-59","200.33","dd014aa2-fe48-46c2-bfde-c5b675e8ba20","2022-01-24 12:05:34.223"
"ALB","199.900","4","200.330","1","-59","200.33","1dd96d84-3a4b-4a78-b704-b01d4bc0dec3","2022-01-24 12:05:34.223"
"ALB","199.900","4","200.380","1","-59","200.38","a05d0fdc-935c-4001-ad8d-32cee581090a","2022-01-24 12:05:50.551"
"ALB","199.900","4","200.380","1","-59","200.38","bcdb46d6-9f1b-465c-800a-4b105bc1261a","2022-01-24 12:05:50.551"
"ALB","199.900","4","200.380","1","-59","200.38","1392d73e-e6f9-41df-b105-6616f21650e4","2022-01-24 12:05:50.551"
"ALB","199.900","4","200.380","1","-59","200.38","3abf6c54-3dc9-4936-8e7a-d868776de49b","2022-01-24 12:05:50.551"
"ALB","199.900","4","200.380","1","-59","200.38","17c7079b-be52-41e2-86e8-87d74a483bb0","2022-01-24 12:05:50.551"
"ALB","199.920","1","200.330","2","-59","200.38","31bde123-1db1-400f-bd38-2c9699118efd","2022-01-24 12:05:50.551"
"ALB","199.920","1","200.320","2","-59","200.38","eda4b081-a430-4d60-869f-91afd90927b6","2022-01-24 12:05:50.551"
"ALB","199.600","2","200.260","2","-59","200.27","06d93673-d493-419d-9391-a543029cf5e8","2022-01-24 12:06:37.212"
"ALB","199.600","2","200.260","2","-59","200.27","aed3aca6-a057-464b-bbdb-e7a4f45c51e4","2022-01-24 12:06:37.212"
"ALB","199.600","2","200.260","2","-59","200.27","d607c7e4-39d9-4ebf-8c43-05bcd0dd9bfb","2022-01-24 12:06:37.212"
"ALB","199.600","2","200.250","2","-59","200.27","1cc46a80-3328-405e-bfb0-007449169027","2022-01-24 12:06:37.212"
"ALB","198.920","2","199.600","2","-59","199.60","d33613df-258c-4d93-9d33-53ae13054acb","2022-01-24 12:12:09.008"
"ALB","201.640","3","202.470","2","59","201.55","dcf2036e-b539-419a-9e0a-da343c4b8f07","2022-01-24 13:28:03.121"
"ALB","201.700","2","202.440","2","59","201.55","17623578-bbdc-4f7c-975b-86d6e02dabb7","2022-01-24 13:28:03.121"
"ALB","201.760","1","202.220","2","-59","202.26","efb396de-54e6-4697-bc98-eafa742c000d","2022-01-24 13:28:39.686"
"ALB","201.870","2","202.390","1","-59","202.39","7a310f23-27ae-4286-97ad-bbfd5c0a085a","2022-01-24 13:28:43.944"
"ALB","202.540","2","203.190","2","59","202.69","7cce83e6-a998-4e00-bb89-7c998fa63096","2022-01-24 13:32:10.890"
"ALB","202.810","1","203.370","1","59","202.15","a2b664ce-9690-4bf9-8909-5c85ad079fad","2022-01-24 13:32:37.213"
"ALB","202.150","1","202.770","2","-59","203.43","fa84b38e-f48f-4bbc-9121-cf7d62b7d968","2022-01-24 13:33:28.228"
"ALB","202.680","3","203.420","2","-59","203.43","9511705d-9015-4182-9dee-7d24655a1c82","2022-01-24 13:34:23.833"
"ALB","203.150","1","203.580","1","59","203.26","b29b6ba0-f630-4b4f-ae7d-f31da86f8a5d","2022-01-24 13:34:52.271"
"ALB","201.900","2","202.590","2","-59","202.60","1a219a6d-9ad3-4c5f-ae9a-f7a7f88900d3","2022-01-24 13:37:39.200"
"ALB","202.190","2","202.820","2","59","202.82","5bb7713d-17c6-4b74-80c8-2f7693b6de0c","2022-01-24 13:37:50.006"
"ALB","202.510","1","203.210","2","-59","203.22","e338924a-5804-44c3-b040-ead12f58f37a","2022-01-24 13:38:42.097"
"ALB","205.480","1","206.040","2","58","204.78","f867b03b-7833-41b3-8126-b0d9a463deae","2022-01-24 14:18:26.402"
"ALB","205.240","1","206.040","3","58","204.78","88b989fc-52a1-40e5-a1b4-c27c9e56228c","2022-01-24 14:18:26.402"
"ALB","205.290","1","206.020","1","58","204.78","28bbc38b-651e-412d-ac98-2d7e27930a65","2022-01-24 14:18:26.402"
"ALB","205.300","1","205.910","1","58","204.78","0db1dcdf-aa73-46e6-9424-8127352b00dc","2022-01-24 14:18:26.402"
"ALB","205.200","1","205.730","2","58","204.78","3674eb0b-8417-47da-8266-57241633997f","2022-01-24 14:18:26.402"
"ALB","204.560","1","205.170","1","-58","205.17","f0903604-5ed1-451e-9757-f37b699eaf23","2022-01-24 14:18:57.211"
"ALB","204.530","2","205.220","2","-58","205.23","0a37f5d5-6e71-4ee9-aa96-86bce3a52c31","2022-01-24 14:18:57.213"
"ALB","204.530","2","205.220","2","-58","205.23","02577fe3-e3a5-43d3-80b6-0f0a1291c23d","2022-01-24 14:18:57.213"
"ALB","204.530","2","205.220","2","-58","205.23","d3d00f3a-511e-4c38-be4e-86707994077e","2022-01-24 14:18:57.213"
"ALB","205.200","2","205.450","1","-58","205.55","c0b20eab-0244-4f1b-b4e5-14163157a810","2022-01-24 14:19:02.036"
"ALB","204.750","2","205.380","1","58","204.07","6807ad10-e93d-429d-99d2-fa65a14bd7c8","2022-01-24 14:24:58.223"
"ALB","204.790","1","205.380","1","58","204.07","26763d14-c91d-4953-98d4-98cc4a5fdf34","2022-01-24 14:24:58.223"
"ALB","204.980","4","205.790","2","58","204.07","43b13501-a069-487a-be18-07e639461161","2022-01-24 14:24:58.223"
"ALB","205.410","2","205.840","1","58","204.07","d8b43dcb-b4bc-4c22-80c0-5a16b7369861","2022-01-24 14:24:58.223"
"ALB","204.470","4","205.260","1","-58","205.26","8cf01020-222b-46b5-9f23-178e20d626b2","2022-01-24 14:26:41.777"
"ALB","204.470","4","205.260","1","-58","205.26","f8d614b8-df9e-4b10-b624-6de9d044d8bf","2022-01-24 14:26:41.777"
"ALB","204.050","1","204.540","1","-58","204.65","c49ad6d1-d990-4e8f-b464-c23f8c4dc1f4","2022-01-24 14:30:09.642"
"ALB","204.380","3","204.910","1","-58","204.91","e894ee17-cd37-48ac-9304-05e80373a837","2022-01-24 14:30:40.514"
"ALB","206.500","2","207.070","3","58","203.43","56f68b11-5591-4958-ad55-648784e97dee","2022-01-24 14:35:25.121"
"ALB","207.110","1","207.590","2","58","203.43","38e94560-1a2b-4246-997c-0db2d3bc5bfa","2022-01-24 14:35:25.121"
"ALB","206.720","1","207.220","1","58","203.43","dad02961-be5d-46b8-8df2-bc9363464ad4","2022-01-24 14:35:25.121"
"ALB","206.250","1","206.660","1","58","203.43","e32b8272-68bc-4307-bd1a-71f47c2ee53f","2022-01-24 14:35:25.121"
"ALB","203.460","2","203.990","2","-58","204.01","2a3aa8ce-7cac-489b-ace5-e14df3738423","2022-01-24 14:36:18.676"
"ALB","203.370","3","204.140","2","-58","204.14","7dab8d70-5c07-45c8-a28c-688810d50316","2022-01-24 14:36:18.677"
"ALB","203.370","3","204.140","2","-58","204.14","4be8163c-c5f4-4c5e-8376-d177a053cc6a","2022-01-24 14:36:18.677"
"ALB","203.370","3","204.140","2","-58","204.14","e603538b-a85e-4cd3-a8e3-d47cb51ce107","2022-01-24 14:36:18.677"
"ALB","203.800","3","204.460","1","58","204.18","d63ea0cc-e021-40b9-b334-28a2eceb078c","2022-01-24 14:50:17.902"
"ALB","203.820","2","204.500","2","-58","204.54","3425ea4d-ee82-44dd-ad6d-986748376157","2022-01-24 14:54:07.186"
"ALC","74.600","7","74.670","1","160","74.67","f30d7f61-b4aa-48e8-823b-e52b85485e52","2022-01-24 09:56:20.006"
"ALC","74.560","8","74.640","7","-160","74.64","735c2d89-fa00-4ae6-9f47-0716da84014d","2022-01-24 10:00:42.289"
"ALC","74.540","2","74.610","2","160","74.52","04b917e2-c4ba-4c26-a325-73a961726e13","2022-01-24 10:02:21.148"
"ALC","74.460","6","74.480","1","-160","74.48","c3ca635f-bd4e-49aa-9a9c-238d6aa95f90","2022-01-24 10:03:31.317"
"ALC","74.640","5","74.680","10","160","74.53","5dfb67b0-56e9-4444-b0e8-b406e97abdda","2022-01-24 10:56:09.654"
"ALC","74.530","3","74.560","8","-160","74.56","79c225e3-9100-449f-aac7-5cad06bf5ef5","2022-01-24 10:57:27.585"
"ALC","74.470","1","74.540","3","161","74.34","a0c8b635-5ebf-46a9-8753-f947d807069b","2022-01-24 10:59:48.887"
"ALC","74.470","1","74.540","3","161","74.34","78e8f056-01fc-4f17-aa93-8817701d0229","2022-01-24 10:59:48.887"
"ALC","74.470","1","74.540","3","161","74.34","30572896-46e8-4834-83a4-7a31317a0ab4","2022-01-24 10:59:48.887"
"ALC","74.460","7","74.530","3","161","74.34","fe32cace-e8e3-49b4-a030-630c9cb819b5","2022-01-24 10:59:48.887"
"ALC","74.310","2","74.400","1","-161","74.41","3ad2c3ce-e5f3-465b-a1cc-d75211d553c9","2022-01-24 11:00:41.755"
"ALC","74.310","2","74.400","1","-161","74.41","f9293567-b4d2-4588-a45c-39008ca41c04","2022-01-24 11:00:41.755"
"ALC","74.260","7","74.340","7","-161","74.34","ce89a001-5b55-432a-8b67-dbbc3fd56167","2022-01-24 11:02:02.626"
"ALC","74.260","7","74.340","7","-161","74.34","26d72020-952f-44c3-aebf-2cd84df7cb7d","2022-01-24 11:02:02.626"
"ALC","74.320","7","74.370","3","161","74.37","7b480e6e-9e66-42d8-a124-fb89b6c5038c","2022-01-24 11:09:10.006"
"ALC","74.280","9","74.330","1","-161","74.33","ebc92ce9-b939-406e-827b-21fea6ac252b","2022-01-24 11:11:02.217"
"ALC","74.300","9","74.370","3","161","74.32","a992f773-4822-4480-9a4b-18947ccdab76","2022-01-24 11:16:36.321"
"ALC","74.300","9","74.370","3","161","74.32","d559f014-da6a-48f8-8264-b3f654d675ef","2022-01-24 11:16:36.321"
"ALC","74.280","1","74.330","3","-161","74.33","e35bbb64-f9be-4610-a28b-31d47202609a","2022-01-24 11:18:47.480"
"ALC","74.280","8","74.330","1","-161","74.33","bf715abd-6937-4512-b430-9f113e243242","2022-01-24 11:18:54.665"
"ALC","74.310","2","74.360","3","161","74.26","d3f28402-2d8a-45e5-af5c-4ddf09f8c810","2022-01-24 11:23:16.121"
"ALC","74.320","5","74.400","2","161","74.26","2b83b9f8-0bc1-48c9-970a-ed5ac954e6ea","2022-01-24 11:23:16.121"
"ALC","74.310","1","74.350","5","161","74.26","2c52a97a-28e3-4c8b-a82a-c29cacf51eff","2022-01-24 11:23:16.121"
"ALC","74.640","8","74.700","4","161","74.24","9cf8790a-33be-43c9-8af2-630d7e772c9f","2022-01-24 11:25:25.475"
"ALC","74.520","7","74.600","1","161","74.24","a2c38627-f484-4acd-9d91-9f22b6cefec8","2022-01-24 11:25:25.475"
"ALC","74.500","2","74.560","9","161","74.24","51485711-fe5d-4c89-8a84-62547b4bbdf4","2022-01-24 11:25:25.475"
"ALC","74.490","1","74.560","9","161","74.24","121da115-0775-4ed7-8595-73b53f2fca98","2022-01-24 11:25:25.475"
"ALC","74.460","3","74.500","3","161","74.24","4a68cf4e-1446-4408-b441-1a8f08b8ce12","2022-01-24 11:25:25.475"
"ALC","74.440","1","74.500","3","161","74.24","b1b9ca8b-6035-4488-9688-291958e11e04","2022-01-24 11:25:25.475"
"ALC","74.420","9","74.480","3","161","74.24","41d5457d-c06d-462d-b04e-0a05590a6249","2022-01-24 11:25:25.475"
"ALC","74.300","1","74.360","2","161","74.24","7378a4e6-cc33-41c7-8640-82b95a774886","2022-01-24 11:25:25.475"
"ALC","74.700","3","74.780","9","161","74.16","9a2227d7-d2ad-4d60-82d5-f5d739543d90","2022-01-24 11:25:32.303"
"ALC","74.640","7","74.720","11","161","74.16","89c8f7bf-d750-404c-a017-160a0719833c","2022-01-24 11:25:32.303"
"ALC","74.680","1","74.740","1","161","74.16","8f6abcfa-115f-429a-9de6-8d510c27d0a7","2022-01-24 11:25:32.303"
"ALC","74.340","1","74.380","1","161","74.15","bed5456e-97c9-415c-b73a-6e73175e99ed","2022-01-24 11:25:48.641"
"ALC","74.420","9","74.500","8","161","74.13","688bd06b-057a-4798-ba4e-63c4b4626379","2022-01-24 11:26:04.804"
"ALC","74.440","10","74.520","9","161","74.13","e7b0d6ab-a5e2-4e40-a2aa-8bc2c3642c57","2022-01-24 11:26:04.804"
"ALC","74.450","5","74.520","2","161","74.13","0043d884-5973-4942-9ef0-a92a94b7bee0","2022-01-24 11:26:04.804"
"ALC","74.470","7","74.520","2","161","74.13","54066574-d8d5-4c0d-8e77-6bfbfea76bb1","2022-01-24 11:26:04.804"
"ALC","74.500","4","74.560","7","161","74.13","65c60484-c47e-44b8-9126-ef37cf152c26","2022-01-24 11:26:04.804"
"ALC","74.490","1","74.540","7","161","74.13","decfd4bd-26ec-4c45-a766-ea0cfe53587e","2022-01-24 11:26:04.804"
"ALC","74.490","1","74.540","1","161","74.13","8f3a76d7-e746-4d12-8b1e-24d0397a1364","2022-01-24 11:26:04.804"
"ALC","74.150","10","74.210","1","-161","74.21","d341fc04-749d-4285-aa6b-589e67b67f72","2022-01-24 11:27:22.248"
"ALC","74.150","10","74.210","1","-161","74.21","c7631979-f414-4db6-b27d-feb1c83f5ea6","2022-01-24 11:27:22.248"
"ALC","74.150","10","74.210","1","-161","74.21","94ab522d-b479-4390-a0db-21ed73b34308","2022-01-24 11:27:22.248"
"ALC","74.150","10","74.210","1","-161","74.21","0a09b354-1b31-4a7a-accf-68c63f828956","2022-01-24 11:27:22.248"
"ALC","74.150","10","74.210","1","-161","74.21","c315d2a0-913b-4a25-b1c4-c2c3847a26f9","2022-01-24 11:27:22.248"
"ALC","74.150","10","74.210","1","-161","74.21","1a5d156f-f734-45d6-ace3-9efcba9c2882","2022-01-24 11:27:22.248"
"ALC","74.150","10","74.210","1","-161","74.21","c684a35a-cd5c-4cb0-9300-e09b54557c2d","2022-01-24 11:27:22.248"
"ALC","74.150","10","74.210","1","-161","74.21","90a988a1-53b0-4827-b23b-4c899b146c06","2022-01-24 11:27:22.248"
"ALC","74.150","10","74.210","1","-161","74.21","e44797b6-e718-4a56-ad71-6dbc596e2097","2022-01-24 11:27:22.248"
"ALC","74.150","10","74.210","1","-161","74.21","79f5de0b-08ca-4670-858c-7cfd21fc7301","2022-01-24 11:27:22.248"
"ALC","74.150","10","74.210","1","-161","74.21","2cd1ae96-e89e-4428-9875-8c913ef5b303","2022-01-24 11:27:22.248"
"ALC","74.150","10","74.210","1","-161","74.21","6bd7b056-dd96-41b1-b4f3-248348b8fd03","2022-01-24 11:27:22.248"
"ALC","74.150","10","74.210","1","-161","74.21","56db4992-b403-436a-be18-916325d7fed5","2022-01-24 11:27:22.248"
"ALC","74.150","10","74.210","1","-161","74.21","1ab20ce0-2e1e-4d07-9e2a-a69d4a44b47e","2022-01-24 11:27:22.248"
"ALC","74.150","18","74.210","1","-161","74.21","c31f30da-f3e7-4278-89a2-ee4d6419772c","2022-01-24 11:27:22.248"
"ALC","74.150","18","74.210","1","-161","74.21","ba75e4db-ca3b-40ee-8260-128f9bb8738d","2022-01-24 11:27:22.248"
"ALC","74.150","18","74.210","1","-161","74.21","67e458ef-8b57-4b62-8e69-62eb0ac69d3a","2022-01-24 11:27:22.248"
"ALC","74.150","18","74.210","1","-161","74.21","8e6065e0-429a-465d-b1ce-a8098f66d75d","2022-01-24 11:27:22.248"
"ALC","74.150","18","74.210","1","-161","74.21","26619ea8-2f35-4952-b443-9bb395f07557","2022-01-24 11:27:22.248"
"ALC","74.150","18","74.210","1","-161","74.21","0af56586-6a2c-44f3-b57b-b7338f9f8c96","2022-01-24 11:27:22.248"
"ALC","74.150","10","74.210","2","-161","74.21","6f688ab9-8d7e-425e-9812-493faf7435f5","2022-01-24 11:27:22.248"
"ALC","74.200","6","74.210","6","-161","74.21","9aab4ac5-6e68-4915-b14e-2842c859c4a8","2022-01-24 11:29:39.504"
"ALC","74.480","1","74.540","7","161","74.12","accd274a-57cf-4caa-bd7b-26f7463e18db","2022-01-24 11:30:04.854"
"ALC","74.510","5","74.560","1","161","74.12","1f7d6c0c-6144-4b6a-aebc-e15e2c3389e8","2022-01-24 11:30:04.854"
"ALC","74.620","9","74.690","2","162","74.04","a026de01-645f-4de6-9ede-b750e4be463b","2022-01-24 11:32:22.709"
"ALC","73.860","4","74.040","2","-161","74.04","09c73345-43b8-4525-927e-a643f37fd44d","2022-01-24 11:37:51.929"
"ALC","73.860","4","74.040","2","-162","74.04","5fbfa39a-4fcd-47e2-8be6-30255c6af963","2022-01-24 11:37:51.929"
"ALC","73.550","2","73.650","2","-161","73.65","7c05195d-f97b-4846-937f-1994ca8a4123","2022-01-24 11:50:34.190"
"ALC","73.840","4","73.980","2","162","73.92","118cd664-6a64-42d9-9a01-3fe1c8871711","2022-01-24 11:54:14.785"
"ALC","73.940","4","74.010","3","-162","74.01","fd5c989c-3dd8-4334-aa56-a3cf628670d3","2022-01-24 12:04:45.081"
"ALC","73.830","3","73.930","1","162","73.65","235afa42-f991-4409-b476-2f2b1c8e8f17","2022-01-24 12:13:49.103"
"ALC","73.830","3","73.930","1","162","73.65","0bbc1460-63fc-43cb-b8b1-3108209991b8","2022-01-24 12:13:49.103"
"ALC","73.830","3","73.930","1","162","73.65","84df1596-8ece-4c3d-bc1c-23817c47c63b","2022-01-24 12:13:49.103"
"ALC","73.940","2","74.010","3","162","73.63","fdb9fa85-26d6-411f-adb1-ff8b70b6e4ae","2022-01-24 12:13:54.398"
"ALC","73.940","2","74.010","3","163","73.51","203440fc-a45b-43ec-a6d3-9ebf98e03906","2022-01-24 12:16:37.605"
"ALC","73.940","2","74.010","3","163","73.51","79e66b5c-981a-482e-8bc9-6e307f2559fb","2022-01-24 12:16:37.605"
"ALC","73.980","1","74.020","1","163","73.51","a22756d1-300b-42cf-8755-3e678dd1cbff","2022-01-24 12:16:37.605"
"ALC","73.980","4","74.050","1","163","73.51","b6e74f36-1c24-4e25-9acd-2118e816827b","2022-01-24 12:16:37.605"
"ALC","73.980","4","74.050","1","163","73.51","556e623d-71a3-4d8f-bc86-149579fc53dc","2022-01-24 12:16:37.605"
"ALC","73.980","4","74.050","1","163","73.51","2218e388-8ffa-47ab-a13f-620f6d477090","2022-01-24 12:16:37.605"
"ALC","73.890","1","74.000","2","163","73.51","d7162f47-81c8-4bb8-9bd4-b3ad7b3bc344","2022-01-24 12:16:37.605"
"ALC","73.440","2","73.510","1","-163","73.51","f09de824-611f-42ad-8461-1c414c798265","2022-01-24 12:19:44.566"
"ALC","73.440","2","73.510","1","-163","73.51","135b884c-1d5b-4c15-837b-38411645ecaf","2022-01-24 12:19:44.566"
"ALC","73.440","2","73.510","1","-162","73.51","de0cdb1a-41ae-4bea-b26d-4db2e8db5673","2022-01-24 12:19:44.566"
"ALC","73.440","3","73.510","1","-162","73.51","46ae3f72-0bd1-4069-8a33-e9082ef0d1d5","2022-01-24 12:19:44.566"
"ALC","73.440","3","73.510","1","-163","73.51","f10b3e1b-d796-4d42-83ab-7781d8f8e0fb","2022-01-24 12:19:44.566"
"ALC","73.440","2","73.520","1","-163","73.52","3be50290-7089-4daa-9ddd-4a46bd8427ca","2022-01-24 12:19:44.566"
"ALC","73.440","2","73.520","1","-163","73.52","44c58aee-d482-4933-998e-9dddc5f57cd2","2022-01-24 12:19:44.566"
"ALC","73.440","2","73.520","1","-162","73.52","97410aee-34a1-4e0a-8074-67291ddbdab7","2022-01-24 12:19:44.566"
"ALC","73.440","2","73.520","1","-163","73.52","d3b7209e-bbf7-4b12-8bfe-a717d7b8f059","2022-01-24 12:19:44.566"
"ALC","73.440","2","73.520","1","-163","73.52","8731b411-6f25-449c-b492-a7e1eb1bfefe","2022-01-24 12:19:44.566"
"ALC","73.440","2","73.520","1","-162","73.52","889f1bcd-942e-49e8-989b-ee2b851aa054","2022-01-24 12:19:44.566"
"ALC","74.800","3","74.920","1","160","74.81","cd7b3fad-331f-4eed-8def-628718fa0788","2022-01-24 13:36:24.151"
"ALC","74.890","3","75.000","1","160","74.73","a29fdf3d-8b3c-4f5e-822a-8729a3c0ff0d","2022-01-24 13:37:05.104"
"ALC","74.890","1","74.990","1","160","74.73","a6b598bc-e8ca-47d8-837c-656ae737d6c0","2022-01-24 13:37:05.104"
"ALC","74.890","1","74.980","1","160","74.73","51f3ed28-a8ad-4ecc-a8e0-045897f2620b","2022-01-24 13:37:05.104"
"ALC","74.810","2","74.950","1","160","74.73","a7791f97-0095-4625-a895-8e38d4b4afab","2022-01-24 13:37:05.104"
"ALC","74.870","3","75.040","2","160","74.64","881fce50-2046-4824-8549-2696c212968a","2022-01-24 13:37:09.672"
"ALC","74.910","4","75.020","1","160","74.64","d40fde05-6e02-479d-b83a-3d05e8443817","2022-01-24 13:37:09.672"
"ALC","74.910","4","75.030","1","160","74.64","757a09bc-f96b-4212-ba4b-ff95b06275db","2022-01-24 13:37:09.672"
"ALC","74.950","4","75.070","1","160","74.64","c764d215-4b52-4139-9136-108927d7c0d4","2022-01-24 13:37:09.672"
"ALC","74.880","1","74.980","2","160","74.64","90c886b4-94c1-450f-a4e9-8578744596ff","2022-01-24 13:37:09.672"
"ALC","74.880","3","75.000","1","160","74.64","2fffccec-0c4e-45bd-b605-f1e33dedb8da","2022-01-24 13:37:09.672"
"ALC","74.620","2","74.710","2","-160","74.71","02ed9ca8-37af-43ca-b2f8-537687fd122c","2022-01-24 13:37:59.606"
"ALC","74.620","2","74.710","2","-160","74.71","4d66c74c-043b-43db-be46-69ff132f0a44","2022-01-24 13:37:59.606"
"ALC","74.620","1","74.730","1","-160","74.75","f0b1bd74-e92a-4da5-bad6-409f1fca14ad","2022-01-24 13:37:59.606"
"ALC","74.620","1","74.730","1","-160","74.75","2925d973-d9a9-4106-bec4-e121cfbcd117","2022-01-24 13:37:59.606"
"ALC","74.620","1","74.730","1","-160","74.75","438cafe3-cf5c-498d-8c0b-806e9c87c2fb","2022-01-24 13:37:59.606"
"ALC","74.620","1","74.730","1","-160","74.75","b832fdb3-9199-4095-85d2-0b3f45f28515","2022-01-24 13:37:59.606"
"ALC","74.620","1","74.730","1","-160","74.75","47f1d39a-bf9b-47ed-ae09-6bf796a4cb84","2022-01-24 13:37:59.606"
"ALC","74.620","1","74.730","1","-160","74.75","44f77880-1745-4d34-a86f-5eef182df812","2022-01-24 13:37:59.606"
"ALC","74.620","1","74.730","1","-160","74.75","db955f44-0034-4f3f-bec6-808a0410224d","2022-01-24 13:37:59.606"
"ALC","74.730","3","74.800","1","-160","74.80","312fd4db-49e6-4074-b741-e5f62dc28bdb","2022-01-24 13:38:58.340"
"ALC","74.740","2","74.850","1","-160","74.85","d5791def-f81e-4b9e-845f-17a4106c72ab","2022-01-24 13:39:07.202"
"ALC","74.810","3","74.940","1","160","74.83","c87bbfe3-7764-4739-9feb-50c5aabfe68b","2022-01-24 13:41:11.004"
"ALC","74.810","3","74.940","1","160","74.83","ac36f38c-0307-459f-bb55-2ce5d31abc56","2022-01-24 13:41:11.004"
"ALC","74.810","3","74.940","1","160","74.83","848090bc-41d0-4947-8e8f-b10866735f9b","2022-01-24 13:41:11.004"
"ALC","74.780","1","74.820","3","-160","74.82","7b7ed8e2-2ffb-46bc-bba9-9d2133ccba80","2022-01-24 13:41:32.221"
"ALC","74.780","1","74.820","3","-160","74.82","2fcaf476-a996-4ef0-adeb-7393ede8b72c","2022-01-24 13:41:32.221"
"ALC","74.830","1","74.890","1","-160","74.89","60360371-be15-4f15-a8e0-22ccb22d0248","2022-01-24 13:41:41.326"
"ALC","75.140","2","75.260","2","160","74.97","90ea58a0-fc97-4e40-8061-7cd39a5f1836","2022-01-24 14:13:20.509"
"ALC","75.140","2","75.260","2","160","74.97","b9067b92-03f1-47c8-aaf9-d08aeabbd83b","2022-01-24 14:13:20.509"
"ALC","75.140","2","75.260","2","160","74.97","fbaad825-8c17-4c80-88da-1b1199de05c8","2022-01-24 14:13:20.509"
"ALC","75.140","1","75.240","4","160","74.97","78670756-e10c-4871-a280-b5da3707a54c","2022-01-24 14:13:20.509"
"ALC","75.140","1","75.240","4","160","74.97","a91c73d4-6ad6-4136-a0e5-2c9d534b1191","2022-01-24 14:13:20.509"
"ALC","75.140","3","75.240","2","160","74.97","7efe4a67-6a6c-44fd-85b1-cd90c18b9247","2022-01-24 14:13:20.509"
"ALC","75.060","2","75.140","1","-160","75.14","703d86c4-cb3f-430a-b548-a131922bf5a4","2022-01-24 14:15:28.224"
"ALC","75.060","2","75.140","1","-160","75.14","5fb6c0d4-1fa5-4b87-9095-4b224a61374d","2022-01-24 14:15:28.224"
"ALC","75.220","3","75.290","2","160","74.95","212ce849-e54a-43d4-98e8-5121f71908ff","2022-01-24 14:18:26.655"
"ALC","75.140","2","75.230","1","160","74.95","a85d1c5d-712d-493d-9048-9c95c254662a","2022-01-24 14:18:26.655"
"ALC","74.960","2","75.030","1","-160","75.04","63921e11-c326-42e1-9e6c-068e1a2e9e2a","2022-01-24 14:18:57.390"
"ALC","74.960","2","75.030","1","-160","75.04","62dea3cc-27ca-4fd0-ad5e-00ce8d24f8b5","2022-01-24 14:18:57.390"
"ALC","74.960","2","75.030","1","-160","75.04","16d21adf-5d33-4165-9f18-83eaedf4544f","2022-01-24 14:18:57.390"
"ALC","74.900","1","75.020","2","-160","75.04","04a77741-1469-4aa7-ba26-8fee173664da","2022-01-24 14:18:57.390"
"ALC","75.000","1","75.050","1","-160","75.05","632f50fa-d5e5-4dc0-b602-01988c58c489","2022-01-24 14:20:09.228"
"ALC","75.000","2","75.050","1","-160","75.06","0cbf25f4-8e74-406b-8ee4-5dfcaaf83371","2022-01-24 14:20:17.154"
"ALC","75.180","2","75.250","4","160","74.77","7539cd1c-f5c8-485f-bcb4-0f9ed144215c","2022-01-24 14:23:48.304"
"ALC","75.180","3","75.250","4","160","74.77","87e74987-2dd9-4465-897c-e620295ce92c","2022-01-24 14:23:48.304"
"ALC","75.180","3","75.250","5","160","74.77","0e6b3e23-df4b-4192-ad59-ab7750487cce","2022-01-24 14:23:48.304"
"ALC","75.050","3","75.180","1","160","74.77","3ac1778b-2f85-49c1-8b7e-9466c81fc3ed","2022-01-24 14:23:48.304"
"ALC","75.050","3","75.180","1","160","74.77","1b04101f-d0ae-4c7e-b396-20d1820c8124","2022-01-24 14:23:48.304"
"ALC","74.770","2","74.910","1","-160","74.91","1dd69604-33eb-474a-9304-b42d1ebefdee","2022-01-24 14:24:23.037"
"ALC","74.840","2","74.930","1","-160","74.93","5b5b75b3-66f4-493d-9cb4-6e6a744df0db","2022-01-24 14:24:31.747"
"ALC","74.840","2","74.930","1","-160","74.93","55287b6a-6890-4197-af15-bbe7181aeafd","2022-01-24 14:24:31.747"
"ALC","74.760","3","74.880","1","-160","74.88","d9670c79-5f9d-4cb9-b381-6774b88a5422","2022-01-24 14:25:59.646"
"ALC","74.840","2","74.930","1","-160","74.93","ea96ec71-f009-4b90-ac15-b256e08181be","2022-01-24 14:26:43.504"
"ALC","75.200","2","75.290","3","160","74.70","92bd7c48-e327-4ce0-a42f-58f69f752409","2022-01-24 14:34:56.515"
"ALC","74.570","2","74.690","2","-160","74.69","c962b3d0-1310-40c0-b8ef-a61ea105278c","2022-01-24 14:36:19.628"
"ALC","74.540","5","74.690","1","160","74.62","efcb10d6-83d1-4383-80b2-467667a23e63","2022-01-24 14:54:01.221"
"ALC","74.540","5","74.690","1","160","74.62","a1b4d222-3380-452c-b548-2a0f46cda602","2022-01-24 14:54:01.221"
"ALC","74.720","2","74.810","2","-160","74.81","6fd497bc-4c80-48fc-b817-77d0b9f031c7","2022-01-24 14:59:00.722"
"ALC","74.770","2","74.860","1","-160","74.86","47e05b8c-f698-4429-82b8-e970299b534a","2022-01-24 14:59:12.088"
"AEE","86.960","1","87.030","2","138","86.56","91f42254-59f2-40c2-8b52-a14b7e516449","2022-01-24 10:50:18.746"
"AEE","86.970","4","87.020","3","138","86.56","afc29419-3d7a-44f8-b16a-1c3c336d9264","2022-01-24 10:50:18.746"
"AEE","86.930","2","87.000","2","138","86.56","5eede670-6a17-497b-b9f5-85d0bb9e71ac","2022-01-24 10:50:18.746"
"AEE","86.880","2","86.950","1","138","86.56","2dbc4286-d33f-4a59-b4ef-7422ad585104","2022-01-24 10:50:18.746"
"AEE","86.880","2","86.950","1","138","86.56","eae46b9d-4d01-4710-a985-45ed97704ba2","2022-01-24 10:50:18.746"
"AEE","86.900","4","86.960","4","138","86.56","6a58c5a0-1ae8-4a91-8f33-778d9ff69324","2022-01-24 10:50:18.746"
"AEE","86.590","2","86.660","2","-138","86.66","76f93632-dae8-4fe5-af27-77e34663b357","2022-01-24 10:50:49.264"
"AEE","86.590","2","86.660","2","-138","86.66","57b8debc-c9da-4364-8787-a3b7f432eca4","2022-01-24 10:50:49.264"
"AEE","86.650","1","86.700","2","-138","86.70","d85922a5-5b5a-4f6b-9c82-2892cd74061e","2022-01-24 10:51:16.759"
"AEE","86.650","1","86.700","2","-138","86.70","ea38cc8d-4dac-4ea3-a7cd-71cf07427982","2022-01-24 10:51:16.759"
"AEE","86.710","1","86.760","1","-138","86.76","a5ba9b7f-8d62-472b-9611-7d40b9eaea03","2022-01-24 10:51:29.160"
"AEE","87.080","3","87.130","5","138","86.50","188bfd1b-cd54-4295-9658-06aea19a59ad","2022-01-24 10:52:40.497"
"AEE","86.970","1","87.040","5","138","86.50","07a07bda-2583-409e-9436-bda7efddea99","2022-01-24 10:52:40.497"
"AEE","86.690","1","86.730","1","138","86.43","4413954b-6cf2-4346-a197-8c067fa5d3b3","2022-01-24 10:53:03.483"
"AEE","86.700","1","86.730","2","138","86.43","2fb1c604-247c-4c6f-8ad7-2aefb9a11379","2022-01-24 10:53:03.483"
"AEE","86.660","2","86.730","2","138","86.43","e5d01cb1-5dd2-4df8-8355-2f1049006116","2022-01-24 10:53:03.483"
"AEE","86.550","1","86.620","1","138","86.43","98cab174-6a6c-43cf-b86e-e0f74f72175f","2022-01-24 10:53:03.483"
"AEE","86.620","1","86.670","1","138","86.43","e223124b-0174-4c9d-a444-da9a352cbb6f","2022-01-24 10:53:03.483"
"AEE","86.590","1","86.640","1","138","86.43","fc4a5d59-8bff-4552-892a-8f9b3b9533bf","2022-01-24 10:53:03.483"
"AEE","86.640","3","86.700","1","138","86.43","0b2dd16e-7098-4eac-9697-3ab875c4b4e9","2022-01-24 10:53:03.483"
"AEE","86.620","2","86.700","4","138","86.43","490bb2ff-e3fd-4194-bf83-91bea3f3194f","2022-01-24 10:53:03.483"
"AEE","86.640","1","86.700","1","138","86.43","ac0ccbcd-97b8-4fa7-b6f7-81f96dec0d06","2022-01-24 10:53:03.483"
"AEE","86.680","1","86.730","1","138","86.43","cc3a85f6-5fc9-4571-af74-e0cfa1798426","2022-01-24 10:53:03.483"
"AEE","86.700","3","86.820","2","138","86.43","a0fb8e15-c53e-4799-acb5-a03dbe3b371f","2022-01-24 10:53:03.483"
"AEE","86.360","1","86.420","6","-138","86.42","106e3e25-65f4-4c8f-9b0a-b39974770e56","2022-01-24 10:53:56.365"
"AEE","86.360","1","86.420","6","-138","86.42","6fa54c96-0f26-466a-887c-66f93dd024f7","2022-01-24 10:53:56.365"
"AEE","86.360","1","86.420","6","-138","86.42","cfb36f05-bb49-4431-9db0-0890aee1d77e","2022-01-24 10:53:56.365"
"AEE","86.360","1","86.420","6","-138","86.42","958c1a68-18f3-46db-866e-6bbffaac1958","2022-01-24 10:53:56.365"
"AEE","86.350","2","86.410","2","-138","86.41","21738c30-ffe1-443e-b4fa-ee778d1f22ae","2022-01-24 10:54:32.955"
"AEE","86.400","2","86.440","2","-138","86.44","4347764f-e94b-43be-b972-7052f5c58bde","2022-01-24 10:55:04.477"
"AEE","86.400","2","86.440","2","-138","86.44","9123aa07-9a60-48f6-b789-4f830896da2e","2022-01-24 10:55:04.477"
"AEE","86.380","1","86.450","2","-138","86.45","a0ad061a-7a95-4205-92b7-f234d3273b39","2022-01-24 10:55:06.410"
"AEE","86.380","1","86.450","2","-138","86.45","55c22e87-c797-4116-974c-3c71eb712889","2022-01-24 10:55:06.410"
"AEE","86.380","1","86.450","2","-138","86.45","7f58e2d7-38e4-4cc2-bc8e-f91b327f8786","2022-01-24 10:55:06.410"
"AEE","86.380","1","86.450","2","-138","86.45","b96a8573-ca9f-4ef3-9075-144a2e176e4f","2022-01-24 10:55:06.410"
"AEE","86.380","1","86.450","2","-138","86.45","1b7b6c98-1089-4fde-96e1-712e5aeed77f","2022-01-24 10:55:06.410"
"AEE","86.380","1","86.450","2","-138","86.45","d34e71c7-23d2-44e9-a241-a572f5e2967d","2022-01-24 10:55:06.410"
"AEE","86.380","1","86.450","2","-138","86.45","50ebe4a5-343e-4b8e-866e-31980d1e8cbe","2022-01-24 10:55:06.410"
"AEE","86.040","1","86.070","1","139","86.01","e4144475-e118-4145-b8f6-ba9c24cd4a8e","2022-01-24 11:24:05.509"
"AEE","86.020","2","86.070","6","139","86.01","76506828-317c-438f-8128-fa739d214894","2022-01-24 11:24:05.509"
"AEE","86.020","2","86.050","4","139","86.01","105d298a-336f-45b8-800d-f5acc9bdca24","2022-01-24 11:24:05.509"
"AEE","86.000","5","86.030","5","139","86.01","9f331980-0fef-48f0-ad47-698bbf3536d1","2022-01-24 11:24:05.509"
"AEE","86.050","4","86.070","1","-139","86.07","bac43033-f513-428e-b8a8-fa387ce7ddc2","2022-01-24 11:24:23.243"
"AEE","86.050","4","86.070","1","-139","86.07","0afb4db0-62cf-42b7-a5ff-4ee9191eed32","2022-01-24 11:24:23.243"
"AEE","86.090","2","86.130","1","-139","86.13","2d44c3a5-47fd-4c9e-a03d-c73022914602","2022-01-24 11:24:35.134"
"AEE","86.130","1","86.190","1","-139","86.19","ed129043-da77-47dc-9888-197a988d4987","2022-01-24 11:25:21.011"
"AEE","86.150","1","86.190","3","139","86.01","12addf16-73eb-4ed8-b3a1-9d6e077c48cb","2022-01-24 11:41:27.782"
"AEE","86.160","2","86.210","2","139","85.97","257687ed-2a9a-4117-9a29-4e4b532fb3dc","2022-01-24 11:41:28.033"
"AEE","86.170","7","86.230","3","139","85.97","97ba6f63-8cf6-4f29-bb45-4bcb0b192982","2022-01-24 11:41:28.033"
"AEE","86.200","6","86.250","2","139","85.97","a4f8d6fa-3165-45c0-978f-e59db94e2d7f","2022-01-24 11:41:28.033"
"AEE","86.150","2","86.210","3","139","85.97","d1f6c70b-b9d4-40b3-a866-ca500588c496","2022-01-24 11:41:28.033"
"AEE","86.160","1","86.200","3","139","85.97","9dbb84ac-e4cc-4541-86d5-d7ce27ffef52","2022-01-24 11:41:28.033"
"AEE","86.140","1","86.170","1","139","85.97","325b076e-b5f9-42fb-816b-6ca402d680d7","2022-01-24 11:41:28.033"
"AEE","86.140","3","86.170","1","139","85.97","cc6af0d6-e2c8-4aba-b5ac-50af7e3e9264","2022-01-24 11:41:28.033"
"AEE","86.110","2","86.150","1","139","85.97","55b78645-ed0c-40c1-bc33-b67fe7c17f6a","2022-01-24 11:41:28.033"
"AEE","86.110","2","86.150","1","139","85.97","eb008956-1155-4de1-8112-3b829e57b559","2022-01-24 11:41:28.033"
"AEE","86.210","1","86.250","1","139","85.95","3fa5ef8c-9f45-490a-8d80-8f271ab2d595","2022-01-24 11:41:28.035"
"AEE","86.240","1","86.280","1","139","85.95","57c463dd-ccc9-4645-bc1c-0d9fb56f0145","2022-01-24 11:41:28.035"
"AEE","86.240","2","86.300","7","139","85.95","dc1f030a-37b5-4c53-82e5-480628d7085a","2022-01-24 11:41:28.035"
"AEE","86.030","1","86.060","1","-139","86.06","23565071-cb0c-4a12-8807-792d597d80ff","2022-01-24 11:41:58.445"
"AEE","86.030","1","86.060","1","-139","86.06","7aecc500-ff85-4a6f-8cbb-2d2055570519","2022-01-24 11:41:58.445"
"AEE","86.030","1","86.060","1","-139","86.06","7f03147e-a7d1-425d-b54e-f73ddceb0799","2022-01-24 11:41:58.445"
"AEE","86.280","7","86.320","4","139","85.88","90a45b71-3db1-4dab-8210-3888c86f0c6e","2022-01-24 11:42:43.399"
"AEE","86.300","3","86.340","2","139","85.88","cf6e5bb5-c5e4-4c53-979d-8b88df6a0271","2022-01-24 11:42:43.399"
"AEE","86.240","1","86.290","3","139","85.88","d0a575cb-c3b5-42d8-8289-ba0d96b1c0c5","2022-01-24 11:42:43.399"
"AEE","86.240","1","86.290","3","139","85.88","7a7fd5df-f641-45f1-83c3-b78ec9ea5c03","2022-01-24 11:42:43.399"
"AEE","86.240","1","86.290","3","139","85.88","25e880bf-b36a-4dca-b928-28b4e6fa57a4","2022-01-24 11:42:43.399"
"AEE","86.240","1","86.290","3","139","85.88","ced9388d-d705-4a61-b8c7-5d76cd26ae91","2022-01-24 11:42:43.399"
"AEE","86.170","3","86.220","1","139","85.88","ecf124f9-6450-4ea9-a690-0db62f0a87c0","2022-01-24 11:42:43.399"
"AEE","86.090","1","86.140","1","139","85.88","d2604659-3d09-4f4f-b6ad-b98dce971bff","2022-01-24 11:42:43.399"
"AEE","85.870","2","85.930","1","-139","85.93","8dea60a4-acef-4c42-afa9-186649328686","2022-01-24 11:43:00.676"
"AEE","85.870","2","85.930","1","-139","85.93","960b5fb8-6a5f-42e6-a920-e180d515ce8e","2022-01-24 11:43:00.676"
"AEE","85.870","2","85.930","1","-139","85.93","2c235243-d22c-42dc-bac6-84d085f93cba","2022-01-24 11:43:00.676"
"AEE","85.870","2","85.930","1","-139","85.93","40770b71-40de-406c-890d-646bdac464b3","2022-01-24 11:43:00.676"
"AEE","85.870","2","85.930","1","-139","85.93","2fbe7f9e-cbda-40e3-be03-57125cc0d419","2022-01-24 11:43:00.676"
"AEE","85.870","2","85.930","1","-139","85.93","1d217fbf-79d8-402d-b4a4-cd6174b95219","2022-01-24 11:43:00.676"
"AEE","85.870","2","85.930","1","-139","85.93","8a94670d-be74-41ee-935e-84747c7123e2","2022-01-24 11:43:00.676"
"AEE","85.870","2","85.930","1","-139","85.93","02cb462b-b84c-42f2-b3e9-903c0a2b4592","2022-01-24 11:43:00.676"
"AEE","85.860","2","85.930","1","-139","85.93","e2c8ec27-faf3-4ad0-8adc-dc96cb52c9b1","2022-01-24 11:43:54.176"
"AEE","85.860","2","85.930","1","-139","85.93","748ad321-d1fe-450e-b39a-611aa3f69253","2022-01-24 11:43:54.176"
"AEE","85.860","2","85.930","1","-139","85.93","82bcd6e1-4b15-4742-af4b-5a1a94872903","2022-01-24 11:43:54.176"
"AEE","85.860","2","85.930","1","-139","85.93","af3865c4-0c51-4ae9-ba43-4fd249f62fa2","2022-01-24 11:43:54.176"
"AEE","85.860","2","85.930","1","-139","85.93","a20f0191-a12c-46cc-b098-36323932e880","2022-01-24 11:43:54.176"
"AEE","85.860","2","85.930","1","-139","85.93","87a3d80d-2b95-4d91-bbdd-847e48f6c69f","2022-01-24 11:43:54.176"
