"Symbol","Bid","Bid Sz","Ask","Ask Sz","Shares","Price","Order ID","Timestamp"
"AA","60.260","1","60.290","2","199","60.14","7db14fa5-c891-455f-8167-978ca08478a6","2021-12-30 10:28:31.646"
"AA","60.260","1","60.290","1","199","60.14","73f70e34-1c3a-4758-b3d8-2a824c862b3c","2021-12-30 10:28:31.646"
"AA","60.300","1","60.310","1","199","60.14","58543b37-b4a6-40ab-9fff-5885764e5a86","2021-12-30 10:28:31.646"
"AA","60.110","1","60.130","10","-199","60.13","30fed6b5-fcfc-4102-8053-9b9057cc0c8b","2021-12-30 10:29:31.712"
"AA","60.110","1","60.130","10","-199","60.13","ab00362a-d3cc-4b1b-be01-e8f39516c075","2021-12-30 10:29:31.712"
"AA","60.110","3","60.140","2","-199","60.15","954380c7-44bd-4079-88e6-53e8a8f59452","2021-12-30 10:29:46.576"
"AA","60.320","1","60.340","1","199","60.21","bb236b98-c9d2-4b51-bf79-8e9ada02d734","2021-12-30 10:36:40.307"
"AA","60.320","1","60.370","6","199","60.21","89151d55-134d-4b9b-b137-9f665cc68e23","2021-12-30 10:36:40.307"
"AA","60.310","5","60.340","1","199","60.21","3ec19380-b3ce-4e73-a9d1-d5f487686ae1","2021-12-30 10:36:40.307"
"AA","60.310","1","60.350","1","199","60.21","c4bc17d7-1d93-402e-86ef-c158f9949775","2021-12-30 10:36:40.307"
"AA","60.210","5","60.230","2","-199","60.23","c3e4c3ca-3fd4-482d-9e59-84856e1781c9","2021-12-30 10:39:00.322"
"AA","60.210","5","60.230","2","-199","60.23","5f1a2982-dff4-4c6f-ba63-6dd279de762c","2021-12-30 10:39:00.322"
"AA","60.230","3","60.260","5","-199","60.26","9613f1d9-2b8a-460f-843e-c0746c444a81","2021-12-30 10:39:17.523"
"AA","60.260","8","60.280","1","-199","60.28","0215c249-b9d6-4c1a-b1cc-06600b035d70","2021-12-30 10:40:32.167"
"AA","60.360","1","60.400","61","199","60.17","1e383fcb-eefb-4b96-a6c8-7e9dfafef891","2021-12-30 10:43:14.370"
"AA","60.360","1","60.390","1","199","60.17","fce4e053-ecf1-4b09-b9cc-1543d05c0951","2021-12-30 10:43:14.370"
"AA","60.030","2","60.070","1","-199","60.07","c35f8e9c-65da-41af-8f8a-ed2f253484ed","2021-12-30 10:45:02.182"
"AA","59.710","4","59.740","1","-199","59.74","c6654d65-c901-4731-8333-ae113140ffe9","2021-12-30 10:49:35.085"
"AA","59.310","1","59.350","5","202","59.28","b741b0d5-efbd-4f2e-9116-2dd6c1abe141","2021-12-30 11:37:53.566"
"AA","59.320","2","59.350","1","202","59.25","c820c9b5-0382-4d10-96e8-2c3946151d65","2021-12-30 11:38:42.639"
"AA","59.350","3","59.370","1","202","59.25","274e2162-dc01-4592-940d-b17da5c17224","2021-12-30 11:38:42.639"
"AA","59.300","2","59.320","1","-202","59.32","63d3c4c7-74f6-4968-ad9e-f2f07878d8d0","2021-12-30 11:41:40.311"
"AA","59.290","1","59.310","9","-202","59.31","659b924d-f1a7-4471-8a80-8dfbaf987bfd","2021-12-30 11:41:50.296"
"AA","59.280","1","59.290","4","-202","59.29","bb2e4cff-d954-4318-ada1-e1d0bf52f6b3","2021-12-30 11:42:00.251"
"AA","59.670","1","59.680","1","201","59.49","68f5ffdf-2558-4fcb-957a-05202df93336","2021-12-30 12:26:00.863"
"AA","59.660","4","59.680","1","201","59.49","1a91e64f-ff81-4d55-97a5-5a49f06a23ff","2021-12-30 12:26:00.863"
"AA","59.660","3","59.690","4","201","59.49","7c0013b1-988e-45e8-9f23-723c961eb0aa","2021-12-30 12:26:00.863"
"AA","59.690","2","59.710","1","201","59.49","ac9b432f-eb16-443d-9ea3-f7b779e070b5","2021-12-30 12:26:00.863"
"AA","59.500","2","59.530","2","-201","59.53","ab93aad4-232a-4887-ad4c-2f5bfc2fc3a0","2021-12-30 12:26:52.613"
"AA","59.500","2","59.530","2","-201","59.53","9b6e822e-8814-4a9c-8705-b0d742381ae6","2021-12-30 12:26:52.613"
"AA","59.500","2","59.530","2","-201","59.53","6ec0fcf4-0f06-4521-9814-c8ba4fc559d3","2021-12-30 12:26:52.613"
"AA","59.520","4","59.540","1","-201","59.54","95d37b24-a5cb-42e4-9aa4-0c8e46809947","2021-12-30 12:27:13.875"
"AA","59.700","6","59.730","4","201","59.47","6e2e6ed8-9646-4f38-8cb9-f8b82961422c","2021-12-30 12:31:08.805"
"AA","59.700","3","59.730","1","201","59.47","c3778729-f6ee-4fa7-8fdc-d423590463d8","2021-12-30 12:31:08.805"
"AA","59.710","1","59.730","1","201","59.47","93b5e85c-b79d-404c-9909-c0ebc38652c3","2021-12-30 12:31:08.805"
"AA","59.700","3","59.720","1","201","59.47","ae39ad2e-1362-4e92-900d-b0d206fa1a75","2021-12-30 12:31:08.805"
"AA","59.700","3","59.720","1","201","59.47","49aee044-cc32-4193-987d-294ea54c5310","2021-12-30 12:31:08.805"
"AA","59.700","3","59.720","1","201","59.47","6e36fc89-5af4-4b71-a75a-6f1b2c95f30c","2021-12-30 12:31:08.805"
"AA","59.690","2","59.710","1","201","59.47","73b5143f-174e-4a3c-be9a-def1517df631","2021-12-30 12:31:08.805"
"AA","59.680","2","59.700","3","201","59.47","9e3344a0-c9c5-42d7-81e1-3a77a222ad54","2021-12-30 12:31:08.805"
"AA","59.710","2","59.730","4","201","59.46","b2364cc3-7615-4094-ba08-4622d4d500d8","2021-12-30 12:31:16.125"
"AA","59.710","7","59.730","4","201","59.46","0cc7cbf3-59b2-4dee-9168-58d8f4424a9f","2021-12-30 12:31:16.125"
"AA","59.720","1","59.740","1","201","59.46","a30e6cf5-edc6-4d93-b2f8-76fd1a467b86","2021-12-30 12:31:16.125"
"AA","59.450","2","59.480","3","-201","59.48","b12c86ef-b608-40af-80eb-23b6c965e491","2021-12-30 12:33:00.025"
"AA","59.460","1","59.470","2","-201","59.47","0aa84b66-54aa-4c5d-a0f0-1d970220d4a9","2021-12-30 12:34:08.806"
"AA","59.420","2","59.440","2","-201","59.44","7e21db5d-1589-4b49-b26b-d06a8425d91f","2021-12-30 12:34:52.805"
"AA","59.420","2","59.440","2","-201","59.44","6d908189-af4e-45cf-99a3-8b3cd1c5a629","2021-12-30 12:34:52.805"
"AA","59.430","1","59.450","3","-201","59.46","a83876ce-58b0-4c32-ada3-8a43d40f807e","2021-12-30 12:34:54.471"
"AA","59.430","1","59.450","3","-201","59.46","160496a5-7988-491e-a9ea-8a867c4874e8","2021-12-30 12:34:54.471"
"AA","59.430","1","59.450","3","-201","59.46","fb01b7cc-f28b-452d-bb1f-0fba55f6419d","2021-12-30 12:34:54.471"
"AA","59.430","1","59.450","3","-201","59.46","a0760664-d171-406e-8f09-e61e4cfde4d2","2021-12-30 12:34:54.471"
"AA","59.430","1","59.450","3","-201","59.46","e3efc072-88a5-4a37-80d9-2a04e941e24b","2021-12-30 12:34:54.471"
"AA","59.450","2","59.480","1","-201","59.48","3cff99c5-f318-4b9b-89bf-d8a164f8d63d","2021-12-30 12:35:04.880"
"AA","59.460","1","59.480","3","-201","59.48","260cddbf-6eeb-499e-b45d-2230d2278517","2021-12-30 12:35:10.830"
"AA","59.780","2","59.810","6","202","59.40","3b08a40e-0709-4f62-8a00-e10ee58f57c5","2021-12-30 12:55:59.135"
"AA","59.790","1","59.820","3","202","59.40","bb0c7dba-a132-4263-8829-f6ebb5e1bd58","2021-12-30 12:55:59.135"
"AA","59.740","1","59.770","1","202","59.40","886cc6ac-0dd4-4b48-9fcb-e44efcb9c257","2021-12-30 12:55:59.135"
"AA","59.430","1","59.450","1","-202","59.45","aff5d726-02e9-41a2-b7e5-d95eb505f0d7","2021-12-30 12:57:56.450"
"AA","59.430","1","59.450","1","-202","59.45","b7ebf2b4-26d6-4b50-b306-c9d8ce3a03a3","2021-12-30 12:57:56.450"
"AA","59.440","1","59.450","2","-202","59.45","a3e16c5e-4610-4d88-ac84-08ae00489cab","2021-12-30 12:58:00.838"
"AA","59.630","1","59.650","3","201","59.54","eed363fb-909a-41af-9381-03f3e8274a10","2021-12-30 13:54:57.211"
"AA","59.600","1","59.620","6","201","59.51","460049c2-7937-4a73-b99a-e80159c2208e","2021-12-30 13:57:12.566"
"AA","59.590","3","59.620","4","201","59.51","eac631db-32b4-4385-b3e4-d4eec03a9a88","2021-12-30 13:57:12.566"
"AA","59.570","1","59.590","11","201","59.51","6950d7a2-e5a9-4a8c-ae75-a6a1d5bb0ce3","2021-12-30 13:57:12.566"
"AA","59.550","2","59.570","1","201","59.51","88bdc679-b916-45df-b110-b3fce38f1749","2021-12-30 13:57:12.566"
"AA","59.570","1","59.590","11","201","59.50","3666501d-5b04-429e-bbda-65360c9b9ded","2021-12-30 13:57:40.708"
"AA","59.570","1","59.590","2","201","59.50","6b0b813a-d59f-4325-95a2-b6c05a67a254","2021-12-30 13:57:40.708"
"AA","59.560","4","59.570","1","201","59.50","f25e4cfa-b61a-4f2c-b6b4-f84be8d8d7dd","2021-12-30 13:57:40.708"
"AA","59.550","4","59.570","6","201","59.50","3496ed39-e90b-4c5e-bb93-39746c5e55d2","2021-12-30 13:57:40.708"
"AA","59.590","1","59.630","5","201","59.49","b0075bb3-8642-4b05-8cfc-b16d9bdefd78","2021-12-30 13:57:56.635"
"AA","59.590","7","59.620","2","201","59.49","ec7aec68-50bc-4dcc-a816-17d3402e0dd0","2021-12-30 13:57:56.635"
"AA","59.590","1","59.610","3","201","59.49","fa7e0e87-2b1c-4c5b-b695-cff148a5d168","2021-12-30 13:57:56.635"
"AA","59.550","3","59.570","1","201","59.49","f0ea9c9c-327f-48cf-b1b5-ac3edbee605d","2021-12-30 13:57:56.635"
"AA","59.450","4","59.480","1","-201","59.48","b7266648-ab1a-423d-a020-655a6bea988b","2021-12-30 13:59:53.183"
"AA","59.450","4","59.480","1","-201","59.48","95b115a7-4638-492e-9eda-c6b118bc5831","2021-12-30 13:59:53.183"
"AA","59.460","2","59.480","3","-201","59.48","677d1511-cc40-4b5e-baf9-2a73ff0f784a","2021-12-30 13:59:53.183"
"AA","59.420","2","59.440","1","-201","59.45","8855940b-ef58-450c-aae6-e6a727a9b534","2021-12-30 14:00:16.378"
"AA","59.420","2","59.440","1","-201","59.45","4b945189-1c67-4f56-b904-f164570ee377","2021-12-30 14:00:16.378"
"AA","59.420","2","59.440","1","-201","59.45","fbaecdf4-f141-4ebc-bba5-f33b1c795e42","2021-12-30 14:00:16.378"
"AA","59.420","2","59.440","1","-201","59.45","4d722b23-d30a-4705-a45a-cb1d79dd2908","2021-12-30 14:00:16.378"
"AA","59.420","2","59.440","1","-201","59.45","11468359-54e1-4165-892e-b61e701ce49b","2021-12-30 14:00:16.378"
"AA","59.400","111","59.420","1","-201","59.42","9482536e-c107-44b2-859b-1fc4d6fcbba3","2021-12-30 14:00:41.500"
"AA","59.410","2","59.430","4","-201","59.43","0ba0487f-8e69-4192-87b5-6293c49821ac","2021-12-30 14:00:53.169"
"AA","59.350","16","59.360","2","-201","59.36","38e2ae09-a300-4dfa-be73-5f613606416b","2021-12-30 14:02:00.038"
"AA","59.350","16","59.360","2","-201","59.36","38147329-b6c6-4c3e-8bc4-0a2687b579c5","2021-12-30 14:02:00.038"
"AA","59.350","1","59.360","3","-201","59.36","6f3b3826-71a5-41f9-8111-aa581af36abd","2021-12-30 14:02:00.038"
"AA","59.370","1","59.390","1","202","59.28","4a1aa75b-a228-4058-b091-97f81cd07035","2021-12-30 14:06:03.960"
"AA","59.380","2","59.400","1","202","59.28","87481fd3-ce5d-4b05-9b54-432da2c71fd1","2021-12-30 14:06:03.960"
"AA","59.270","1","59.290","3","-202","59.29","c17fddb7-8a0e-4b23-9af9-1e17a0cf2b55","2021-12-30 14:07:27.178"
"AA","59.260","1","59.300","3","-202","59.30","0289e86c-7649-4151-9ba9-f730591b5b84","2021-12-30 14:07:27.178"
"AA","59.330","1","59.360","1","202","59.25","35416b40-c481-4aeb-a5e5-66da29964565","2021-12-30 14:07:51.605"
"AA","59.340","1","59.350","1","202","59.25","2fecf28c-95e2-4724-b9ed-40e73a06d2cb","2021-12-30 14:07:51.605"
"AA","59.370","1","59.390","1","202","59.25","68007d2a-6829-4448-b9f8-d4e51b013a44","2021-12-30 14:07:51.605"
"AA","59.340","1","59.360","1","202","59.25","93ecf6ae-830e-4329-bb36-66505b2f0a7c","2021-12-30 14:07:51.605"
"AA","59.340","2","59.360","1","202","59.25","3014a279-24f7-4138-bdc6-01550b4dc507","2021-12-30 14:07:51.605"
"AA","59.360","4","59.390","1","202","59.19","e32022ec-7443-43d8-ae70-50fe385ae281","2021-12-30 14:10:40.761"
"AA","59.370","1","59.390","1","202","59.19","0fc5af50-7296-498a-bd2e-4c9c102642d1","2021-12-30 14:10:40.761"
"AA","59.380","1","59.390","1","202","59.19","fcded649-6e82-4b33-8324-b7c1d10b3d01","2021-12-30 14:10:40.761"
"AA","59.360","1","59.380","1","202","59.19","5c1d62f1-ebbe-4c95-af62-20ceff023701","2021-12-30 14:10:40.761"
"AA","59.220","5","59.240","6","-202","59.24","e29c1767-dd44-4379-b308-6d69baccd971","2021-12-30 14:12:22.777"
"AA","59.220","5","59.240","6","-202","59.24","9afc0f3a-8471-44c7-86ff-1b946ceab4f2","2021-12-30 14:12:22.777"
"AA","59.220","5","59.240","6","-202","59.24","b1f5c076-b1f2-4764-aaf5-9ea5d4c5fafd","2021-12-30 14:12:22.777"
"AA","59.220","5","59.240","6","-202","59.24","ee363be3-82ac-4cfc-b44f-ff8704be69d0","2021-12-30 14:12:22.777"
"AA","59.220","5","59.240","6","-202","59.24","a677e931-f711-449d-8d09-70f0a17b3bb1","2021-12-30 14:12:22.777"
"AA","59.240","1","59.260","1","-202","59.26","0f586483-37d3-4115-a35f-ffcd726ecd3e","2021-12-30 14:14:04.279"
"AA","59.220","1","59.250","20","-202","59.25","eaf302da-bb0f-4592-ae77-7db6d5034963","2021-12-30 14:14:20.884"
"AA","59.230","2","59.250","2","-202","59.25","81235ab5-9175-4328-99f3-84fd553cf622","2021-12-30 14:14:56.363"
"AA","59.230","2","59.250","2","-202","59.25","b7c03e43-bd92-4dfc-9fcd-9a31ba33b1ce","2021-12-30 14:15:40.769"
"AA","59.480","1","59.490","1","201","59.42","f4af4edf-f368-47bd-8c5d-2e1ad48eab3c","2021-12-30 15:05:16.550"
"AA","59.480","1","59.500","6","201","59.42","282b943c-f14e-478f-b46a-e8e13172aaec","2021-12-30 15:05:16.550"
"AA","59.480","4","59.500","2","201","59.42","6af0f0e6-1f41-47f7-a8c6-d37971283990","2021-12-30 15:05:16.550"
"AA","59.470","2","59.490","2","201","59.42","5b7bc666-524b-4fa4-99b0-5c7d3f6fd634","2021-12-30 15:05:16.550"
"AA","59.480","1","59.500","3","201","59.42","105b19e2-9d31-4570-9e02-37563c0aede6","2021-12-30 15:05:16.550"
"AA","59.410","2","59.430","3","-201","59.43","d593181d-0140-4444-88f6-6b41b4ecfd4e","2021-12-30 15:06:37.024"
"AA","59.410","2","59.430","3","-201","59.43","b7e5c4e0-7ae1-4ac3-8f4c-3b97aa6629cc","2021-12-30 15:06:37.024"
"AA","59.410","2","59.430","3","-201","59.43","b2deab7c-c85a-43f0-b6af-d8e8d292c0c9","2021-12-30 15:06:37.024"
"AA","59.460","2","59.490","5","201","59.40","0a70e714-51ab-4aa6-acc2-c8c09b96182c","2021-12-30 15:06:37.774"
"AA","59.460","2","59.470","2","202","59.40","8f6c669d-e112-466c-ab9d-497ecd9c565f","2021-12-30 15:06:37.774"
"AA","59.450","1","59.460","1","202","59.40","dda434fc-132e-4fe4-8243-2cafc50ce8a7","2021-12-30 15:06:37.774"
"AA","59.430","2","59.450","1","201","59.40","48bc0c50-285b-4470-94d9-8b5ca2c953bf","2021-12-30 15:06:37.774"
"AA","59.360","2","59.370","2","-201","59.37","e48fb0b3-8402-476e-845e-60241eee6bd4","2021-12-30 15:08:43.111"
"AA","59.360","2","59.370","2","-202","59.37","4a99827c-b681-4213-bfb7-15a166ca066e","2021-12-30 15:08:43.111"
"AA","59.360","2","59.370","2","-202","59.37","23c9ec44-f5a3-487b-bccf-a8d6ded69bcc","2021-12-30 15:08:43.111"
"AA","59.350","3","59.370","2","-201","59.37","5dc7953a-a338-4409-bdf8-3712450fe930","2021-12-30 15:08:54.221"
"AA","59.350","3","59.370","2","-201","59.37","fdf810b7-aacd-4087-80ae-a06b64f70e20","2021-12-30 15:08:54.221"
"AA","59.340","3","59.360","2","-201","59.36","0716df37-0b7f-4611-b218-46b7e2b62796","2021-12-30 15:09:27.114"
"AG","11.140","11","11.150","20","1,079","11.12","1dda664a-9e18-4035-9c65-a5053367e5b9","2021-12-30 10:21:33.898"
"AG","11.180","2","11.190","39","1,080","11.11","e2c93e57-86dd-48f5-8e60-6627ce4cc202","2021-12-30 10:21:45.453"
"AG","11.160","68","11.170","7","1,080","11.11","232af930-a80c-49e6-a9ce-30709e4cd144","2021-12-30 10:21:45.453"
"AG","11.160","23","11.170","15","1,080","11.11","0776c7d7-7c37-4792-a1de-ddd6be2086ea","2021-12-30 10:21:45.453"
"AG","11.160","16","11.170","36","1,080","11.11","c3fca200-5b2b-4445-87c0-09b87db9f9d7","2021-12-30 10:21:45.453"
"AG","11.170","21","11.180","9","1,080","11.11","53180adb-ae1d-4fa1-afa7-9ff962f0bcd1","2021-12-30 10:21:45.453"
"AG","11.170","23","11.180","16","1,080","11.11","7857ba4a-6303-4aa7-95e5-8abfa496d12f","2021-12-30 10:21:45.453"
"AG","11.160","23","11.170","11","1,080","11.11","74c27db7-1e32-4c7d-9934-5c4d33a8381a","2021-12-30 10:21:45.453"
"AG","11.140","36","11.150","6","1,080","11.11","b6bafb6e-34b3-42c1-926a-d1ba4050590f","2021-12-30 10:21:45.453"
"AG","11.140","40","11.150","5","1,080","11.11","e5ff3e15-dcee-4667-adcc-f8ae24bf63ff","2021-12-30 10:21:45.453"
"AG","11.150","24","11.160","43","1,080","11.11","193a6a66-31ff-41fb-81a8-e3489e5004ef","2021-12-30 10:21:45.453"
"AG","11.150","20","11.160","9","1,080","11.11","4fc65f12-39fe-4684-a892-290785677132","2021-12-30 10:21:45.453"
"AG","11.100","36","11.110","4","-1,079","11.11","f25c115f-1c93-4576-94df-9592c155362f","2021-12-30 10:21:59.407"
"AG","11.100","40","11.110","2","-1,080","11.11","51573fb1-e765-415a-aa40-b776bfc547eb","2021-12-30 10:22:00.622"
"AG","11.100","40","11.110","2","-1,080","11.11","405f9102-9b02-4a0c-9e29-8d32408087b5","2021-12-30 10:22:00.622"
"AG","11.100","40","11.110","2","-1,080","11.11","659b2f12-6008-4da7-98aa-ab836b6d3000","2021-12-30 10:22:00.622"
"AG","11.100","40","11.110","2","-1,080","11.11","bb7c1251-a66d-4872-aa77-77ff2f6e7814","2021-12-30 10:22:00.622"
"AG","11.100","40","11.110","2","-1,080","11.11","61489286-7cb6-4c10-9535-193c55c7e4a7","2021-12-30 10:22:00.622"
"AG","11.100","40","11.110","2","-1,080","11.11","3088007e-37cc-4758-ad62-a231d5583e3c","2021-12-30 10:22:00.622"
"AG","11.110","31","11.120","5","-1,080","11.12","32b49efe-bb6e-40b7-a9fc-979b3c03df71","2021-12-30 10:22:10.567"
"AG","11.110","31","11.120","5","-1,080","11.12","3bd0d503-4f1a-4842-be84-1b7e13420ec9","2021-12-30 10:22:10.567"
"AG","11.110","31","11.120","5","-1,080","11.12","2879a254-2bce-4d74-9481-ed72b397493a","2021-12-30 10:22:10.567"
"AG","11.100","27","11.110","13","-1,080","11.11","52a15707-6bf3-416a-bab9-490b36747720","2021-12-30 10:22:30.156"
"AG","11.100","6","11.110","48","-1,080","11.11","4b3fb8a7-7b4c-41c2-ad29-04b80ed0346b","2021-12-30 10:23:41.443"
"AG","11.110","20","11.120","14","1,086","11.04","177bfec4-ab07-4d0f-ba99-ab12c220feb1","2021-12-30 10:43:08.853"
"AG","11.110","23","11.120","43","1,087","11.04","12999508-8001-4aa8-a936-d27ab1d92877","2021-12-30 10:43:08.853"
"AG","11.110","10","11.120","27","1,087","11.04","225a6449-69dd-4ec5-9e7d-5ec266b29182","2021-12-30 10:43:08.853"
"AG","11.100","34","11.110","43","1,087","11.04","78722648-dd86-4732-a1f2-ef73369c7fb9","2021-12-30 10:43:08.853"
"AG","11.120","24","11.130","23","1,087","11.04","a32fb2ca-ad3a-44d6-a384-82a17b096b1a","2021-12-30 10:43:08.853"
"AG","11.010","43","11.020","15","-1,086","11.02","ad49ca04-4b6b-4eb8-8da8-ff9d357e306e","2021-12-30 10:45:03.864"
"AG","11.010","43","11.020","15","-1,087","11.02","08b5ed50-455c-4df5-b25f-a454d025050b","2021-12-30 10:45:03.864"
"AG","11.010","43","11.020","15","-1,087","11.02","fe8097aa-93e1-4d74-8b6c-39103ee85087","2021-12-30 10:45:03.864"
"AG","11.010","17","11.020","39","-1,087","11.02","52bc0bd0-d82c-442d-b4fc-b5b8c1bde3d8","2021-12-30 10:45:03.864"
"AG","11.020","26","11.030","18","-1,087","11.03","2b199b65-2fca-4ba2-969f-7a7c6a03a2db","2021-12-30 10:45:15.974"
"AG","11.100","89","11.110","2","1,091","11.00","ad6ba07a-35d0-4925-ace7-dd5661658e6c","2021-12-30 10:50:06.981"
"AG","11.110","37","11.120","29","1,091","10.99","5f5e0cab-b91b-4d97-9776-bf4e5a6ce101","2021-12-30 10:50:06.986"
"AG","10.990","14","11.000","49","-1,091","11.00","0886c3e3-2181-4f69-99bc-dc871a6ceb51","2021-12-30 10:51:03.982"
"AG","10.990","40","11.000","11","-1,091","11.00","839b928e-f64f-4d77-b124-476ed6fa38f7","2021-12-30 10:51:10.399"
"AG","11.030","13","11.040","29","1,087","11.04","08734b3d-d269-4365-96f1-d96f38157255","2021-12-30 10:56:32.918"
"AG","11.030","14","11.040","43","-1,087","11.04","46e7fadc-2bf9-4f68-944f-72db787461c5","2021-12-30 10:57:43.487"
"AG","11.130","30","11.140","13","1,078","11.13","1141bc19-708d-491b-a817-5c449b123c3d","2021-12-30 12:19:03.981"
"AG","11.140","25","11.150","46","1,080","11.11","f79728f6-d500-4130-931c-8edbce7f4588","2021-12-30 12:21:13.171"
"AG","11.140","19","11.150","46","1,080","11.11","18c5cb70-b07e-47ae-ab30-08ed3fb712d7","2021-12-30 12:21:13.171"
"AG","11.140","19","11.150","46","1,080","11.11","ad6d8ce3-41e1-415c-8724-0968d4d7e45b","2021-12-30 12:21:13.171"
"AG","11.140","19","11.150","46","1,080","11.11","6128b8a4-4db5-4e19-bb33-e9cbff14273a","2021-12-30 12:21:13.171"
"AG","11.140","9","11.150","72","1,080","11.11","8343b6e2-24cc-4f53-9643-139525796ee7","2021-12-30 12:21:13.171"
"AG","11.140","36","11.150","46","1,080","11.10","76366b4a-e520-4afd-8321-c59b05882951","2021-12-30 12:22:54.765"
"AG","11.140","36","11.150","46","1,081","11.10","724c0cee-ebdf-4a3f-8787-85c64116762b","2021-12-30 12:22:54.765"
"AG","11.090","17","11.100","58","-1,078","11.10","d1a93fe7-5c7d-4716-b7f5-3f0265a0a041","2021-12-30 12:24:45.245"
"AG","11.090","17","11.100","58","-1,080","11.10","1f3afe99-96c2-4789-8ff5-0ca1866ed9d8","2021-12-30 12:24:45.245"
"AG","11.090","17","11.100","58","-1,081","11.10","444b49c8-32de-4255-8299-3defdec516e6","2021-12-30 12:24:45.245"
"AG","11.090","17","11.100","58","-1,080","11.10","dd47bb58-4dd9-4e39-89d3-36a74f2fd2cd","2021-12-30 12:24:45.245"
"AG","11.090","18","11.100","18","-1,080","11.10","9af8bd86-4d35-4f07-a849-d171310a578e","2021-12-30 12:25:00.449"
"AG","11.090","18","11.100","18","-1,080","11.10","528e5f82-cddf-4083-8fb2-3783bc3e1e5a","2021-12-30 12:25:00.449"
"AG","11.090","18","11.100","18","-1,080","11.10","c54d69bb-ae2e-463a-bf75-ae16fb3d2f64","2021-12-30 12:25:00.449"
"AG","11.090","26","11.100","20","-1,080","11.10","470f1c31-b847-4ce4-b68b-964b5b0835c0","2021-12-30 12:28:49.451"
"AG","11.120","35","11.130","12","1,082","11.08","2513b489-3572-428f-b44b-8df038c0a602","2021-12-30 12:37:18.578"
"AG","11.070","45","11.080","21","-1,082","11.08","9d62352b-7489-4351-a3ce-70c1944899d1","2021-12-30 12:40:32.309"
"AG","11.070","21","11.080","14","1,083","11.07","121865c6-4820-48c7-9c38-70d98299ee0d","2021-12-30 12:59:24.659"
"AG","11.070","21","11.080","14","1,083","11.07","f9735dbb-d03c-4873-aac7-216c3afa72d9","2021-12-30 12:59:24.659"
"AG","11.080","30","11.090","57","1,083","11.07","974b4c43-7dd1-42c4-8bd6-3a8622377b73","2021-12-30 12:59:24.659"
"AG","11.040","28","11.050","11","-1,083","11.05","400842e0-8ecf-4162-893d-72b0318937b9","2021-12-30 13:07:10.156"
"AG","11.040","28","11.050","11","-1,083","11.05","9a6cf0ce-a5bc-49a3-9598-e07f4103fc91","2021-12-30 13:07:10.156"
"AG","11.050","42","11.060","36","-1,083","11.06","78b8481c-6d3a-4f27-a39a-3f81d4647367","2021-12-30 13:07:32.893"
"AG","11.060","15","11.070","22","1,084","11.06","737fb76f-4319-4b16-9e6f-9bf06a6ea2fc","2021-12-30 13:11:28.841"
"AG","11.060","26","11.070","17","-1,084","11.07","ecc13736-f1ab-4a40-a5e3-fd67f14bfdb2","2021-12-30 13:12:31.317"
"AG","11.060","52","11.070","29","1,084","11.06","18881a07-487b-4d47-b0a4-6e0ded25cae4","2021-12-30 13:13:41.812"
"AG","11.040","42","11.050","33","-1,084","11.05","f2bc27ce-464c-4653-a891-86045da54a33","2021-12-30 13:20:40.899"
"AG","11.060","12","11.070","35","1,086","11.04","7af98362-1d4c-4832-b25b-f21443169468","2021-12-30 13:46:04.497"
"AG","11.060","10","11.070","25","1,086","11.04","b19b38b9-95ed-412c-b534-d936d2c1ebc8","2021-12-30 13:46:04.497"
"AG","11.050","36","11.060","10","1,087","11.04","2aebecec-c91a-4b1f-be75-d09b400d6523","2021-12-30 13:46:04.497"
"AG","11.050","71","11.060","2","1,087","11.04","1a41e1b3-9f86-4c7e-b7f7-f4b31133c357","2021-12-30 13:46:04.497"
"AG","11.050","83","11.060","2","1,087","11.04","589de363-a0bb-42d5-8ef4-521a7a826ef4","2021-12-30 13:46:04.497"
"AG","11.050","70","11.060","3","1,086","11.04","10ba90a0-e863-4a8a-a948-ae4050c91231","2021-12-30 13:46:04.497"
"AG","11.050","71","11.060","2","1,086","11.04","58b6352b-c67b-4b75-ad19-c2cebc5e1d5a","2021-12-30 13:46:04.497"
"AG","11.050","66","11.060","2","1,087","11.04","958c4b9c-ac5b-4e49-a5c2-4a2364404242","2021-12-30 13:46:04.497"
"AG","11.060","30","11.070","32","1,086","11.04","6742d53d-3483-475e-ab85-75b2c28042c6","2021-12-30 13:46:04.497"
"AG","11.060","15","11.070","30","1,087","11.04","0d7dea32-04eb-4a15-a258-321c7b7e8578","2021-12-30 13:46:04.497"
"AG","11.050","13","11.060","41","1,087","11.04","50385286-0c2a-4543-aab3-23fc66dd9641","2021-12-30 13:46:04.497"
"AG","11.060","65","11.070","12","1,087","11.04","4703e03b-6d74-44c2-a829-de8f161d433b","2021-12-30 13:46:04.497"
"AG","11.060","65","11.070","12","1,086","11.04","0e0ee9e3-bc21-4c55-97e2-3a2c96755063","2021-12-30 13:46:04.497"
"AG","11.030","62","11.040","14","-1,086","11.04","7dfcc5a6-e3d1-497a-a659-f5f3a3297d20","2021-12-30 13:46:59.148"
"AG","11.030","62","11.040","14","-1,087","11.04","15d20773-8166-43c1-a20e-6d12261e31cb","2021-12-30 13:46:59.148"
"AG","11.030","62","11.040","14","-1,087","11.04","70824eca-6512-44b1-bbff-f8bfbe76682a","2021-12-30 13:46:59.148"
"AG","11.030","66","11.040","11","-1,086","11.04","9f82ff65-909c-4ced-8cc9-bfad4c1c627e","2021-12-30 13:46:59.148"
"AG","11.030","66","11.040","11","-1,086","11.04","19527a1a-2537-4123-a88f-69e4cd97035c","2021-12-30 13:46:59.148"
"AG","11.030","66","11.040","11","-1,087","11.04","d9fb4bc3-1613-45c6-83f1-8a067afe486f","2021-12-30 13:46:59.148"
"AG","11.030","66","11.040","11","-1,087","11.04","412add15-2802-44e4-a601-be92b88fb15d","2021-12-30 13:46:59.148"
"AG","11.030","66","11.040","11","-1,086","11.04","f1c62f56-3ae3-472f-9706-fad868677b55","2021-12-30 13:46:59.148"
"AG","11.030","61","11.040","8","-1,087","11.04","910a26e6-a618-4c95-ace1-e02788e33eac","2021-12-30 13:46:59.148"
"AG","11.030","61","11.040","8","-1,087","11.04","ee1441fb-a33f-4913-a567-18b4f6047c8e","2021-12-30 13:46:59.148"
"AG","11.030","61","11.040","8","-1,086","11.04","cb90787f-b076-4d4d-9158-d7c52dd94a7e","2021-12-30 13:46:59.148"
"AG","11.030","91","11.040","2","-1,086","11.04","ccd8404b-0b55-4a20-99cc-990344c00594","2021-12-30 13:47:29.867"
"AG","11.030","91","11.040","2","-1,087","11.04","ac8f2a27-bef3-4dee-b8c5-03bbe2cbda29","2021-12-30 13:47:29.867"
"AG","11.050","14","11.060","22","1,087","11.03","99da0633-5043-4e5f-a261-a79e0b5c5e3e","2021-12-30 13:55:45.940"
"AG","11.040","29","11.050","15","1,087","11.03","201fbccd-104d-43a8-9fad-74586590b6f2","2021-12-30 13:55:45.940"
"AG","11.040","25","11.050","13","1,087","11.03","ffa189d2-1ed8-490b-9335-d90ca378834e","2021-12-30 13:55:45.940"
"AG","11.040","25","11.050","13","1,087","11.03","6c2277e6-fd50-487d-8cc2-6d52b540bc03","2021-12-30 13:55:45.940"
"AG","11.040","25","11.050","13","1,087","11.03","0abbf57f-4901-4461-9abf-751b18c37c91","2021-12-30 13:55:45.940"
"AG","11.040","9","11.050","52","1,087","11.03","0a3519be-cb66-46e6-9754-fdd8b70e30fb","2021-12-30 13:55:45.940"
"AG","11.030","30","11.040","12","-1,087","11.04","1e9e1f58-5ea9-46f1-b274-4afca8428436","2021-12-30 14:00:52.614"
"AG","11.030","30","11.040","12","-1,087","11.04","937cab78-127d-4259-a0db-546b705c3bbe","2021-12-30 14:00:52.614"
"AG","11.020","24","11.030","18","-1,087","11.03","8e6bf1f4-f5af-42ec-8346-ebf7d9013972","2021-12-30 14:03:53.925"
"AG","11.020","24","11.030","18","-1,087","11.03","9a5f9af0-29a0-40e3-bb1f-65a5ef9cce6c","2021-12-30 14:03:53.925"
"AG","11.020","24","11.030","18","-1,087","11.03","7084465f-00e2-408f-ab43-d9fa369488cd","2021-12-30 14:03:53.925"
"AG","11.020","24","11.030","18","-1,087","11.03","6c454859-9b85-4e9b-a2ad-4fe80de43c43","2021-12-30 14:03:53.925"
"AG","11.020","42","11.030","5","1,088","11.03","5ff4d63f-d6f0-4fc9-8c9a-5f8ed0f262a5","2021-12-30 14:11:30.006"
"AG","11.020","12","11.030","17","-1,088","11.03","18aa2e27-ced1-4867-96c6-0b0bae747ff4","2021-12-30 14:13:47.896"
"AG","11.040","26","11.050","19","1,088","11.03","f0a1da2f-f58b-4412-b1ec-02073c59a464","2021-12-30 14:20:07.283"
"AG","11.040","26","11.050","19","1,088","11.03","80d79a4f-cbfe-4227-8b48-9d604be1b0c4","2021-12-30 14:20:07.283"
"AG","11.040","11","11.050","25","1,088","11.03","a9b5123b-1f87-48be-8592-21f68b75834b","2021-12-30 14:20:07.283"
"AG","11.040","21","11.050","38","1,088","11.03","24f12dc2-4fdd-4bec-83e8-cdbbe1dab048","2021-12-30 14:20:07.283"
"AG","11.050","35","11.060","10","-1,088","11.06","1aa471c6-3752-4a81-b498-b41df6f03332","2021-12-30 14:31:20.533"
"AG","11.060","35","11.070","8","-1,088","11.07","b1a4db03-0179-408d-b6d8-47ffe9c855b0","2021-12-30 14:32:17.690"
"AG","11.060","35","11.070","5","-1,088","11.07","53a2d442-02df-466b-867c-527e3680a439","2021-12-30 14:32:21.261"
"AG","11.060","27","11.070","8","-1,088","11.07","6fbb4ad2-ed74-4ec4-8d9b-eea2c285656f","2021-12-30 14:32:50.380"
"AG","11.080","67","11.090","19","1,085","11.05","9806a410-50ed-45be-8b54-6f9d13f05c78","2021-12-30 15:08:40.979"
"AG","11.080","67","11.090","19","1,085","11.05","9cc2a94f-9370-4466-9180-ba6862ff36f5","2021-12-30 15:08:40.979"
"AG","11.080","67","11.090","22","1,085","11.05","4bdad86a-49a4-4c23-8520-4fcfa7f21288","2021-12-30 15:08:40.979"
"AG","11.070","22","11.080","22","1,086","11.05","0cde6348-fb8c-4966-8236-9dc413579170","2021-12-30 15:08:40.979"
"AG","11.070","32","11.080","47","1,085","11.05","832d79ea-b4f9-4ef9-9336-dcaf8352e137","2021-12-30 15:08:40.979"
"AG","11.070","32","11.080","36","1,086","11.05","008e81f8-ccb6-49b8-bce6-a2e31c89185d","2021-12-30 15:08:40.979"
"AG","11.070","30","11.080","37","1,085","11.05","54cb1a52-6ddc-45c1-a822-27f49d4bdea5","2021-12-30 15:08:40.979"
"AG","11.030","53","11.040","12","-1,086","11.04","5e2b4a4f-ad12-41e7-a028-7c63141085dc","2021-12-30 15:11:26.592"
"AG","11.030","53","11.040","12","-1,085","11.04","6258f5c2-f10e-4703-9e08-64ae18fba3a3","2021-12-30 15:11:26.592"
"AG","11.030","53","11.040","12","-1,085","11.04","96c55e78-16d6-4f40-b15a-a935f0e82d94","2021-12-30 15:11:26.592"
"AG","11.030","67","11.040","7","-1,085","11.04","203c1d25-4401-4966-afaf-02b5ac4cc3ad","2021-12-30 15:11:26.592"
"AG","11.030","67","11.040","7","-1,085","11.04","1060616d-207e-4442-a098-14ad8d233a16","2021-12-30 15:11:26.592"
"AG","11.040","7","11.050","58","-1,085","11.05","76493b3e-36ff-4324-b49c-435136dfd4c9","2021-12-30 15:14:15.603"
"AG","11.040","7","11.050","59","-1,086","11.05","f90c8428-3acb-4e6d-abb6-e45b4001473d","2021-12-30 15:14:15.603"
"AG","11.040","61","11.050","13","1,086","11.05","72a73ea3-3414-41b8-8355-976a87bbb65e","2021-12-30 15:25:50.006"
"AG","11.040","22","11.050","68","-1,086","11.04","02c5f8de-e334-402c-854a-1d2abe47ff3c","2021-12-30 15:48:00.006"
"ABB","38.440","10","38.450","46","312","38.44","f146e08a-9a5c-485a-8f4a-afb47dc3c23c","2021-12-30 09:53:21.168"
"ABB","38.450","21","38.460","42","312","38.42","2b068067-4a74-4cfa-acd9-ccf96751ad2d","2021-12-30 09:55:05.257"
"ABB","38.380","20","38.390","49","-312","38.39","837fc639-dedd-4b42-9fc3-a3c397fef414","2021-12-30 10:03:36.499"
"ABB","38.380","11","38.390","17","-312","38.39","37702f92-5cbf-46de-8065-b7e554a5bc7f","2021-12-30 10:05:12.419"
"ABB","38.410","18","38.420","51","312","38.38","bbf0ce30-a3f3-47ec-8cd0-963745f74b32","2021-12-30 10:21:29.495"
"ABB","38.410","18","38.420","51","312","38.38","f94a4675-11b4-46fc-9ae9-32827871de65","2021-12-30 10:21:29.495"
"ABB","38.380","42","38.390","2","-312","38.39","0c507c7e-55a2-4d69-a348-cb6b5e562c3a","2021-12-30 10:22:18.165"
"ABB","38.380","32","38.390","10","-312","38.39","4afc3964-a4a6-47ad-badc-1647e6c8f2e6","2021-12-30 10:22:18.165"
"ABB","38.340","1","38.350","58","312","38.35","5f145458-2f04-4f4a-9e91-539fa47d3cb4","2021-12-30 10:43:00.006"
"ABB","38.330","23","38.340","33","-312","38.34","d5cbf0eb-b36d-4aaf-8c93-e66129e1fccb","2021-12-30 10:45:06.785"
"ABB","38.330","17","38.340","39","313","38.31","93bcb092-296c-4649-b780-f29de8b4c920","2021-12-30 11:03:18.080"
"ABB","38.320","10","38.330","45","313","38.31","ae68b078-fa55-4df7-8c54-7f5e1c029116","2021-12-30 11:03:18.080"
"ABB","38.320","14","38.330","42","313","38.31","d28aed95-b3ce-4440-b8c2-19b5c84bd059","2021-12-30 11:03:18.080"
"ABB","38.330","7","38.340","43","313","38.31","e2f8206f-2cf7-4dc9-8caf-cb4ec3eae1a3","2021-12-30 11:03:18.080"
"ABB","38.330","7","38.340","43","313","38.31","e78681ac-937d-4f5d-bf3c-ce60c58b8a16","2021-12-30 11:03:18.080"
"ABB","38.330","16","38.340","32","313","38.30","8f2279ff-b0d9-43de-aba7-59f0f9f3239e","2021-12-30 11:07:02.656"
"ABB","38.330","14","38.340","41","313","38.30","a9f05171-1b83-483e-8495-82b5ce089ad0","2021-12-30 11:07:02.656"
"ABB","38.330","12","38.340","42","313","38.30","ff12fd84-b784-45a3-a4e7-3cc11163e56e","2021-12-30 11:07:02.656"
"ABB","38.340","19","38.350","51","313","38.30","fe0c6767-2aa7-481a-be7e-b502eb457d28","2021-12-30 11:07:02.656"
"ABB","38.340","19","38.350","51","313","38.30","8a646436-f340-4c04-966b-e76224487cf6","2021-12-30 11:07:02.656"
"ABB","38.350","13","38.360","56","313","38.30","33019bb0-0de9-417f-a2de-224b7cff1b16","2021-12-30 11:07:02.656"
"ABB","38.340","26","38.350","28","313","38.30","041d37cf-e683-474a-99d0-819810e6fba3","2021-12-30 11:07:02.656"
"ABB","38.340","26","38.350","28","313","38.30","4bc28b6b-f84c-4086-ab5b-520a5f77a35a","2021-12-30 11:07:02.656"
"ABB","38.350","9","38.350","1","313","38.30","a80cee47-7065-4b3e-b58a-7c806b1bc3fb","2021-12-30 11:07:02.656"
"ABB","38.350","23","38.360","38","313","38.30","270fb34a-dcfa-424e-963c-5d2106a3cc83","2021-12-30 11:07:02.656"
"ABB","38.350","32","38.360","4","313","38.30","49b7fcd0-b18a-4684-a9b8-b258d1e3cc2f","2021-12-30 11:07:02.656"
"ABB","38.350","25","38.360","18","313","38.30","785c34b5-dd0b-4392-a34d-7d1a325baaca","2021-12-30 11:07:02.656"
"ABB","38.340","17","38.350","18","313","38.30","e55976b3-192f-4814-82f3-45f841e92128","2021-12-30 11:07:02.656"
"ABB","38.350","10","38.360","57","313","38.30","02774ce9-ef87-4345-b00e-f5b90e31ffa2","2021-12-30 11:07:02.656"
"ABB","38.340","16","38.350","19","313","38.30","559da4e1-24cd-4dbd-97f2-ce76fd760911","2021-12-30 11:07:02.656"
"ABB","38.340","12","38.350","49","313","38.30","99c1403e-d400-474e-8560-0abc6b1ba138","2021-12-30 11:07:02.656"
"ABB","38.340","10","38.350","49","313","38.30","4004ce79-4e95-4fc8-94f3-cd03189b8d22","2021-12-30 11:07:02.656"
"ABB","38.340","11","38.350","49","313","38.30","506cef81-4e48-4723-b49e-7ab1f87f92eb","2021-12-30 11:07:02.656"
"ABB","38.330","17","38.340","39","313","38.30","60f2bb8d-dea7-4bf7-9e2e-51500d86851e","2021-12-30 11:07:02.656"
"ABB","38.290","20","38.300","51","-313","38.30","b8c7a437-70c6-4ee5-b62a-ac80d5832342","2021-12-30 11:09:06.195"
"ABB","38.290","20","38.300","51","-313","38.30","7d712eb2-3390-48b3-9403-968242170ff0","2021-12-30 11:09:06.195"
"ABB","38.290","20","38.300","51","-313","38.30","1d723d0b-f27a-4f87-8fce-cc23d9b95cf7","2021-12-30 11:09:06.195"
"ABB","38.290","20","38.300","51","-313","38.30","970f0026-4544-435d-9c78-a64363ab1fc7","2021-12-30 11:09:06.195"
"ABB","38.290","20","38.300","51","-313","38.30","b8b9a775-6d85-4928-843d-0de1f74ec0b1","2021-12-30 11:09:06.195"
"ABB","38.290","20","38.300","51","-313","38.30","55e7fdbd-c23f-410d-9ec3-53f9dd2d60c4","2021-12-30 11:09:06.195"
"ABB","38.290","20","38.300","51","-313","38.30","2e6e1c91-9bc4-4f1d-9a86-28b506ccd125","2021-12-30 11:09:06.195"
"ABB","38.290","20","38.300","51","-313","38.30","604a2adc-6e7a-4de1-ae48-285235f5fde4","2021-12-30 11:09:06.195"
"ABB","38.290","20","38.300","51","-313","38.30","b097e7dd-a102-415d-b363-2c9e68204b86","2021-12-30 11:09:06.195"
"ABB","38.290","20","38.300","51","-313","38.30","26af00e0-a1b8-4815-abe5-68020ed6e4ef","2021-12-30 11:09:06.195"
"ABB","38.290","20","38.300","51","-313","38.30","346ee1e8-0e5d-4c68-8cd3-abb15693ddce","2021-12-30 11:09:06.195"
"ABB","38.290","17","38.300","39","-313","38.30","6fc8132e-db8b-463f-9182-5f9e665257b1","2021-12-30 11:09:06.195"
"ABB","38.290","17","38.300","39","-313","38.30","43bcc9b9-d929-4030-9c2a-15c8914f0431","2021-12-30 11:09:06.195"
"ABB","38.290","17","38.300","39","-313","38.30","10144ec9-c7b9-4720-910b-b4ba5eb09971","2021-12-30 11:09:06.195"
"ABB","38.290","17","38.300","39","-313","38.30","1da0eda7-5374-48a2-8bc5-1b97bee9430e","2021-12-30 11:09:06.195"
"ABB","38.290","17","38.300","39","-313","38.30","f1998b80-0a2a-46ff-a6c2-dc75e4d46b45","2021-12-30 11:09:06.195"
"ABB","38.290","17","38.300","39","-313","38.30","edede932-4675-425c-9253-57131a5d0b00","2021-12-30 11:09:06.195"
"ABB","38.290","17","38.300","39","-313","38.30","9c799c08-8b2e-4ece-846c-4cea8e1b8597","2021-12-30 11:09:06.195"
"ABB","38.290","13","38.300","50","-313","38.30","c1dece68-9e9b-4550-abf9-7513d3163a09","2021-12-30 11:09:26.620"
"ABB","38.290","13","38.300","50","-313","38.30","f40281db-fc8c-4397-a827-f7f08a22d444","2021-12-30 11:09:26.620"
"ABB","38.280","23","38.290","44","-313","38.29","db0f8860-09da-4712-bf3a-b685c1efcdcc","2021-12-30 11:10:33.749"
"ABB","38.290","11","38.300","56","-313","38.30","5f3282bc-3cf4-43da-a519-19109705ef92","2021-12-30 11:10:53.756"
"ABB","38.290","11","38.300","56","-313","38.30","265ff0c3-541b-4419-bcd2-4df9376de3f4","2021-12-30 11:10:53.756"
"ABB","38.290","11","38.300","56","-313","38.30","352e0678-1769-4829-ba50-cdb806c64a0c","2021-12-30 11:10:53.756"
"ABB","38.320","18","38.330","21","313","38.32","5f38d64a-0028-409e-b327-1c16029daebe","2021-12-30 11:17:47.453"
"ABB","38.320","26","38.330","11","313","38.32","c395cecf-4cc0-4170-8b87-9488802790e1","2021-12-30 11:17:47.453"
"ABB","38.320","26","38.330","11","313","38.32","1ec1531e-c10a-4752-886f-ecd566f2d114","2021-12-30 11:17:47.453"
"ABB","38.320","21","38.330","14","-313","38.33","2d82e7f3-e024-41e6-b89f-f227cedf1224","2021-12-30 11:19:35.292"
"ABB","38.320","21","38.330","14","-313","38.33","07e34abc-4220-4c5f-89e8-d9331c0d1279","2021-12-30 11:19:35.292"
"ABB","38.330","8","38.340","51","-313","38.34","548a1b26-a145-46c6-83aa-117ac355c3e2","2021-12-30 11:19:59.443"
"ABB","38.330","15","38.340","21","313","38.31","45433c78-fa02-4d66-a9e2-c8aeadde9be4","2021-12-30 11:21:01.578"
"ABB","38.330","3","38.340","62","313","38.31","01792857-cbbe-4d52-8236-f048f42f827a","2021-12-30 11:21:01.578"
"ABB","38.330","3","38.340","62","313","38.31","151a3ff0-08a0-413a-a29b-32fee7c60851","2021-12-30 11:21:01.578"
"ABB","38.330","8","38.340","25","313","38.31","c4240128-e633-496d-aedd-b4a37401aded","2021-12-30 11:21:01.578"
"ABB","38.330","8","38.340","25","313","38.31","549e200a-7325-4c5f-8386-4b41c6e6bd30","2021-12-30 11:21:01.578"
"ABB","38.220","8","38.230","18","-313","38.23","96736fb7-5e14-44eb-9cef-b23a80902f20","2021-12-30 11:36:08.121"
"ABB","38.220","8","38.230","18","-313","38.23","318cde5d-8c8e-4527-80ff-8f128264dab3","2021-12-30 11:36:08.121"
"ABB","38.220","8","38.230","18","-313","38.23","0bbec1bf-89a7-4a04-b125-3600956c778a","2021-12-30 11:36:08.121"
"ABB","38.220","8","38.230","18","-313","38.23","71e56f47-56c4-4872-8654-cbbc6d3ef2a4","2021-12-30 11:36:08.121"
"ABB","38.220","6","38.230","16","-313","38.23","2d5f86de-a83f-4f95-9d84-0859101179fb","2021-12-30 11:36:08.121"
"ABB","38.230","33","38.240","7","313","38.24","2ba9662b-a598-415f-9ef1-b3ed6f775db6","2021-12-30 11:41:20.006"
"ABB","38.210","8","38.220","19","-313","38.22","9c24e646-35f5-43ec-980e-caec815bb7ce","2021-12-30 11:44:01.799"
"ABB","38.170","8","38.180","29","314","38.15","31a4321c-4a86-46c9-936d-97fdba605d21","2021-12-30 13:02:31.751"
"ABB","38.170","5","38.180","20","314","38.15","6d99434f-de0f-4873-a01c-7d931af5a31e","2021-12-30 13:02:31.751"
"ABB","38.170","8","38.180","14","314","38.15","107558f7-87da-472a-a096-7701af07ddbf","2021-12-30 13:02:31.751"
"ABB","38.160","18","38.170","13","314","38.15","cdab8a0d-c93c-43cc-a5e7-e1c7c875c9cd","2021-12-30 13:02:31.751"
"ABB","38.160","18","38.170","13","314","38.15","8c46d49b-978a-4d0e-a69c-bac32db745a0","2021-12-30 13:02:31.751"
"ABB","38.160","11","38.170","21","314","38.15","7ac0b176-250e-4a76-ba2b-4b27a373ca9a","2021-12-30 13:02:31.751"
"ABB","38.160","10","38.170","18","314","38.15","be3901ad-491b-4698-aa9c-d9f3c087e951","2021-12-30 13:02:31.751"
"ABB","38.150","8","38.160","33","314","38.14","7a6c7968-56ea-43bf-a0f0-7bf76030bb81","2021-12-30 13:05:59.160"
"ABB","38.150","8","38.160","33","314","38.14","d8bcc7c1-babf-4e6f-91f5-abc542a1008f","2021-12-30 13:05:59.160"
"ABB","38.150","10","38.160","34","314","38.14","99833fe6-7863-45a7-8886-ef07cd60a823","2021-12-30 13:05:59.160"
"ABB","38.150","16","38.160","28","314","38.14","576bf1e1-2bf8-4d26-b105-1d6d5d52f5df","2021-12-30 13:05:59.160"
"ABB","38.150","16","38.160","28","314","38.14","26015817-c0d6-42c1-970b-9e9d267b773f","2021-12-30 13:05:59.160"
"ABB","38.170","23","38.180","20","314","38.14","5245d5ed-4ed9-4598-90d1-19f8a7e90676","2021-12-30 13:05:59.160"
"ABB","38.170","8","38.180","21","314","38.13","9711669f-28ac-4878-bb72-e43967e99d74","2021-12-30 13:06:25.453"
"ABB","38.170","2","38.180","45","314","38.13","ee161370-d7a2-4b4a-8ae3-fdfa49c0e4ff","2021-12-30 13:06:25.453"
"ABB","38.170","8","38.180","25","314","38.13","988372e2-8d0f-4c88-9d19-8e50a9b451e1","2021-12-30 13:06:25.453"
"ABB","38.170","8","38.180","25","314","38.13","389229bb-7dc4-40cc-851b-06d49f3fa7f9","2021-12-30 13:06:25.453"
"ABB","38.170","8","38.180","23","314","38.13","6e80d3da-b495-410e-9b14-7eb9eb0872aa","2021-12-30 13:06:25.453"
"ABB","38.130","22","38.140","9","-314","38.14","57d881fd-2fd8-45eb-b35c-0c9f3d2f9772","2021-12-30 13:07:10.745"
"ABB","38.130","22","38.140","9","-314","38.14","112aef6f-fb34-4812-a644-afe3f0cac5e3","2021-12-30 13:07:10.745"
"ABB","38.130","22","38.140","9","-314","38.14","3c2af8a4-2e8f-4ebe-812c-b5752456df6e","2021-12-30 13:07:10.745"
"ABB","38.130","22","38.140","9","-314","38.14","f78a7852-8be5-4027-8ea0-93a065e8894d","2021-12-30 13:07:10.745"
"ABB","38.130","22","38.140","9","-314","38.14","443aa067-2162-48cc-b175-73b94dcdbf89","2021-12-30 13:07:10.745"
"ABB","38.130","22","38.140","9","-314","38.14","496f038c-c498-4b86-9576-59d00b9dbd95","2021-12-30 13:07:10.745"
"ABB","38.130","22","38.140","9","-314","38.14","fbfffc07-83e9-4445-ab1c-9f96973ed7bf","2021-12-30 13:07:10.745"
"ABB","38.130","22","38.140","9","-314","38.14","feac2e6c-422d-49cf-a6e7-a8069008ab64","2021-12-30 13:07:10.745"
"ABB","38.130","22","38.140","9","-314","38.14","18fd5330-189d-4915-8f85-1d0d9a2cbe2f","2021-12-30 13:07:10.745"
"ABB","38.140","11","38.150","27","-314","38.15","9f841842-a9e5-49d4-83c4-b40fbb597555","2021-12-30 13:08:53.808"
"ABB","38.140","11","38.150","27","-314","38.15","9bd2e0e6-0f79-4bef-ba37-8d12fbd59a48","2021-12-30 13:08:53.808"
"ABB","38.140","11","38.150","27","-314","38.15","647a1acb-e119-44c2-87b6-39b2abdbd60f","2021-12-30 13:08:53.808"
"ABB","38.140","11","38.150","27","-314","38.15","c12e34ad-5bf4-430b-ba51-fa1b4ba50fc3","2021-12-30 13:08:53.808"
"ABB","38.140","11","38.150","27","-314","38.15","54241026-7216-4682-b155-469b1f18c58d","2021-12-30 13:08:53.808"
"ABB","38.140","11","38.150","27","-314","38.15","2d06407c-2687-4ccc-a5ea-5c3a1ec53209","2021-12-30 13:08:53.808"
"ABB","38.140","11","38.150","27","-314","38.15","268423b9-ec59-4a0d-81fd-74cc27bc8206","2021-12-30 13:08:53.808"
"ABB","38.140","11","38.150","26","-314","38.15","2d2367b1-54cb-4bc5-9cd1-833617734cc3","2021-12-30 13:08:53.808"
"ABB","38.140","11","38.150","23","-314","38.15","5e8e35d7-d335-44af-bfe7-f847b786b133","2021-12-30 13:08:53.808"
"ABB","38.150","2","38.160","38","314","38.14","3c774099-4d9e-40f4-922e-0381d32ba200","2021-12-30 14:05:04.295"
"ABB","38.140","19","38.150","18","-314","38.15","b1aef95e-59f6-4abb-8cfc-ef80e3ba08a1","2021-12-30 14:05:22.794"
"ABB","38.160","4","38.170","21","314","38.16","ce5e1d30-8fe5-4e15-a476-4e8ca941af8d","2021-12-30 14:09:22.801"
"ABB","38.160","9","38.170","17","-314","38.17","d543f837-0b0b-40b7-aa5a-2e4157d071ea","2021-12-30 14:12:54.760"
"ABB","38.160","14","38.170","11","314","38.17","4b7d6dd2-8966-400b-9011-435b6559f512","2021-12-30 14:15:30.006"
"ABB","38.170","12","38.180","20","-314","38.18","079eb990-4c93-49ab-89a9-02e536222522","2021-12-30 14:18:16.263"
"ABB","38.200","17","38.210","28","314","38.19","48ed27cb-4f1b-4da8-8ce9-59602f0ad9f7","2021-12-30 14:51:09.787"
"ABB","38.200","22","38.210","28","314","38.19","d4bfbcb4-bf1e-4be7-9ecc-ac59d50afe7c","2021-12-30 14:51:09.787"
"ABB","38.200","22","38.210","28","314","38.19","b3f1b964-4950-402b-8d3b-f3a4157ba3f8","2021-12-30 14:51:09.787"
"ABB","38.200","20","38.210","28","314","38.19","11d79763-2a35-4eee-868c-7a5ff6ee0544","2021-12-30 14:51:09.787"
"ABB","38.200","20","38.210","28","314","38.19","cc1af225-7427-417a-b4bd-d29672275852","2021-12-30 14:51:09.787"
"ABB","38.190","21","38.200","21","314","38.18","70d6610a-064c-4bf2-9c9d-b23e8da90c2e","2021-12-30 14:53:11.870"
"ABB","38.200","28","38.210","16","314","38.18","c2e24b45-2811-42a9-9d21-374ab77724f5","2021-12-30 14:53:11.870"
"ABB","38.200","20","38.210","29","314","38.18","52ac333a-2cce-48e8-8904-7f808a81c366","2021-12-30 14:53:11.870"
"ABB","38.200","27","38.210","26","314","38.18","327752d6-0d90-4ce8-905b-8a459bad36c1","2021-12-30 14:53:11.870"
"ABB","38.200","27","38.210","26","314","38.18","ca2ce43e-110f-46bf-bd72-d472b326ea65","2021-12-30 14:53:11.870"
"ABB","38.210","32","38.220","15","314","38.18","574f01e9-a787-4a05-91c4-77e620f49e91","2021-12-30 14:53:11.870"
"ABB","38.210","15","38.220","20","314","38.18","4d8d19af-6b9f-4197-b0bb-51f8e3709ac2","2021-12-30 14:53:11.870"
"ABB","38.210","3","38.220","36","314","38.18","f0896cd1-fbe3-4d1d-b770-b69e81c0c090","2021-12-30 14:53:11.870"
"ABB","38.210","3","38.220","34","314","38.18","c4d8ff74-185d-476d-a230-a4620392ee0f","2021-12-30 14:53:11.870"
"ABB","38.180","26","38.190","27","-314","38.19","08a6cf1a-3476-4dba-983c-33734b1387e7","2021-12-30 15:00:23.660"
"ABB","38.180","26","38.190","27","-314","38.19","ffd91ec1-54f4-49f1-83d7-bc5a03083316","2021-12-30 15:00:23.660"
"ABB","38.180","26","38.190","27","-314","38.19","a9f4dddc-107e-447c-b459-6c11ba9cca4d","2021-12-30 15:00:23.660"
"ABB","38.180","26","38.190","27","-314","38.19","b39259e1-18d1-4edb-a9e1-2ec374efb639","2021-12-30 15:00:23.660"
"ABB","38.180","26","38.190","27","-314","38.19","7d0f594f-3bc8-4a8b-822b-602a25fcfc20","2021-12-30 15:00:23.660"
"ABB","38.190","6","38.200","22","-314","38.20","253bd0a5-fff6-4d6f-b38a-d6346e80c6ef","2021-12-30 15:01:49.110"
"ABB","38.190","6","38.200","22","-314","38.20","97f3dee3-2148-420d-a99d-3c936d242383","2021-12-30 15:01:49.110"
"ABB","38.190","6","38.200","22","-314","38.20","a01cad5c-4c72-412c-ad9d-2efb4b27045e","2021-12-30 15:01:49.110"
"ABB","38.190","26","38.200","2","-314","38.20","1004a80d-c18f-4fe3-b247-e6381b904016","2021-12-30 15:01:51.215"
"ABB","38.190","26","38.200","2","-314","38.20","f37e16a7-7260-43bf-8dc1-38bdee77298b","2021-12-30 15:01:51.215"
"ABB","38.190","26","38.200","2","-314","38.20","fb1d3a9f-8e4e-4ba9-9f16-53990a67f4cb","2021-12-30 15:01:51.215"
"ABB","38.200","23","38.210","12","-314","38.21","e481aa35-8a46-4590-a467-e13c25017918","2021-12-30 15:02:00.606"
"ABB","38.200","23","38.210","12","-314","38.21","f60b6c2a-4341-4333-b5ad-33e5260b8d1e","2021-12-30 15:02:00.606"
"ABB","38.190","5","38.200","29","-314","38.20","9c97b30c-8995-4a3e-aab1-09f11bff48a6","2021-12-30 15:03:37.135"
"ABB","38.210","11","38.220","21","314","38.20","ded3329b-e37e-4ff8-81d4-f02899d8568f","2021-12-30 15:07:10.066"
"ABB","38.210","11","38.220","21","314","38.20","ed112dc5-c8ce-4657-a29f-0b1ae1dfd5ea","2021-12-30 15:07:10.066"
"ABB","38.210","9","38.220","16","314","38.20","1efd03dd-b306-4bec-a328-67ce759639b8","2021-12-30 15:07:10.066"
"ABB","38.210","9","38.220","16","314","38.20","e27b2d56-6ed2-4035-9f69-33486beed60b","2021-12-30 15:07:10.066"
"ABB","38.200","12","38.210","14","-314","38.21","310ec014-310f-4c10-9a87-0f2a987ec9eb","2021-12-30 15:08:57.826"
"ABB","38.170","33","38.180","6","-314","38.18","4cebbed0-f7ff-403e-8a65-01cf74d4bbaf","2021-12-30 15:11:26.583"
"ABB","38.170","33","38.180","6","-314","38.18","e7f966da-c802-4e9a-b900-3d17ba712ab1","2021-12-30 15:11:26.583"
"ABB","38.170","22","38.180","6","-314","38.18","b6c38cb0-238b-4aab-b40a-b3934174f66b","2021-12-30 15:11:26.583"
"ABB","38.180","6","38.190","23","314","38.19","4b809ea7-d419-4136-a508-8ba36e0e8d7f","2021-12-30 15:20:50.006"
"ABB","38.200","14","38.210","17","314","38.15","dc314b97-a539-494d-ba39-1da7232cbe00","2021-12-30 15:28:26.806"
"ABB","38.160","14","38.170","19","-314","38.17","09d72e32-16f6-46bb-bdef-b7e177b9dc41","2021-12-30 15:30:17.574"
"ABB","38.180","40","38.190","22","-314","38.18","17ea27df-f2ce-4e3f-aed8-c944fed54bdd","2021-12-30 15:48:00.006"
"ALB","235.680","1","236.080","3","50","235.53","c93f7799-356a-40d4-8bc1-f1f48171d585","2021-12-30 10:28:31.380"
"ALB","235.690","1","236.000","1","50","235.53","441f8cf4-03d4-4abd-ab4b-e9370e3cadaf","2021-12-30 10:28:31.380"
"ALB","235.710","1","236.070","2","50","235.53","e2ffc49c-ee75-471b-b5b7-6ae8d143e6ea","2021-12-30 10:28:31.380"
"ALB","235.040","2","235.420","1","-50","235.42","b4c57497-ac3e-4386-a001-774d5aad3ca3","2021-12-30 10:30:14.130"
"ALB","235.040","2","235.420","1","-50","235.42","429d99a4-39bd-4d19-9840-81d59b109141","2021-12-30 10:30:14.130"
"ALB","235.050","2","235.420","1","-50","235.42","9f12ed49-a37e-4ce9-93cc-c5540a42f486","2021-12-30 10:30:14.130"
"ALB","235.850","1","236.040","3","50","235.62","11cd7c65-5bd8-47d7-a1e3-bb98c3881d00","2021-12-30 10:56:31.870"
"ALB","235.750","3","236.040","2","50","235.62","7bc041a4-cde6-4922-a41d-2651274b282f","2021-12-30 10:56:31.870"
"ALB","236.080","4","236.370","1","50","235.35","10e0f343-f563-4c5b-b1da-8c1c087f4a2c","2021-12-30 10:59:00.309"
"ALB","236.080","2","236.370","1","50","235.35","1b58955e-f1cd-4013-bc60-7c24dd4efd5d","2021-12-30 10:59:00.309"
"ALB","236.010","2","236.310","1","50","235.35","79cb0612-55c1-4f15-85cf-64bae340563f","2021-12-30 10:59:00.309"
"ALB","236.010","2","236.310","2","50","235.35","a3cf54fb-a5b8-4d02-ac0b-d0a1e6e3a5e2","2021-12-30 10:59:00.309"
"ALB","236.010","2","236.310","2","50","235.35","2b56344d-0891-463f-acc8-1bbffb535be6","2021-12-30 10:59:00.309"
"ALB","236.000","2","236.240","4","50","235.35","ec218e59-9c20-4649-8c44-990d4fdc2b21","2021-12-30 10:59:00.309"
"ALB","235.780","1","236.070","3","50","235.35","0f58e9f5-3ef3-49d9-be02-f2655f9e241c","2021-12-30 10:59:00.309"
"ALB","235.800","1","236.110","2","50","235.35","e2b85f48-14df-4222-9ddc-d813c2ffdc60","2021-12-30 10:59:00.309"
"ALB","235.810","1","235.980","1","50","235.35","49c8c622-ddbd-475a-8936-23070627703c","2021-12-30 10:59:00.309"
"ALB","235.010","1","235.280","1","-50","235.28","25a44df8-6bdf-43e5-aa94-69aab1e8dcfe","2021-12-30 10:59:41.591"
"ALB","235.010","1","235.280","1","-50","235.28","558e5a4e-68ba-41c7-bf0a-8b85ac747e35","2021-12-30 10:59:41.591"
"ALB","235.010","1","235.280","1","-50","235.28","d3085fe8-3595-44ec-95f7-855fb23d15c8","2021-12-30 10:59:41.591"
"ALB","235.010","1","235.280","1","-50","235.28","01fff3f7-7f87-4ff3-b614-086387072d13","2021-12-30 10:59:41.591"
"ALB","235.010","1","235.280","1","-50","235.28","7511d62d-2509-403c-a378-b979af62137a","2021-12-30 10:59:41.591"
"ALB","235.010","1","235.280","1","-50","235.28","97ebf3fd-a077-43ac-9b25-55718270533a","2021-12-30 10:59:41.591"
"ALB","234.820","1","235.040","2","-50","235.04","291c534a-199d-4b43-9ae3-2ddcd50b8b3b","2021-12-30 11:02:32.255"
"ALB","235.000","1","235.190","2","-50","235.26","9ffd2a21-99d3-401b-b2da-890c8d1ff451","2021-12-30 11:04:20.567"
"ALB","235.020","3","235.330","2","-50","235.34","469bd965-a4c8-46ae-b737-203ded5cd146","2021-12-30 11:05:06.092"
"ALB","235.020","3","235.330","2","-50","235.34","297ad92b-f3a8-4144-8605-edd58c3302c0","2021-12-30 11:05:06.092"
"ALB","235.020","3","235.330","2","-50","235.34","c0d17392-1e26-4c82-8a48-0858e140ff60","2021-12-30 11:05:06.092"
"ALB","235.380","2","235.570","1","50","235.57","79321c2a-6229-42e4-9766-8e5c00474fa9","2021-12-30 11:09:00.006"
"ALB","235.380","1","235.570","1","-50","235.68","b7e47274-9f98-47ef-ae09-e148f464bf3a","2021-12-30 11:10:12.071"
"ALB","235.620","2","235.840","1","50","235.60","5de8c94c-3e82-435d-8a45-fba0172b1dc4","2021-12-30 11:20:39.354"
"ALB","235.880","2","235.960","1","50","235.60","16a85ba1-9123-4f05-ac0e-0ca3a9fe6806","2021-12-30 11:20:39.354"
"ALB","235.750","3","236.000","2","50","235.39","85b1f163-07f8-4632-a888-048b48164671","2021-12-30 11:22:03.825"
"ALB","235.750","3","236.000","2","50","235.39","0e3ffd65-020b-4cb6-82e3-07e0f86fd8d1","2021-12-30 11:22:03.825"
"ALB","235.750","3","235.950","1","50","235.39","72ad07cf-55c7-4bcb-a4b8-2b7bc40683b1","2021-12-30 11:22:03.825"
"ALB","235.750","3","235.950","1","50","235.39","c5a6b08f-56d1-4faa-8f99-fedb65a50b3e","2021-12-30 11:22:03.825"
"ALB","235.490","1","235.740","1","-50","235.76","1065b4c5-6925-41a2-bec4-c3bc0dc23f3d","2021-12-30 11:23:55.974"
"ALB","235.520","2","235.740","1","-50","235.76","70caf1ec-d091-40a1-ae37-9d089189e6c4","2021-12-30 11:23:55.974"
"ALB","235.410","1","235.600","2","-50","235.69","cb8fab57-9b7f-4d40-9522-609378c819d6","2021-12-30 11:24:45.700"
"ALB","235.540","8","235.830","2","-50","235.83","27dbbde7-8235-41c4-9963-8ab5b1a66e70","2021-12-30 11:27:11.966"
"ALB","235.760","1","235.880","1","-50","235.88","eb99c874-447b-4ec8-bf47-82b10c946c3b","2021-12-30 11:27:24.536"
"ALB","235.710","1","235.930","2","-50","235.93","0ee0ac7f-6ab3-4119-9f25-d43744fb7687","2021-12-30 11:28:40.406"
"ALB","236.690","6","236.930","2","50","236.58","48b299bb-09ef-4292-b004-5653b1d7145c","2021-12-30 12:21:29.543"
"ALB","236.690","6","236.910","2","50","236.58","88c1beb5-2a2b-418a-9317-3fe470f85cee","2021-12-30 12:21:29.543"
"ALB","236.690","6","236.890","1","50","236.58","f39b2e29-6a06-4d61-a040-bbe1994b3533","2021-12-30 12:21:29.543"
"ALB","236.690","6","236.890","2","50","236.58","9bedcbc3-11e5-493e-83b9-2644a89f5bdf","2021-12-30 12:21:29.543"
"ALB","236.670","5","236.910","2","-50","236.91","b22ff6e7-c020-48d1-8aae-c54a04657ceb","2021-12-30 12:23:55.572"
"ALB","236.670","5","236.910","2","-50","236.91","ba3faa2b-f085-4fe4-ab4a-cf6320ea883c","2021-12-30 12:23:55.572"
"ALB","236.670","5","236.910","2","-50","236.91","f264982a-1143-414f-ad08-6420700f0335","2021-12-30 12:24:00.033"
"ALB","236.670","2","236.830","2","-50","236.83","29e9bdbc-b178-45be-8c7d-80b8060193c0","2021-12-30 12:26:57.488"
"ALB","236.800","2","236.990","1","50","236.82","5d5c917e-d66b-43aa-91a5-7f2379021db2","2021-12-30 12:38:29.424"
"ALB","236.750","1","237.040","3","50","236.82","2f58328b-fc6a-4b5e-9070-18a097741e54","2021-12-30 12:38:29.424"
"ALB","236.710","1","236.960","1","-50","236.96","3933ef32-dcc3-4d15-8ccf-e79033422943","2021-12-30 12:40:42.079"
"ALB","237.020","1","237.250","2","50","236.68","611e80f9-7414-4ba1-ba4f-844307c54a43","2021-12-30 12:42:50.269"
"ALB","236.960","1","237.250","2","50","236.68","da5dcc6a-d76b-4b15-b4c7-44a6bc93e06a","2021-12-30 12:42:50.269"
"ALB","236.960","2","237.250","2","50","236.68","72b28df5-e349-4f9c-94d1-7f611bb46639","2021-12-30 12:42:50.269"
"ALB","236.960","2","237.250","2","50","236.68","82d1d6e8-5a0e-49b8-9a3b-3cfb9adb0b0b","2021-12-30 12:42:50.269"
"ALB","236.960","2","237.250","2","50","236.68","a5bca889-264e-4055-bb43-865231ee807e","2021-12-30 12:42:50.269"
"ALB","236.760","1","236.940","1","-50","236.94","5247bb76-f92a-4359-a7f2-01b9ad4e343d","2021-12-30 12:44:41.360"
"ALB","236.760","1","236.940","1","-50","236.94","7ed37919-a4bb-4e03-bb95-5b239dc7a583","2021-12-30 12:44:41.360"
"ALB","236.760","1","236.940","1","-50","236.94","c56423e7-0c4b-4c6b-98ea-4bccb926b126","2021-12-30 12:44:41.360"
"ALB","236.900","2","237.010","1","-50","237.01","0cc36cf1-9467-40b3-8be8-942da953fb32","2021-12-30 12:45:15.041"
"ALB","236.710","2","236.990","1","-50","236.99","49c5d2ec-fd76-46b4-b57a-fd8b17125d03","2021-12-30 12:50:55.450"
"ALB","236.910","1","237.010","1","-50","237.01","2e9de85c-34bc-4a1c-8873-4187a7049dc3","2021-12-30 12:50:55.455"
"ALB","236.890","1","237.050","2","50","236.77","e262fb30-1d12-4188-9eb0-994967f06e4f","2021-12-30 12:53:57.211"
"ALB","236.950","2","237.050","2","50","236.77","ebb4b5df-0b8e-41b4-b34a-fd8c42d808fb","2021-12-30 12:53:57.211"
"ALB","236.960","2","237.140","1","50","236.77","aba0a58c-520b-4d77-9999-c41402271b7f","2021-12-30 12:53:57.211"
"ALB","236.890","4","237.000","1","50","236.77","42703151-4f30-48de-a387-66f487bb9ee5","2021-12-30 12:53:57.211"
"ALB","236.890","3","237.050","2","50","236.65","e467d0d6-a699-4581-adb0-856b94914f0a","2021-12-30 12:56:12.823"
"ALB","236.890","3","237.050","2","50","236.65","598a5682-838d-4daa-a2a7-6a09c7104f9b","2021-12-30 12:56:12.823"
"ALB","236.890","1","237.050","2","50","236.65","d81113cd-fc10-4e94-bebb-77b7eb3704a3","2021-12-30 12:56:12.823"
"ALB","236.970","1","237.250","1","50","236.38","d1ce4793-5fb1-48a2-854a-6dcc8c686ec0","2021-12-30 13:10:11.526"
"ALB","236.920","4","237.140","1","50","236.38","a43483a4-b0bb-4f2c-900f-e0ca8dff892d","2021-12-30 13:10:11.526"
"ALB","236.930","1","237.130","1","50","236.38","59f817ed-7dcb-4d28-90ae-6a6d449a684a","2021-12-30 13:10:11.526"
"ALB","236.920","3","237.130","1","50","236.38","9ecb76c3-48d7-42ba-80a4-829f72c0ef70","2021-12-30 13:10:11.526"
"ALB","236.720","2","236.970","4","50","236.38","30a8fcd2-7d54-4841-81eb-3dc94037714d","2021-12-30 13:10:11.526"
"ALB","236.720","2","236.970","4","50","236.38","46d1299e-1d7e-4925-8f7b-547fa17a9ce6","2021-12-30 13:10:11.526"
"ALB","236.720","2","236.950","1","50","236.38","0755b3e7-bd45-4e2a-9c12-de7d64b080ec","2021-12-30 13:10:11.526"
"ALB","236.450","3","236.650","1","-50","236.65","69b2f66d-0eb8-4fcf-8c6b-89031d5edf21","2021-12-30 13:11:55.373"
"ALB","236.450","3","236.650","1","-50","236.65","be4fbe24-25ad-4c97-afb4-02a59d5dd156","2021-12-30 13:11:55.373"
"ALB","236.450","3","236.650","1","-50","236.65","0be6fb8e-0290-4e63-ada0-b76f1a4e6208","2021-12-30 13:11:55.373"
"ALB","236.450","3","236.650","1","-50","236.65","52fd7a1b-4cea-4d32-be64-604817617c3d","2021-12-30 13:11:55.373"
"ALB","236.450","3","236.650","1","-50","236.65","cb6c3579-c0d8-4d6e-ad8b-376223b845ed","2021-12-30 13:11:55.373"
"ALB","236.450","3","236.650","1","-50","236.65","d0497392-e4f0-406b-9fcc-d7c374ebebe2","2021-12-30 13:11:55.373"
"ALB","236.450","3","236.650","1","-50","236.65","7a5c3dc6-71a3-42fc-97bc-267ccbb292ad","2021-12-30 13:11:55.373"
"ALB","236.450","2","236.650","1","-50","236.65","ca17dbfe-8c26-4a6f-b988-1ec7696e858a","2021-12-30 13:11:55.373"
"ALB","236.450","2","236.650","1","-50","236.65","1ef79555-9b2c-4290-a76a-9b6c0dd5c2ed","2021-12-30 13:11:55.373"
"ALB","236.450","2","236.650","1","-50","236.65","bb7f281b-197e-4c68-8457-87f5a6d1d4b5","2021-12-30 13:11:55.373"
"ALB","236.450","2","236.650","1","-50","236.65","a567eb0b-343e-4155-9f39-839264a80788","2021-12-30 13:11:55.373"
"ALB","236.450","2","236.650","1","-50","236.65","fb2bec8b-9a3f-4612-93b8-71a42465b5db","2021-12-30 13:11:55.373"
"ALB","236.450","2","236.650","1","-50","236.65","9bf72832-1cab-4d2a-acfb-ba0f5f54ed56","2021-12-30 13:11:55.373"
"ALB","236.450","3","236.650","1","-50","236.65","b0618633-94cf-415c-91a9-ea126a46cdc1","2021-12-30 13:11:55.373"
"ALB","236.310","2","236.430","1","50","236.43","460abe9b-fe12-43dd-a65a-7f983b4910ac","2021-12-30 13:21:30.006"
"ALB","235.780","3","235.890","1","-50","235.89","7b4ff9f2-5703-4a76-a68b-e36945eb5543","2021-12-30 13:36:26.726"
"ALB","235.280","2","235.410","2","50","235.41","8ed52ff1-4aeb-4b72-bdd5-86ebf474bd9f","2021-12-30 13:55:10.006"
"ALB","234.890","1","235.090","2","-50","235.11","00339a85-e658-4864-86e9-83782dcfa896","2021-12-30 14:02:04.828"
"ALB","235.100","1","235.250","1","51","235.03","04505cf3-d3db-4c05-a73a-13429a638056","2021-12-30 14:10:32.239"
"ALB","235.100","1","235.250","1","51","235.03","e7223e91-3f4c-4c87-90f2-d4daaed37db0","2021-12-30 14:10:32.239"
"ALB","235.070","1","235.250","2","51","235.03","e2f71d57-ece1-4401-bb6b-e9e4b45e0663","2021-12-30 14:10:32.239"
"ALB","234.620","1","234.800","1","-51","234.80","b0c9801d-b820-4a2a-adea-c9092757709a","2021-12-30 14:12:52.888"
"ALB","234.630","1","234.800","1","-51","234.80","55dd21f8-4edd-424a-9eac-cd81c4a33139","2021-12-30 14:12:52.888"
"ALB","234.630","1","234.800","2","-51","234.80","3aa38786-d764-41a2-a8d7-59a90a6dcafe","2021-12-30 14:14:04.014"
"ALB","234.840","1","235.030","1","51","234.93","d6e0f645-111a-42ab-9d60-03c458ed7181","2021-12-30 14:18:41.234"
"ALB","234.840","1","235.030","1","51","234.93","79d42eb7-7f12-4f4d-ad4a-76c165f43884","2021-12-30 14:18:41.234"
"ALB","235.110","1","235.270","1","-51","235.27","034fc39a-0220-436c-8604-de4195c5f7a2","2021-12-30 14:22:38.784"
"ALB","235.110","1","235.270","2","-51","235.27","ef6ebf70-0669-42c2-9872-de8747af4cf0","2021-12-30 14:25:24.044"
"ALB","235.950","3","236.130","1","50","235.56","5abed049-bcdd-4b78-8326-228561b037e5","2021-12-30 15:07:55.641"
"ALB","235.950","2","236.090","1","50","235.56","fbe3f8a3-8fec-42f6-9e05-6f775f786624","2021-12-30 15:07:55.641"
"ALB","235.920","2","236.030","1","50","235.56","2b1df3e6-c784-4fc3-8dcf-1d7790cce5d6","2021-12-30 15:07:55.641"
"ALB","235.810","2","236.010","1","50","235.56","0c3aea92-eba3-43af-8584-0a58fec609cc","2021-12-30 15:07:55.641"
"ALB","236.000","1","236.100","1","50","235.56","5a9c534f-2e0d-40c8-9152-d9c808dfad97","2021-12-30 15:07:55.641"
"ALB","236.000","1","236.100","1","50","235.56","b9e8f84c-ee49-4760-a8ec-3c910ff45c80","2021-12-30 15:07:55.641"
"ALB","236.000","1","236.100","1","50","235.56","ab6bea5e-e3bd-43b1-92ca-2c8cb2a183e5","2021-12-30 15:07:55.641"
"ALB","236.000","1","236.100","1","50","235.56","854d20f5-bab4-409b-93f6-ca94d1933f67","2021-12-30 15:07:55.641"
"ALB","235.800","2","235.980","1","50","235.56","f8f0f5f4-50ae-41aa-bf79-1c7f92458ba3","2021-12-30 15:07:55.641"
"ALB","235.800","2","235.920","1","50","235.56","9f6f30f4-e5a7-40b7-9a3f-2999889bb0be","2021-12-30 15:07:55.641"
"ALB","235.630","1","235.840","1","50","235.56","217f9b54-1a26-457a-a0f9-c08b690d95b8","2021-12-30 15:07:55.641"
"ALB","235.590","2","235.670","1","-50","235.74","8e291698-adbe-42e3-88c4-df61f1bee45b","2021-12-30 15:08:57.481"
"ALB","235.590","2","235.670","1","-50","235.74","3ece72ff-0043-490c-8738-624d3462e9df","2021-12-30 15:08:57.481"
"ALB","235.590","2","235.670","1","-50","235.74","14953e30-08a3-4863-b057-095d9afd368c","2021-12-30 15:08:57.481"
"ALB","235.590","2","235.670","1","-50","235.74","d82689e7-3f81-49ba-91f4-b2d2387d75d3","2021-12-30 15:08:57.481"
"ALB","235.590","2","235.670","1","-50","235.74","ef6d5d1f-ab6d-4a0e-8a04-e077b9b6b6ec","2021-12-30 15:08:57.481"
"ALB","235.590","2","235.670","1","-50","235.74","417a2850-1a2b-4efb-ac2e-fc6738b71666","2021-12-30 15:08:57.481"
"ALB","235.550","1","235.650","1","-50","235.66","8004da6c-3dce-45a9-a8c4-f257f308e8a4","2021-12-30 15:09:44.363"
"ALB","235.550","1","235.650","1","-50","235.66","46ed7d59-0cdc-489b-b0ed-1647d009e394","2021-12-30 15:09:44.363"
"ALB","235.600","1","235.720","1","-50","235.74","8bc3b57e-aec5-4abe-aed4-c9a104873420","2021-12-30 15:10:11.077"
"ALB","235.600","1","235.720","1","-50","235.74","b90395bb-3b45-4d0e-9981-16938eafd11e","2021-12-30 15:10:11.077"
"ALB","235.610","1","235.740","2","-50","235.74","c1e3730c-e6d1-449f-9324-d49d1a3f6773","2021-12-30 15:10:11.077"
"ALB","235.290","1","235.490","2","50","235.49","fc9d8493-8052-4ac2-82bb-a70532789946","2021-12-30 15:24:00.006"
"ALB","235.290","1","235.450","2","-50","235.45","a78b6009-90af-425f-b749-abbe43df7e8e","2021-12-30 15:26:34.740"
"ALB","235.150","1","235.320","3","50","235.32","c239d68b-2a04-41d8-ab54-0ab114c0c3e9","2021-12-30 15:28:40.006"
"ALB","235.190","1","235.370","3","-50","235.19","99e64574-9fdb-4f58-9974-6fdf38a55644","2021-12-30 15:48:00.006"
"ALC","88.300","8","88.380","1","135","88.30","3fbeddd3-4f73-4aaf-8ae2-47c21a331e64","2021-12-30 09:54:39.685"
"ALC","88.240","8","88.290","3","-135","88.29","d2bd1e96-9a82-40ea-9a0c-4d2e23e31df4","2021-12-30 10:03:31.857"
"ALC","88.320","10","88.400","8","135","88.34","7a721998-7bdf-4c3b-b913-97439b1d8ea4","2021-12-30 10:06:00.719"
"ALC","88.320","10","88.400","8","135","88.34","c71a17a8-c8d8-4607-ba28-f292a7ba3444","2021-12-30 10:06:00.719"
"ALC","88.320","9","88.400","7","135","88.24","a847c8b3-cfad-4080-b119-18fb1667dad5","2021-12-30 10:09:00.129"
"ALC","88.180","8","88.240","1","-135","88.24","227fc789-953a-4c6b-80c0-423ccf26f005","2021-12-30 10:14:59.650"
"ALC","88.180","7","88.240","1","-135","88.24","ba000b31-140c-4c37-8ffd-8130c74bc7dc","2021-12-30 10:16:39.877"
"ALC","88.180","7","88.240","1","-135","88.24","bfa00409-6a68-44a8-b549-d89ab538e5de","2021-12-30 10:16:39.877"
"ALC","88.220","7","88.260","1","136","88.18","d95f137a-362a-4b86-9c5d-90eaed4e627a","2021-12-30 10:36:08.783"
"ALC","88.220","7","88.260","1","136","88.18","65bcd0af-edab-4dd9-b88d-1f588b640f7a","2021-12-30 10:36:08.783"
"ALC","88.220","7","88.260","1","136","88.18","cb963166-4d40-4369-afbb-ceae48fe19d6","2021-12-30 10:36:08.783"
"ALC","88.220","7","88.280","1","136","88.18","e58af506-1384-4fa1-9685-198cf0631e34","2021-12-30 10:36:08.783"
"ALC","88.220","7","88.280","1","136","88.18","5d3792fe-1c0f-44ae-ad66-05a06526687e","2021-12-30 10:36:08.783"
"ALC","88.220","7","88.280","1","136","88.18","c35deb1f-5c85-4a70-8bd5-34dc487d3d06","2021-12-30 10:36:08.783"
"ALC","88.220","7","88.280","1","136","88.18","1c9d5ea7-4fa6-4d61-a5be-c775a2eef7c4","2021-12-30 10:36:08.783"
"ALC","88.220","8","88.280","1","136","88.18","25817b30-0856-4b72-aee5-e3b81f316cb4","2021-12-30 10:36:08.783"
"ALC","88.220","8","88.280","1","136","88.18","a0e344e9-8959-4205-8896-8ad1b6512884","2021-12-30 10:36:08.783"
"ALC","88.200","7","88.250","2","-136","88.25","4b88b5c4-8afa-48a3-a382-08874c34232d","2021-12-30 10:38:11.766"
"ALC","88.200","7","88.250","2","-136","88.25","9464b0b2-aa04-45e8-a9cb-9fd656dcc9f6","2021-12-30 10:38:11.766"
"ALC","88.200","7","88.250","2","-136","88.25","47a4254d-33d6-4073-bf33-eb71d01e9091","2021-12-30 10:38:11.766"
"ALC","88.260","10","88.320","2","-136","88.32","a4b61ba9-2ba5-4cc1-af84-550ee51ed4ea","2021-12-30 10:42:08.815"
"ALC","88.260","10","88.320","2","-136","88.32","1f9e10d1-2c99-4c1b-8672-c1d1a97029c0","2021-12-30 10:42:08.815"
"ALC","88.240","7","88.280","1","-136","88.28","094f88ba-9592-4c75-9c1d-ea74af93be30","2021-12-30 10:45:11.799"
"ALC","88.240","7","88.280","1","-136","88.28","7fc73d29-8c54-4a45-81f6-4cfd0e703de1","2021-12-30 10:45:11.799"
"ALC","88.240","7","88.300","1","-136","88.30","cee1a9e2-03e1-498a-bb36-9afbc8b3190c","2021-12-30 10:46:34.626"
"ALC","88.240","7","88.300","1","-136","88.30","b96166e1-e0c0-41e5-be9b-16d9458c2985","2021-12-30 10:46:56.122"
"ALC","88.220","9","88.270","2","136","88.16","d4d7cd55-7c42-4580-9b21-3b5e352dc89f","2021-12-30 10:49:16.082"
"ALC","88.200","7","88.270","4","136","88.16","bf532912-51e0-4ff5-a68d-812c3922ad37","2021-12-30 10:49:16.082"
"ALC","88.200","1","88.260","7","136","88.16","20034a6a-c121-4087-a86a-d300d749f436","2021-12-30 10:49:16.082"
"ALC","88.200","1","88.260","7","136","88.16","38c25929-c7c7-4efb-a2c4-42986afc05bc","2021-12-30 10:49:16.082"
"ALC","88.200","1","88.260","7","136","88.16","26c6c516-e811-4eb1-9f67-eda2df91d8f7","2021-12-30 10:49:16.082"
"ALC","88.200","7","88.240","2","136","88.16","270a9f13-1a1c-4734-8478-d9a14a23e151","2021-12-30 10:49:16.082"
"ALC","88.130","1","88.170","3","-136","88.17","05bfd7ea-9353-41d8-b79b-7624a265a7dd","2021-12-30 10:50:24.723"
"ALC","88.180","7","88.200","2","-136","88.20","fe6202d7-d5c4-43ef-9085-535778d69d83","2021-12-30 10:51:18.628"
"ALC","88.200","7","88.210","1","-136","88.21","d24a5b7e-3d14-48ac-bf62-bc7925563449","2021-12-30 10:51:27.616"
"ALC","88.200","7","88.210","1","-136","88.21","61485b62-bfde-4758-a258-0750b119a27c","2021-12-30 10:51:27.616"
"ALC","88.200","7","88.250","1","-136","88.25","676634f0-60f7-41c3-9d46-37e00f4b665b","2021-12-30 10:51:38.378"
"ALC","88.260","7","88.290","1","-136","88.29","5f699db5-4a46-486d-a0c8-edb0c913241b","2021-12-30 10:51:40.332"
"ALC","88.360","8","88.420","1","135","88.24","d2eb8fe4-da19-4838-a0b5-d121c2ad202e","2021-12-30 11:12:14.287"
"ALC","88.360","8","88.420","1","135","88.24","5c32d46a-a3be-47ef-ab81-3b71a37f9309","2021-12-30 11:12:14.287"
"ALC","88.360","7","88.390","2","136","88.24","1b027e29-9ba7-4e2b-b17a-65ec57b1ecae","2021-12-30 11:12:14.287"
"ALC","88.360","7","88.390","2","135","88.24","117ad7bb-3b64-4fd2-978f-0908724c0a97","2021-12-30 11:12:14.287"
"ALC","88.360","7","88.400","1","135","88.24","d837705b-f716-4468-8413-a5d82cd6051a","2021-12-30 11:12:14.287"
"ALC","88.330","2","88.400","7","135","88.24","7f1e319d-edf8-4c72-b877-2b49e273bb51","2021-12-30 11:12:14.287"
"ALC","88.340","7","88.400","2","135","88.24","9297c9a2-463c-46d5-a98e-21087e1d06a3","2021-12-30 11:12:14.287"
"ALC","88.340","7","88.400","2","136","88.23","80dfbc8b-a670-47d7-b6a0-f680cf87ed09","2021-12-30 11:12:58.723"
"ALC","88.340","7","88.400","2","136","88.23","ec4c6618-afae-4cf4-a2b8-8ff9e0d26840","2021-12-30 11:12:58.723"
"ALC","88.340","7","88.400","2","136","88.22","98a79a50-e1a7-4dd7-b44d-189dd03fddea","2021-12-30 11:14:07.824"
"ALC","88.220","7","88.280","3","-135","88.28","89d1165d-5cd5-4c1c-b488-014d22c962ef","2021-12-30 11:16:15.957"
"ALC","88.220","7","88.280","3","-135","88.28","bd14c153-e23a-4401-bc0f-9b0c9f48863b","2021-12-30 11:16:15.957"
"ALC","88.220","7","88.280","3","-136","88.28","b11e8c23-e2f0-46b2-a933-21265d60ce8d","2021-12-30 11:16:15.957"
"ALC","88.220","7","88.280","3","-136","88.28","60b8491e-9cf4-439e-80e6-f8af1ea71851","2021-12-30 11:16:15.957"
"ALC","88.220","7","88.280","3","-135","88.28","32d129f8-ff14-4425-b51d-c124a9c13673","2021-12-30 11:16:15.957"
"ALC","88.220","7","88.280","3","-135","88.28","24145b85-ca24-4fea-8f09-00c6446c1327","2021-12-30 11:16:15.957"
"ALC","88.220","7","88.280","3","-136","88.28","6a740a81-c25b-4062-a7fa-d4c642f0ab8f","2021-12-30 11:16:15.957"
"ALC","88.220","7","88.280","3","-136","88.28","36273141-43a2-40dc-8f99-36b93ef26772","2021-12-30 11:16:15.957"
"ALC","88.220","9","88.280","3","-135","88.28","10298539-b894-4821-a05c-59f0f13f6dd5","2021-12-30 11:16:15.957"
"ALC","88.220","9","88.280","3","-135","88.28","610bc998-c34c-4f49-93c2-3a20e5fe54e6","2021-12-30 11:16:15.957"
"ALC","88.260","7","88.290","1","135","88.29","61523abf-fce6-40d4-af8e-4862167561cd","2021-12-30 11:17:30.006"
"ALC","88.280","8","88.310","1","136","88.20","1c018ec1-a9df-405d-ad63-5fe84b806917","2021-12-30 11:18:22.993"
"ALC","88.280","9","88.310","3","136","88.20","5381480b-0412-4c20-88a0-6de129983c74","2021-12-30 11:18:22.993"
"ALC","88.280","9","88.310","3","136","88.20","89ea0638-e7f0-412c-8a60-7cb13fa5087a","2021-12-30 11:18:22.993"
"ALC","88.360","3","88.400","1","136","88.20","24d2d81e-0ff7-4d1f-b906-f6590771e1f8","2021-12-30 11:18:22.993"
"ALC","88.360","9","88.420","1","136","88.20","da22e233-da61-489d-aa8f-6b2d15370ae3","2021-12-30 11:18:22.993"
"ALC","88.360","9","88.420","1","136","88.20","6f2bd552-bb2f-4360-8e8d-88dc3713a02d","2021-12-30 11:18:22.993"
"ALC","88.360","9","88.420","1","136","88.20","02bd756e-8438-40a8-a504-2fa9420feb43","2021-12-30 11:18:22.993"
"ALC","88.400","9","88.440","2","136","88.20","b32af30f-fc9e-4262-9f99-317b664af88c","2021-12-30 11:18:22.993"
"ALC","88.200","1","88.250","3","-136","88.25","e3c306b9-4824-427f-83e8-2abde8983b28","2021-12-30 11:19:40.095"
"ALC","88.200","1","88.250","3","-135","88.25","a612f595-b14b-4ffa-ba61-0d79a2a55254","2021-12-30 11:19:40.095"
"ALC","88.200","1","88.250","3","-136","88.25","ce081a66-5b0e-40dd-a7b0-407fe71c0791","2021-12-30 11:19:40.095"
"ALC","88.200","1","88.250","3","-136","88.25","5e8edcef-bb13-4a17-afe2-97cd76845796","2021-12-30 11:19:40.095"
"ALC","88.200","1","88.250","3","-136","88.25","74046e9e-6a21-49bf-877d-a768af497b1d","2021-12-30 11:19:40.095"
"ALC","88.200","8","88.250","3","-136","88.25","e0f1e715-033a-4985-9b28-9f83cb57ffea","2021-12-30 11:19:40.095"
"ALC","88.200","8","88.250","3","-136","88.25","58c13576-a756-4d7b-a2e9-e247d411762a","2021-12-30 11:19:40.095"
"ALC","88.180","7","88.200","2","-136","88.20","9ab46c6e-ebae-4979-a1f7-2f0d8e62418d","2021-12-30 11:28:49.474"
"ALC","88.180","7","88.230","1","-136","88.23","91772421-7b19-4a42-8dee-6933c5c1f69d","2021-12-30 11:29:11.912"
"ALC","88.260","1","88.330","1","136","88.19","6b831c22-9721-4d07-84d9-a054e8310993","2021-12-30 11:31:55.305"
"ALC","88.360","8","88.400","2","136","88.14","87314a62-bb31-4c7a-ab16-f02d858a4770","2021-12-30 11:33:30.273"
"ALC","88.140","5","88.230","1","-136","88.23","881979d4-a0bb-4a85-9195-db10950b4c7b","2021-12-30 11:36:50.651"
"ALC","88.140","5","88.230","1","-136","88.23","6f741228-edd8-47bf-8f76-73de37bf9b89","2021-12-30 11:36:50.651"
"ALC","88.230","7","88.280","1","136","88.10","36e0a5d4-ba56-4896-be37-0cc43d01fe3f","2021-12-30 11:39:02.172"
"ALC","88.230","7","88.280","1","136","88.10","3be9c04a-02ef-4058-a98b-9d995a89c5c5","2021-12-30 11:39:02.172"
"ALC","88.070","2","88.130","3","-136","88.13","e9c9dbb9-15f3-4a5c-95b8-0b1756b68892","2021-12-30 11:41:54.945"
"ALC","88.240","7","88.300","8","136","88.07","9508ce75-560e-4437-b4cc-31a0d48708a4","2021-12-30 11:44:22.404"
"ALC","88.000","3","88.020","1","-136","88.02","b78cc795-9887-4b8c-9b42-7083b2fac4b8","2021-12-30 11:49:22.011"
"ALC","88.000","3","88.030","2","-136","88.03","1b6efb52-7fca-4bbb-8708-e0bf0abc4e3f","2021-12-30 11:49:35.690"
"ALC","88.070","2","88.160","3","136","88.02","216e05fd-b3c6-4384-9f4f-861276983024","2021-12-30 12:05:35.708"
"ALC","88.070","1","88.130","2","136","88.02","6f897cbf-9c9e-4df3-ab8f-9df83609736b","2021-12-30 12:05:35.708"
"ALC","88.060","3","88.130","3","136","88.02","cdb66e09-2be9-4435-9104-29e741e55335","2021-12-30 12:05:35.708"
"ALC","88.060","3","88.130","3","136","88.02","610c12ce-43df-4c2c-aa1a-edc94c8a5ec9","2021-12-30 12:05:35.708"
"ALC","87.920","1","88.000","3","-136","88.00","d0a8c97f-422c-4a8f-908b-54652ed27d01","2021-12-30 12:11:03.518"
"ALC","87.920","1","88.000","3","-136","88.00","d76960de-8281-4646-a161-6c4986614a9b","2021-12-30 12:11:03.518"
"ALC","87.920","1","88.000","3","-136","88.00","e68f1060-2eba-480a-94a4-32d8355ad931","2021-12-30 12:11:03.518"
"ALC","87.920","3","87.990","3","-136","87.99","e4e86956-7d1f-4114-b1c3-f1b216c5fe86","2021-12-30 12:16:54.894"
"ALC","88.020","3","88.080","2","136","87.99","b91d95e5-f2d8-4f7b-a09c-6937f83a64b9","2021-12-30 12:24:03.140"
"ALC","87.970","7","88.010","1","-136","88.01","d0c6ede3-e251-4839-b307-b03d39bf4d34","2021-12-30 12:25:27.845"
"ALC","88.210","1","88.260","1","136","88.23","ff93a4fa-f5d8-4198-bb15-c5987abac315","2021-12-30 13:09:20.466"
"ALC","88.150","2","88.220","3","-136","88.22","b56a92db-76db-4ca3-8bbf-d1ca29086d57","2021-12-30 13:14:38.079"
"ALC","88.180","1","88.230","1","136","88.13","ee1d9371-e54d-4fd3-8f55-5319ceb48a58","2021-12-30 13:30:04.883"
"ALC","88.180","1","88.230","1","136","88.13","097a8b68-a60c-4541-b47f-82c27ff53d7a","2021-12-30 13:30:04.883"
"ALC","88.180","1","88.230","1","136","88.13","b6c780be-565d-4b12-895d-f415f46627ed","2021-12-30 13:30:04.883"
"ALC","88.180","1","88.230","1","136","88.13","d663548f-6704-44d0-aacb-60446c8e5db7","2021-12-30 13:30:04.883"
"ALC","88.180","1","88.230","1","136","88.13","375e9c93-1159-4595-8197-faf3c45013ec","2021-12-30 13:30:04.883"
"ALC","88.070","1","88.120","1","-136","88.12","93ee9610-dfe1-4bb9-9f1b-8a40b32e4e17","2021-12-30 13:40:28.679"
"ALC","88.070","1","88.120","1","-136","88.12","f4d8244d-cbc4-4242-9823-1ad2d08d6955","2021-12-30 13:40:28.679"
"ALC","88.070","1","88.120","1","-136","88.12","7cf3b5bc-0ad6-45db-a9aa-1161ddeea940","2021-12-30 13:40:28.679"
"ALC","88.070","1","88.120","1","-136","88.12","c11beac6-fa6a-47b5-b69c-194d3764aa92","2021-12-30 13:40:28.679"
"ALC","88.070","1","88.120","1","-136","88.12","c728a974-c617-4a12-b390-15c35dece540","2021-12-30 13:40:28.679"
"ALC","88.210","16","88.290","4","135","88.29","07669937-7bf3-4f3a-83c4-0d126c450551","2021-12-30 14:15:30.006"
"ALC","88.230","3","88.290","3","-135","88.29","f1d7d219-2953-4c10-9063-b4048894712e","2021-12-30 14:18:18.897"
"ALC","88.220","1","88.260","1","136","88.22","50d73308-7212-44fd-a4e2-a208d172d976","2021-12-30 14:28:16.201"
"ALC","88.220","1","88.260","1","136","88.22","2521c077-89f2-46b4-9eb6-6bf2610f27ed","2021-12-30 14:28:16.201"
"ALC","88.220","1","88.260","1","136","88.22","41f20354-b568-48ba-9500-637952dd74ee","2021-12-30 14:28:16.201"
"ALC","88.220","1","88.260","1","136","88.22","f5421cbb-8f28-4ccf-b710-faf94ad4085f","2021-12-30 14:28:16.201"
"ALC","88.220","1","88.260","1","136","88.22","0bacf8a5-ed31-4bf4-9e76-100112be757a","2021-12-30 14:28:16.201"
"ALC","88.240","1","88.270","1","-136","88.27","866c27e0-bd76-472e-b91f-3ad81dcbd91a","2021-12-30 14:30:15.500"
"ALC","88.240","1","88.270","1","-136","88.27","7939c2b7-29d8-4b2e-8ae6-405d227b0606","2021-12-30 14:30:15.500"
"ALC","88.250","4","88.280","2","-136","88.28","5d2941c9-582c-4574-9c81-e2b0c1480cc6","2021-12-30 14:31:31.379"
"ALC","88.250","4","88.280","2","-136","88.28","914e3903-944c-464b-8739-4b3be73c7a35","2021-12-30 14:31:31.379"
"ALC","88.250","4","88.280","2","-136","88.28","054d2a31-cabf-4531-85f0-1002ab7a0ee7","2021-12-30 14:31:31.379"
"ALC","88.480","1","88.530","3","135","88.36","6eb20c52-c5ae-4abd-b066-03bbc226fa06","2021-12-30 15:07:12.830"
"ALC","88.390","3","88.440","1","135","88.36","62193b50-1d33-4c69-a3a7-f7a19a607373","2021-12-30 15:07:12.830"
"ALC","88.390","3","88.440","1","135","88.36","7d45a310-a914-44cf-a6c5-d156a08772b8","2021-12-30 15:07:12.830"
"ALC","88.390","3","88.440","1","135","88.36","ac65ebaa-5ec6-4af4-8415-ec9d6d0a3fad","2021-12-30 15:07:12.830"
"ALC","88.390","3","88.450","2","135","88.36","d39b7834-3455-4d53-bad7-84df063d123e","2021-12-30 15:07:12.830"
"ALC","88.390","3","88.450","2","135","88.36","15a4f62a-1eec-4c4c-af41-f6c3f2615985","2021-12-30 15:07:12.830"
"ALC","88.390","3","88.450","2","135","88.36","6e478fd7-b0e6-4cc3-a683-6b464d1887fa","2021-12-30 15:07:12.830"
"ALC","88.390","3","88.450","2","135","88.36","4468fad8-7181-4c5b-ad2d-8dfab8bed282","2021-12-30 15:07:12.830"
"ALC","88.480","1","88.530","3","135","88.35","b5296cb5-8d26-4261-a83b-f849614f6b41","2021-12-30 15:07:56.329"
"ALC","88.480","1","88.530","3","135","88.35","6702251e-625d-4fce-90b3-8e6ac3cdfe46","2021-12-30 15:07:56.329"
"ALC","88.480","1","88.530","3","135","88.35","b45339fb-e2c5-478b-a124-fe804496ba6a","2021-12-30 15:07:56.329"
"ALC","88.480","1","88.530","3","135","88.35","103488ec-cd38-4813-b8bc-cda0a0df1cd5","2021-12-30 15:07:56.329"
"ALC","88.480","1","88.530","3","135","88.35","842e1a3d-dab8-4b16-a96c-66e282445908","2021-12-30 15:07:56.329"
"ALC","88.340","3","88.380","2","-135","88.38","ee7235b7-5544-46e1-9c13-df55cff8c402","2021-12-30 15:09:15.395"
"ALC","88.340","3","88.380","2","-135","88.38","f81f00cc-064e-4453-a0b8-d96a1bf346de","2021-12-30 15:09:15.395"
"ALC","88.340","3","88.380","2","-135","88.38","f63fca7f-b819-42a6-9076-0a81092864bd","2021-12-30 15:09:15.395"
"ALC","88.360","2","88.390","1","-135","88.39","f435d126-4d7c-48b8-b980-115a60ddd514","2021-12-30 15:10:52.053"
"ALC","88.360","2","88.390","1","-135","88.39","ecfa70e1-48c9-4aeb-a9fb-8995130ee988","2021-12-30 15:10:52.053"
"ALC","88.360","2","88.390","1","-135","88.39","3813e306-61da-4ed4-921a-b773c8bdb49d","2021-12-30 15:10:52.053"
"ALC","88.340","1","88.380","1","-135","88.38","7382cdba-581a-4b4a-abb1-5dc601f5f470","2021-12-30 15:12:04.801"
"ALC","88.340","1","88.380","1","-135","88.38","6ddeb2dc-50ed-432e-9deb-a4821e1908c0","2021-12-30 15:12:04.801"
"ALC","88.340","1","88.380","1","-135","88.38","4d9bc1fa-2fed-47d2-a28a-a4109422fc94","2021-12-30 15:12:04.801"
"ALC","88.360","2","88.390","1","-135","88.39","b5af1c46-427b-48e3-b31f-1334ae3ac36f","2021-12-30 15:12:55.489"
"ALC","88.360","2","88.390","3","-135","88.39","1d75e5f9-b063-4f6b-aac9-c1c2ae412635","2021-12-30 15:12:55.489"
"ALC","88.360","2","88.390","3","-135","88.39","7cab8e39-da1e-403c-ad10-134e5b8cf675","2021-12-30 15:12:55.489"
"ALC","88.360","2","88.390","3","-135","88.39","86d1ae74-e0f6-4790-9f9f-c2476ef1d586","2021-12-30 15:12:55.489"
"ALC","88.390","3","88.410","1","135","88.34","a694019f-838d-4fae-8093-3f15949e8154","2021-12-30 15:37:59.479"
"ALC","88.380","1","88.400","2","135","88.34","dceac315-b11b-4595-9c41-6e3c91163176","2021-12-30 15:38:22.759"
"ALC","88.380","1","88.400","2","135","88.34","74ed20e6-f2d2-4542-bb69-64bbbdedcb13","2021-12-30 15:38:22.759"
"ALC","88.370","4","88.400","2","135","88.34","dbf31f39-b193-41b0-b0ba-dcf41519fa65","2021-12-30 15:38:22.759"
"ALC","88.370","1","88.390","1","135","88.34","fa3258ae-ae02-4768-813d-3f4fc3bc30b6","2021-12-30 15:38:22.759"
"ALC","88.370","2","88.390","1","135","88.34","d40e75ee-93f9-42e3-999a-a4f19d472b8a","2021-12-30 15:38:22.759"
"ALC","88.200","2","88.260","2","-810","88.20","cf213549-51fe-4773-9486-e2f7d926c38b","2021-12-30 15:48:00.006"
"AEE","89.190","1","89.300","3","134","88.92","98c6e6d0-d808-4e46-8d2a-dbd8a21aa1de","2021-12-30 10:00:07.576"
"AEE","89.190","1","89.300","3","134","88.92","8402d535-2a68-4665-8f6d-fe0dd5b5ca8b","2021-12-30 10:00:07.576"
"AEE","89.190","1","89.300","4","134","88.92","68425b08-1117-4403-999b-080465003ba4","2021-12-30 10:00:07.576"
"AEE","89.190","1","89.300","4","134","88.92","d89f5640-01c3-44bc-abe4-04af36e94e7d","2021-12-30 10:00:07.576"
"AEE","88.780","3","88.890","2","-134","88.89","241890c0-31b3-4701-bb66-263483acda4b","2021-12-30 10:04:06.590"
"AEE","88.780","3","88.890","2","-134","88.89","7c774174-36e2-4922-9513-bf19f107af8f","2021-12-30 10:04:06.590"
"AEE","88.810","1","88.890","3","-134","88.89","7c5cf9c5-f2cd-4f6f-a2f9-5b000e7b1d2a","2021-12-30 10:04:14.624"
"AEE","88.810","1","88.890","2","-134","88.89","8f79f1dd-7b22-4823-b442-08a0b1e936e3","2021-12-30 10:04:21.446"
"AEE","88.800","2","88.860","1","134","88.86","2a6a622e-dcd2-4279-af27-1b86e8a6e9d3","2021-12-30 10:08:30.006"
"AEE","88.840","1","88.880","3","-134","88.88","f700734f-3f7a-42b7-b8e2-93920de5574e","2021-12-30 10:14:48.112"
"AEE","88.750","1","88.780","5","135","88.77","ca995556-eb42-4826-8078-8543238da11e","2021-12-30 10:51:40.836"
"AEE","88.750","2","88.810","5","135","88.77","df72daba-fc56-4af2-85a5-d51bf7e8ec49","2021-12-30 10:51:40.836"
"AEE","88.760","1","88.810","1","135","88.77","740c2992-1140-473d-a8b7-9f9d6809cc97","2021-12-30 10:51:40.836"
"AEE","88.750","1","88.780","2","-135","88.78","1e1f06f7-bdc4-43e4-b9b6-d62e881fa472","2021-12-30 10:55:23.593"
"AEE","88.740","1","88.770","3","-135","88.77","82dd0164-67af-46e0-b457-b7429a43626e","2021-12-30 10:55:41.155"
"AEE","88.740","2","88.770","1","-135","88.77","ded5bf53-5924-4eb9-94b9-a0f573ddce53","2021-12-30 10:55:41.155"
"AEE","89.000","3","89.020","1","134","88.90","6ad3ba71-b3cc-4aba-8885-9560569a27ad","2021-12-30 11:47:43.385"
"AEE","88.960","3","88.990","1","135","88.89","ddf4ff32-7750-4416-b5bf-966cfc0fc725","2021-12-30 11:49:51.756"
"AEE","88.980","4","89.000","2","135","88.89","664cce13-2ffd-4de9-80ff-a87af42b84f7","2021-12-30 11:49:51.756"
"AEE","89.000","1","89.030","3","134","88.89","2924bb43-09a3-4565-a673-e751a5f18da4","2021-12-30 11:49:51.756"
"AEE","88.990","2","89.030","4","134","88.89","7d6fc8fe-e5d2-4eb0-a3e8-e243c64e65bf","2021-12-30 11:49:51.756"
"AEE","88.980","4","89.010","3","134","88.89","5c5877bc-c621-416c-88e3-6b9cfe077e1e","2021-12-30 11:49:51.756"
"AEE","88.980","4","89.020","1","134","88.89","7d03a80d-fb19-4047-933b-eb22a40608a1","2021-12-30 11:49:51.756"
"AEE","89.000","3","89.020","3","134","88.89","2db617c3-8206-4706-8ec4-b4ebcdc74970","2021-12-30 11:49:51.756"
"AEE","89.000","3","89.020","3","134","88.89","0f79fbdc-f67d-42ce-ac2b-fcc9dbadf1b1","2021-12-30 11:49:51.756"
"AEE","88.910","5","88.940","1","-134","88.94","ef88f3ac-5c5e-4a12-8dd6-433501de7265","2021-12-30 11:55:23.470"
"AEE","88.910","5","88.940","1","-134","88.94","20841114-193b-42d3-a726-1eb19b74c119","2021-12-30 11:55:23.470"
"AEE","88.910","3","88.950","2","-134","88.95","d1f0e141-b74d-4f6f-939e-82b850328649","2021-12-30 11:57:10.030"
"AEE","88.910","3","88.950","2","-134","88.95","7b69b97b-1fcc-4e4d-a199-e6f61065aa99","2021-12-30 11:57:10.030"
"AEE","88.910","3","88.950","2","-134","88.95","a0965203-6a69-4208-aa98-97af40099016","2021-12-30 11:57:10.030"
"AEE","88.890","1","88.920","3","-135","88.92","54af15c4-de62-44c8-8335-e54f70c8e333","2021-12-30 11:59:51.831"
"AEE","88.800","2","88.840","4","-134","88.84","0522945a-f408-4126-b4a5-038b5993fd61","2021-12-30 12:11:04.148"
"AEE","88.800","2","88.840","4","-134","88.84","162024f0-b812-4501-8dd4-2678e65de64c","2021-12-30 12:11:04.148"
"AEE","88.800","2","88.840","5","-135","88.84","3ae32bdf-e9c9-42dd-89f1-0f3316bb9792","2021-12-30 12:11:04.148"
"AEE","89.070","2","89.090","2","134","89.04","42628726-7ec2-41a4-95a7-362256ad3477","2021-12-30 13:17:48.053"
"AEE","89.070","3","89.080","1","134","89.03","21a51008-b605-44ff-8a46-2e1ef78fb49b","2021-12-30 13:21:08.449"
"AEE","89.080","1","89.100","2","134","89.03","a020b4bb-9248-462a-94f9-4fbe3cfa801e","2021-12-30 13:21:08.449"
"AEE","89.070","1","89.100","3","134","89.03","78b18ac8-8370-43cc-b2cd-1b975d2f462a","2021-12-30 13:21:08.449"
"AEE","89.070","1","89.100","3","134","89.03","33671be6-2c04-43db-8c5b-52464565c11c","2021-12-30 13:21:08.449"
"AEE","89.020","2","89.030","2","-134","89.03","da0f5205-c2e2-492f-a811-ced7e61752b4","2021-12-30 13:25:26.622"
"AEE","89.020","2","89.030","2","-134","89.03","f721c616-3995-4735-9215-2ab2030cc877","2021-12-30 13:25:26.622"
"AEE","89.020","2","89.030","2","-134","89.03","016c20f0-8cfd-42f9-8b85-618e57dbe92f","2021-12-30 13:25:26.622"
"AEE","89.010","2","89.040","2","-134","89.04","f58b6ac4-079f-4428-aeb0-a4232db81ddb","2021-12-30 13:28:11.840"
"AEE","89.010","2","89.040","2","-134","89.04","00d38d00-1ad2-4ed2-a908-42545aa0bff2","2021-12-30 13:28:11.840"
"AEE","89.080","1","89.100","1","134","89.05","dc9787e2-3bf8-4703-8c59-9e77014f11d0","2021-12-30 13:33:14.064"
"AEE","89.080","1","89.100","1","134","89.05","f1f88e32-c1fc-4b02-ab0c-6778c211bd4a","2021-12-30 13:33:14.064"
"AEE","89.020","2","89.060","2","-134","89.07","935fb121-0964-47fd-b3e4-f13b0b327c3f","2021-12-30 13:36:45.380"
"AEE","89.020","2","89.060","2","-134","89.07","1d6c3ff8-50ef-4ec1-a854-c5df1e7864a2","2021-12-30 13:36:45.380"
"AEE","89.040","4","89.060","1","134","89.01","ca37ae77-bb6f-4dd4-b8f1-8c548c5cc9ca","2021-12-30 13:41:35.319"
"AEE","89.040","4","89.060","1","134","89.01","c15c823c-282c-4b75-997d-3c2dcdb8f00f","2021-12-30 13:41:35.319"
"AEE","89.060","3","89.090","1","-134","89.09","65f74985-cec9-4ead-b802-f6e47cb4f656","2021-12-30 13:44:47.310"
"AEE","89.070","2","89.110","4","-134","89.11","2457d774-30ca-403a-8a22-6bfc210c3518","2021-12-30 13:45:51.938"
"AEE","89.330","1","89.340","1","134","89.31","51ff5c51-c4ef-4283-ba19-71371a240228","2021-12-30 14:33:44.441"
"AEE","89.350","2","89.390","6","-134","89.39","dbe780ba-d072-4b5a-b0b7-05bf375d4a5b","2021-12-30 14:38:40.792"
"AEE","89.340","2","89.370","5","134","89.34","41a60838-cd32-4773-be04-7e217f345d39","2021-12-30 14:57:30.535"
"AEE","89.350","2","89.370","2","134","89.34","1d953b21-3663-451a-beac-d1d39778cb65","2021-12-30 14:57:30.535"
"AEE","89.340","2","89.360","2","134","89.34","1f6dbd77-320b-4447-a8df-6414f361cbe2","2021-12-30 14:57:30.535"
"AEE","89.350","2","89.380","2","134","89.34","37f43caa-3ecf-4c3b-bdf6-f991ff70b59d","2021-12-30 14:57:30.535"
"AEE","89.320","2","89.350","3","134","89.31","2c217caf-1489-4975-a2f5-6991a01e7c10","2021-12-30 14:59:04.772"
"AEE","89.350","2","89.380","2","134","89.31","c17a0d89-54c0-4643-8407-589699268600","2021-12-30 14:59:04.772"
"AEE","89.330","2","89.370","6","134","89.31","5bfb56c7-66f4-4893-8f38-538a17ae3692","2021-12-30 14:59:04.772"
"AEE","89.340","3","89.360","2","-134","89.36","3ad14ffb-7282-4620-991a-7b84177df83e","2021-12-30 15:00:48.988"
"AEE","89.340","3","89.360","2","-134","89.36","0548afed-9b23-4815-aedc-2a492bdc71a2","2021-12-30 15:00:48.988"
"AEE","89.310","6","89.350","3","-134","89.35","e453e7bf-fe02-40e6-a2de-9ce65a97ce4f","2021-12-30 15:02:03.036"
"AEE","89.310","6","89.350","3","-134","89.35","51c56d51-f26a-4337-a2f7-4aa6520476c6","2021-12-30 15:02:03.036"
"AEE","89.310","6","89.350","3","-134","89.35","d16aa73b-0eb0-4210-8d49-d129d6737d08","2021-12-30 15:02:03.036"
"AEE","89.380","1","89.390","3","134","89.29","56fbf089-a3fb-436e-b668-180ece4e6684","2021-12-30 15:03:12.851"
"AEE","89.280","1","89.300","3","-134","89.30","49c6ccd0-cbcd-4d70-9886-ee3581149e06","2021-12-30 15:03:32.009"
"AEE","89.280","1","89.300","3","-134","89.30","50a8c1bd-9020-4c44-a03f-13bca1fe6672","2021-12-30 15:03:32.009"
"AEE","89.310","2","89.330","3","-134","89.33","c1be8bec-d459-4a67-92c9-1cc6ddd07870","2021-12-30 15:05:12.781"
"AEE","89.390","2","89.420","3","134","89.31","55b5382b-c76a-4dbd-92e8-dfd1ed2b5f05","2021-12-30 15:23:30.433"
"AEE","89.380","1","89.400","2","134","89.31","36f1f322-5542-4c23-bd42-78756a284720","2021-12-30 15:23:30.433"
"AEE","89.380","1","89.400","1","134","89.31","585ebf02-fe36-4dda-9fee-242997ddcbd3","2021-12-30 15:23:30.433"
"AEE","89.380","3","89.400","1","134","89.31","d15f465c-1836-48c5-b792-50e74e82504d","2021-12-30 15:23:30.433"
"AEE","89.390","2","89.400","1","134","89.31","d5702e79-75fe-4d18-af47-2dcca549345d","2021-12-30 15:23:30.433"
"AEE","89.390","5","89.400","1","134","89.31","5c0ae6aa-0162-4ed6-93a2-7212682faa10","2021-12-30 15:23:30.433"
"AEE","89.390","5","89.400","1","134","89.31","a5a23ed6-c91a-41fc-8dbf-e1b78cf6294f","2021-12-30 15:23:30.433"
"AEE","89.390","2","89.410","1","134","89.31","dc048c2f-d190-4754-b0a1-1fbf9b989e1e","2021-12-30 15:23:30.433"
"AEE","89.360","2","89.390","3","134","89.31","19f95192-7ddb-49c8-85c4-ac35084bbf12","2021-12-30 15:23:30.433"
"AEE","89.380","6","89.400","1","134","89.31","ba0c38e7-9e6e-47e2-8a79-79c2d05df4e4","2021-12-30 15:23:30.433"
"AEE","89.400","1","89.420","2","134","89.30","ce8cd320-2549-4744-a5c1-7546156b953f","2021-12-30 15:23:48.750"
"AEE","89.390","3","89.410","1","134","89.30","d6d846a7-f176-47ca-bb38-cc7fbd6af5a0","2021-12-30 15:23:48.750"
"AEE","89.410","3","89.440","2","134","89.30","ebc95101-6072-4971-bd51-49e414872534","2021-12-30 15:23:48.750"
"AEE","89.410","3","89.440","2","134","89.30","ba153bdb-54a3-4cd3-81bb-6b5059985324","2021-12-30 15:23:48.750"
"AEE","89.410","3","89.440","2","134","89.30","bb46d97d-272d-4175-aad8-ccf634a65770","2021-12-30 15:23:48.750"
"AEE","89.410","1","89.440","6","134","89.30","52374d6f-459e-4eed-8f3a-3638ee242563","2021-12-30 15:23:48.750"
"AEE","89.310","3","89.340","1","134","89.30","240c6faa-59b4-488f-ac50-0122c3c9da62","2021-12-30 15:23:48.750"
"AEE","89.310","1","89.330","1","-134","89.33","0023e36f-7b2b-4614-ad6b-9752497cca1a","2021-12-30 15:24:32.536"
"AEE","89.310","1","89.330","1","-134","89.33","5e89d713-09d2-4087-97c8-246492a5685f","2021-12-30 15:24:32.536"
"AEE","89.310","1","89.330","1","-134","89.33","d45d5233-b42a-4268-a905-5013d18dceef","2021-12-30 15:24:32.536"
"AEE","89.310","1","89.330","1","-134","89.33","c87f12b5-408a-4eaa-92ba-a531c16c5d73","2021-12-30 15:24:32.536"
"AEE","89.310","1","89.330","1","-134","89.33","a3ee2626-e4a4-432d-bfcb-7fbf3ea81aa1","2021-12-30 15:24:32.536"
"AEE","89.310","1","89.330","1","-134","89.33","76a043cb-7f08-407f-b9c0-cf21ab03e910","2021-12-30 15:24:32.536"
"AEE","89.310","1","89.330","1","-134","89.33","5802aee6-f9b5-4c37-99fd-abb2dcbb4911","2021-12-30 15:24:32.536"
"AEE","89.310","1","89.330","1","-134","89.33","8e509898-0bea-45be-9e7d-45bbdde1e1c5","2021-12-30 15:24:32.536"
"AEE","89.310","1","89.330","1","-134","89.33","95db15bc-09bd-4b32-a19d-2e32d461a163","2021-12-30 15:24:32.536"
"AEE","89.300","1","89.330","1","-134","89.33","3afeba6f-02a5-4e2b-97bd-9e47c958b5eb","2021-12-30 15:24:32.536"
"AEE","89.300","1","89.330","1","-134","89.33","277645f2-0911-416f-b0e7-d411babe729b","2021-12-30 15:24:32.536"
"AEE","89.300","1","89.330","1","-134","89.33","c2151db9-f056-457d-9680-74012518a913","2021-12-30 15:24:32.536"
"AEE","89.300","1","89.330","1","-134","89.33","494c8c2a-69c0-4a03-8459-74d30ce6737e","2021-12-30 15:24:32.536"
"AEE","89.300","1","89.330","1","-134","89.33","0a53fae2-51b2-4786-97fe-5142a8f54b7e","2021-12-30 15:24:32.536"
"AEE","89.300","1","89.330","1","-134","89.33","e5593aac-cb30-4b8c-9870-f7bff483d8f1","2021-12-30 15:24:32.536"
"AEE","89.310","2","89.330","1","-134","89.33","27076e63-c5c8-49e5-8c2b-cf56eb7a6f85","2021-12-30 15:25:39.967"
"AEE","89.300","3","89.320","1","-134","89.32","71a7a3cd-e4e0-47cd-8a76-31d1f92e0956","2021-12-30 15:26:04.170"
"AGG","113.890","119","113.900","180","105","113.88","b6d0b826-019d-4fca-a12b-474709252efd","2021-12-30 10:06:09.142"
"AGG","113.870","190","113.880","191","-105","113.88","1e7c9789-deca-4190-9bae-f1f7188fc72f","2021-12-30 10:15:09.199"
"AGG","113.910","78","113.920","289","105","113.90","b24501d1-54c8-4c32-b427-4e0c406cc836","2021-12-30 10:51:01.958"
"AGG","113.910","93","113.920","258","105","113.90","e0aa4569-58fe-40fe-9a93-cd5a5acaa2f2","2021-12-30 10:51:01.958"
"AGG","113.910","102","113.920","184","105","113.90","ec0eca90-8269-44be-abfd-4579fee73fa9","2021-12-30 10:51:01.958"
"AGG","113.910","277","113.920","121","-105","113.92","26812ada-df86-4a7b-b709-628f67dc4de7","2021-12-30 10:52:07.022"
"AGG","113.910","277","113.920","121","-105","113.92","94f3109e-570e-443d-a6f3-fbdbc19e53ad","2021-12-30 10:52:07.022"
"AGG","113.910","277","113.920","122","-105","113.92","d7983ff2-86dd-4da4-9d55-5d29c5850ad2","2021-12-30 10:52:07.022"
"AGG","113.940","310","113.950","210","105","113.91","f2edd83a-acd7-4aac-9087-15a8fbbed6b9","2021-12-30 11:00:20.520"
"AGG","113.940","318","113.950","173","105","113.91","04f0b9bc-8515-4b91-ba21-72e1dc865343","2021-12-30 11:00:20.520"
"AGG","113.940","310","113.950","167","105","113.91","6f9e4100-7c5d-4398-9bbe-95f143c9d442","2021-12-30 11:00:20.520"
"AGG","113.940","258","113.950","204","105","113.91","5357ba35-d96a-441e-9c47-4f3cf3724298","2021-12-30 11:00:20.520"
"AGG","113.940","340","113.950","78","105","113.91","90826c3f-fb5f-445e-a170-8aa069d04a3d","2021-12-30 11:00:20.520"
"AGG","113.940","256","113.950","162","105","113.91","3ddb58c1-a5de-4e3a-af95-efc1e2b5b7f5","2021-12-30 11:00:20.520"
"AGG","113.940","217","113.950","183","105","113.91","848d4fc1-1e03-4d7d-a54c-d521f075450f","2021-12-30 11:00:20.520"
"AGG","113.940","82","113.950","233","105","113.91","ea4c9ff0-d542-4301-b355-bfd599bdd6ed","2021-12-30 11:00:20.520"
"AGG","113.940","81","113.950","250","105","113.91","f75cad05-14cc-4c23-8e72-38de22e92883","2021-12-30 11:00:20.520"
"AGG","113.930","130","113.940","239","105","113.91","587eeb8c-1786-42da-85f3-fd08be78a4c8","2021-12-30 11:00:20.520"
"AGG","113.930","233","113.940","166","-105","113.94","0b3b2bda-0d22-4146-ab66-8ce3aba9a361","2021-12-30 11:01:49.180"
"AGG","113.930","233","113.940","166","-105","113.94","f72f1974-ff9e-40b2-a27b-5a213290dfdb","2021-12-30 11:01:49.180"
"AGG","113.930","233","113.940","166","-105","113.94","95c81359-518b-4279-8703-5d2c6f982f8a","2021-12-30 11:01:49.180"
"AGG","113.930","233","113.940","166","-105","113.94","358541fd-3420-4e67-96f2-cb9ab1fbf096","2021-12-30 11:01:49.180"
"AGG","113.930","233","113.940","166","-105","113.94","9025af44-9caf-4af2-99a3-419eda53411c","2021-12-30 11:01:49.180"
"AGG","113.930","61","113.940","282","-105","113.94","2f0ce7a2-d5cc-4e1f-97bb-fe86d83bbffe","2021-12-30 11:02:29.194"
"AGG","113.930","61","113.940","282","-105","113.94","26aa5527-515b-4366-b626-fd2431d3392f","2021-12-30 11:02:29.194"
"AGG","113.930","61","113.940","282","-105","113.94","39e44b7d-3e13-4dea-8262-1120bb9d5449","2021-12-30 11:02:29.194"
"AGG","113.930","47","113.940","273","-105","113.94","cf4fd2f9-6ba6-4190-9829-2c6dceb7fb6f","2021-12-30 11:02:29.194"
"AGG","113.930","47","113.940","273","-105","113.94","fdef6ceb-2a2f-4699-8c16-e05e643b9313","2021-12-30 11:02:29.194"
"AGG","113.970","64","113.980","365","105","113.95","013ce02e-fcf6-4457-bcf3-04ad7f47e5f3","2021-12-30 11:51:56.673"
"AGG","113.970","143","113.980","308","105","113.95","2a51b71a-c629-4ed6-953f-a8420ad1a3ab","2021-12-30 11:51:56.673"
"AGG","113.970","152","113.980","307","105","113.95","78565984-a310-4f5c-a5b7-520fde9ca789","2021-12-30 11:51:56.673"
"AGG","113.970","114","113.980","286","105","113.95","0df63d90-ef18-4728-af36-6d84ac86bf0f","2021-12-30 11:51:56.673"
"AGG","113.970","313","113.980","119","105","113.95","5b1dc5ed-9a40-4098-9d4f-332dc0ae47a4","2021-12-30 11:51:56.673"
"AGG","113.970","319","113.980","74","105","113.95","9845ac0c-af73-419f-a33d-4731e771c705","2021-12-30 11:51:56.673"
"AGG","113.970","310","113.980","85","105","113.95","80e0c92d-4aac-4be4-a2d9-9feabce1d751","2021-12-30 11:51:56.673"
"AGG","113.950","108","113.960","281","-105","113.96","2dc53536-9f8d-47de-af8d-3acb444ed59d","2021-12-30 11:55:57.703"
"AGG","113.950","108","113.960","281","-105","113.96","01557654-2baf-415c-a002-030549d4cf52","2021-12-30 11:55:57.703"
"AGG","113.950","285","113.960","220","-105","113.96","cfed5ce1-34ba-424c-8401-fe45dc903143","2021-12-30 11:56:15.019"
"AGG","113.950","285","113.960","220","-105","113.96","cb1f9251-6d6b-4f28-9d2a-7f08acba8608","2021-12-30 11:56:15.019"
"AGG","113.950","285","113.960","220","-105","113.96","1807ff09-158c-4913-85c5-3f473acb02e5","2021-12-30 11:56:15.019"
"AGG","113.950","122","113.960","248","-105","113.96","55b855cf-b1fd-4a62-b7db-b68a0980d02a","2021-12-30 11:56:15.019"
"AGG","113.950","263","113.960","164","-105","113.96","94df60da-8d54-4d51-bebf-fb46ba0e44a5","2021-12-30 11:56:27.916"
"AGG","113.970","246","113.980","153","105","113.97","b0e11b95-0329-43e3-954d-f414fabe869a","2021-12-30 12:02:33.597"
"AGG","113.980","153","113.990","71","-105","113.99","0223ef64-621f-454a-9ccf-e1bc0847b43e","2021-12-30 12:10:56.234"
"AGG","114.030","165","114.040","343","105","114.02","1661ce7e-3b9d-497f-9223-779f1daa04b5","2021-12-30 12:45:14.018"
"AGG","114.030","97","114.040","409","105","114.02","15e95dcc-e420-47a6-9f67-e25bd52057f6","2021-12-30 12:45:14.018"
"AGG","114.020","226","114.030","250","105","114.01","c947743a-2df4-401a-ad9c-044545aef236","2021-12-30 12:47:36.001"
"AGG","114.020","252","114.030","250","105","114.01","86f83dc0-f1d4-47c0-b564-1d42d8dd936c","2021-12-30 12:47:36.001"
"AGG","114.020","252","114.030","250","105","114.01","147427b7-5e60-4cf6-8f08-451daf662e7f","2021-12-30 12:47:36.001"
"AGG","114.020","273","114.030","250","105","114.01","8f58173b-e571-4099-8f52-8068476bba07","2021-12-30 12:47:36.001"
"AGG","114.020","291","114.030","250","105","114.01","83f05dae-0613-4ce2-9a4f-60d2bfd52bb8","2021-12-30 12:47:36.001"
"AGG","114.020","289","114.030","250","105","114.01","74a77689-7bac-4535-a2eb-1f9903dbef60","2021-12-30 12:47:36.001"
"AGG","114.010","332","114.020","111","105","114.00","1ac0c67b-0308-4fb3-97a5-e19bdfd0e00f","2021-12-30 12:51:20.210"
"AGG","114.010","332","114.020","111","105","114.00","b253758d-fd82-4e96-8c59-fe8e7ee3e767","2021-12-30 12:51:20.210"
"AGG","114.010","332","114.020","85","105","114.00","215acb8b-cd7b-4afb-bafd-524858f557a3","2021-12-30 12:51:20.210"
"AGG","114.020","298","114.030","164","-105","114.03","146bcef2-a03f-48c4-9d86-e1c30b10410b","2021-12-30 13:07:24.110"
"AGG","114.020","298","114.030","164","-105","114.03","a1027727-b8d5-47d2-9213-c68c76afa9d6","2021-12-30 13:07:24.110"
"AGG","114.020","298","114.030","164","-105","114.03","33a58c46-48b5-4f78-bf2a-10d88a2cc38b","2021-12-30 13:07:24.110"
"AGG","114.020","298","114.030","164","-105","114.03","cab23bc7-e8a7-4934-b685-59cb88c513fe","2021-12-30 13:07:24.110"
"AGG","114.020","298","114.030","164","-105","114.03","99dd9b3a-db05-40e3-b4ec-d889ab972313","2021-12-30 13:07:24.110"
"AGG","114.020","298","114.030","164","-105","114.03","ae7ea70a-42b2-4017-8f82-c3d4e50fb816","2021-12-30 13:07:24.110"
"AGG","114.020","60","114.030","373","-105","114.03","8c24c9ae-57c5-48e0-8474-4c49054f5fd9","2021-12-30 13:07:24.110"
"AGG","114.020","60","114.030","373","-105","114.03","ee7e91d8-a2bb-4fa0-9bbe-d07c6c57dedb","2021-12-30 13:07:24.110"
"AGG","114.020","60","114.030","373","-105","114.03","c7cfa674-a365-4beb-92f1-db1309811424","2021-12-30 13:07:24.110"
"AGG","114.020","164","114.030","263","-105","114.03","1bb39538-c546-4144-912c-4a3b402695ee","2021-12-30 13:07:53.451"
"AGG","114.020","158","114.030","342","-105","114.03","d9be43da-c3ed-4ef7-a825-c877efd0dbda","2021-12-30 13:07:53.451"
"AGG","114.010","278","114.020","121","105","114.01","df41e8a5-5a8c-4ffc-af08-37f0b0d1e109","2021-12-30 13:13:33.090"
"AGG","114.010","278","114.020","121","105","114.01","09bc8b91-2e8f-4e69-9f10-2734a7ec502c","2021-12-30 13:13:33.090"
"AGG","114.010","156","114.020","266","-105","114.02","5d85f16d-8255-4088-a4fe-691dfcaaa6c5","2021-12-30 13:14:09.122"
"AGG","114.010","81","114.020","358","-105","114.02","d93529e1-7f89-4d1a-afd7-c06f7f923045","2021-12-30 13:14:09.122"
"AGG","114.010","173","114.020","285","105","114.01","1a58f783-73ea-431d-8059-3c20941f1c67","2021-12-30 13:17:19.238"
"AGG","114.010","336","114.020","120","105","114.00","87fa43bd-cd18-4dce-9fdf-3a5c8d9dcbe1","2021-12-30 13:19:02.471"
"AGG","114.010","417","114.020","120","105","114.00","d6a53b49-e171-4b39-90b6-7f4bd9df56e1","2021-12-30 13:19:02.471"
"AGG","114.000","407","114.010","151","-105","114.01","993ad808-2cc5-45e3-b76e-41e4eb62de28","2021-12-30 13:19:38.079"
"AGG","114.000","407","114.010","151","-105","114.01","c16e46c4-99a4-4f1b-993e-019274d17ed7","2021-12-30 13:19:38.079"
"AGG","114.000","404","114.010","208","-105","114.01","d5e88b3e-ea7f-429b-b357-3984c436abf8","2021-12-30 13:19:38.079"
"AGG","114.030","237","114.040","189","105","114.02","dc20654d-6505-4e90-a40a-aaf20bf4e80f","2021-12-30 14:06:04.833"
"AGG","114.030","237","114.040","190","105","114.02","892b8943-2ecf-4de9-a15e-427ba84359db","2021-12-30 14:06:04.833"
"AGG","114.030","262","114.040","189","105","114.02","68244029-ca5f-4e72-b0bf-dfb62846ac86","2021-12-30 14:06:04.833"
