"Symbol","Bid","Bid Sz","Ask","Ask Sz","Shares","Price","Order ID","Timestamp"
"AA","37.980","1","37.990","3","320","37.45","d79c846e-7450-4b42-a865-6a60dd4e729f","2021-04-30 10:37:48.204"
"AA","37.990","1","38.020","2","320","37.45","67a8c9aa-da5b-4203-b677-babfad726a07","2021-04-30 10:37:48.204"
"AA","38.010","4","38.020","1","320","37.45","7288bbfb-5ba4-4de0-b3e8-6bf08eed6b79","2021-04-30 10:37:48.204"
"AA","37.920","1","37.940","1","320","37.45","2b0bcfaa-5e38-4cf1-a35e-fcfdd9483da1","2021-04-30 10:37:48.204"
"AA","37.910","1","37.930","2","320","37.45","067c2fd6-8273-4d86-be77-723f7d96ce94","2021-04-30 10:37:48.204"
"AA","38.000","9","38.020","3","320","37.45","daf7b9b1-55fc-48d1-bef9-b853c9c9fb9a","2021-04-30 10:37:48.204"
"AA","38.020","2","38.030","2","320","37.45","604f81d4-2ac6-4de9-b38b-6b6b9814cc5b","2021-04-30 10:37:48.204"
"AA","37.970","2","37.980","1","320","37.45","4d35b1e8-1d1d-47ba-878b-f17e2aa1f8d0","2021-04-30 10:37:48.204"
"AA","37.970","3","37.990","2","320","37.45","c82ee459-a740-4cc2-a11a-2de9bbbd1d7e","2021-04-30 10:37:48.204"
"AA","37.980","3","38.010","2","320","37.45","4a8b0be8-ac0c-4fe8-85c9-a14ae3f709c9","2021-04-30 10:37:48.204"
"AA","37.980","4","38.020","1","320","37.45","60190830-a175-4af6-9846-16d5e2073851","2021-04-30 10:37:48.204"
"AA","37.970","1","38.000","4","320","37.45","da1a83f0-42e3-44fd-be56-e9c35a6a09f8","2021-04-30 10:37:48.204"
"AA","37.400","21","37.440","5","-320","37.44","18d21bca-ac76-4d2b-a4f0-5b0842dfa0c1","2021-04-30 10:38:10.321"
"AA","37.400","21","37.440","5","-320","37.44","e36ba7c1-9e3c-4d87-bc68-27c826d3bc0c","2021-04-30 10:38:10.321"
"AA","37.400","21","37.440","5","-320","37.44","1debd626-48af-482d-9669-928fc4cd6f18","2021-04-30 10:38:10.321"
"AA","37.410","3","37.440","3","-320","37.44","3a6beffa-a68c-49eb-8025-4c2756fe2625","2021-04-30 10:38:22.628"
"AA","37.410","3","37.440","3","-320","37.44","0d3c69a9-c126-405f-bbd2-cbffde7e241b","2021-04-30 10:38:22.628"
"AA","37.410","3","37.440","3","-320","37.44","8f43a076-4882-497c-9167-c0c45829cdbe","2021-04-30 10:38:22.628"
"AA","37.410","3","37.440","3","-320","37.44","af4d8811-86bc-4e24-a827-b2460a5285e9","2021-04-30 10:38:22.628"
"AA","37.410","3","37.440","3","-320","37.44","88c3b14e-05af-46f6-bc91-6f7add2588c3","2021-04-30 10:38:22.628"
"AA","37.400","4","37.420","3","-320","37.42","f5057f5b-127e-4479-b36d-929ff813f9cb","2021-04-30 10:38:51.079"
"AA","37.400","2","37.420","1","-320","37.42","5caa5f2b-9f72-4ace-92b8-bed73ade1864","2021-04-30 10:38:51.079"
"AA","37.400","2","37.420","1","-320","37.42","d9435f11-b2c6-4c59-902d-00e93986a2c7","2021-04-30 10:38:51.079"
"AA","37.530","2","37.540","3","-320","37.54","bd52e866-9d55-4ad9-b88a-194e95e42825","2021-04-30 10:42:36.299"
"AA","37.980","3","38.020","5","321","37.36","13392a32-5a14-4912-b55f-c403f9e90135","2021-04-30 10:48:00.418"
"AA","37.990","3","38.020","5","321","37.36","b4af4c35-d0b4-4775-9135-27657bcf8a76","2021-04-30 10:48:00.418"
"AA","37.970","2","37.990","1","321","37.36","027cfd30-0519-476f-b01f-e7c4cd8604cd","2021-04-30 10:48:00.418"
"AA","37.200","2","37.230","3","-321","37.23","8eb898a8-6e32-4ce1-b75b-57c05ff7dd90","2021-04-30 10:50:18.641"
"AA","37.210","3","37.240","3","-321","37.24","a22285f7-7629-470d-b5c1-aed26b7c7b33","2021-04-30 10:50:18.810"
"AA","37.210","3","37.240","3","-321","37.24","c46ecf71-d682-4cfe-9ea7-9ebe7ccf65b4","2021-04-30 10:50:18.810"
"AA","37.170","4","37.200","2","323","37.13","129e02a0-e677-4166-ada1-51621fa97126","2021-04-30 11:58:44.041"
"AA","37.170","4","37.200","2","323","37.13","0b618849-861f-48d6-b4a1-9df5066072e3","2021-04-30 11:58:44.041"
"AA","37.170","3","37.200","3","323","37.13","f81e9c2d-0624-437b-b922-78db54c1f717","2021-04-30 11:58:44.041"
"AA","37.150","2","37.160","3","-323","37.16","c357efe7-f6f8-47fc-ab46-b40a0e6ea843","2021-04-30 12:00:00.433"
"AA","37.120","2","37.130","1","-323","37.13","04800713-2ff1-4d38-a7ac-75a203048cd9","2021-04-30 12:00:20.546"
"AA","37.140","1","37.160","5","-323","37.16","97f002b5-b779-4344-9359-092f150884d6","2021-04-30 12:00:30.578"
"AA","37.180","3","37.200","1","323","37.12","c8141b24-4281-4fb3-be1e-7d78f3df6581","2021-04-30 12:05:28.129"
"AA","37.120","2","37.140","1","-323","37.14","7e174f58-ea96-4aaa-9597-99cd9e7f0163","2021-04-30 12:07:13.274"
"AA","37.170","1","37.190","3","323","37.11","d8a25934-15c3-41f7-b08a-ad2d97cdefac","2021-04-30 12:09:38.155"
"AA","37.150","1","37.160","1","-323","37.16","f3fe3061-c49c-4bdc-9da0-b3d7b051796b","2021-04-30 12:11:08.219"
"AA","37.180","4","37.210","1","323","37.11","5bef433c-de77-4761-a80d-f727d6e9f440","2021-04-30 12:14:28.291"
"AA","37.400","2","37.430","3","323","37.04","260867ec-5ae6-4c44-909b-678a7efb32e0","2021-04-30 12:15:49.713"
"AA","37.380","2","37.400","2","323","37.04","d3189ad8-64be-4261-bf2f-ec665d81ab87","2021-04-30 12:15:49.713"
"AA","37.380","2","37.390","2","323","37.04","67bc36d8-55a7-4fab-882e-823a9ae1e890","2021-04-30 12:15:49.713"
"AA","37.340","5","37.350","1","324","37.02","ec77de93-fdc6-4e53-86b6-f030ba9587e1","2021-04-30 12:16:11.312"
"AA","37.380","3","37.410","2","324","37.02","0817e22d-7ba3-4c5b-9b9a-ff5a1d9ec016","2021-04-30 12:16:11.312"
"AA","37.390","1","37.420","5","324","37.02","5454106e-412e-43a5-bf38-852a0e21d4ab","2021-04-30 12:16:11.312"
"AA","37.380","3","37.400","1","324","37.02","d3d1c8de-f82b-4ba9-b53c-fc4bdc4e400a","2021-04-30 12:16:11.312"
"AA","37.390","4","37.410","4","324","37.02","c6e3eafb-c1c0-4995-b714-3e45475d5171","2021-04-30 12:16:11.312"
"AA","37.400","3","37.430","2","324","37.02","b18c4975-e8a4-4955-85c7-fa25d23686c5","2021-04-30 12:16:11.312"
"AA","37.400","3","37.430","2","324","37.02","47e1b449-728f-4185-bc03-2dd83c3da108","2021-04-30 12:16:11.312"
"AA","37.020","20","37.040","2","-324","37.04","f0351ad7-3fa8-4152-b33a-997370e38c95","2021-04-30 12:16:57.629"
"AA","37.020","20","37.040","2","-324","37.04","5e10f47b-572b-437b-becd-22ab4a662077","2021-04-30 12:16:57.629"
"AA","37.020","20","37.040","2","-324","37.04","8c508b82-0a3e-4f32-9071-018f1f92c392","2021-04-30 12:16:57.629"
"AA","37.020","20","37.040","2","-324","37.04","39a5edf2-9ae0-4852-83c5-531466641994","2021-04-30 12:16:57.629"
"AA","37.020","20","37.040","2","-323","37.04","3cdf2288-5009-453c-b4cc-e0c6043b8f44","2021-04-30 12:16:57.629"
"AA","37.020","20","37.040","2","-323","37.04","99a0b4fc-db01-4e13-a98f-6a54c368750f","2021-04-30 12:16:57.629"
"AA","37.020","20","37.040","1","-324","37.04","3b03f059-3078-4ae6-908d-98a2116f28f6","2021-04-30 12:16:57.629"
"AA","37.020","20","37.040","1","-324","37.04","f8c39ec8-dc9b-4def-9a37-748cef5facb5","2021-04-30 12:16:57.629"
"AA","37.020","20","37.040","1","-323","37.04","2174ffc0-6217-4a29-a5e0-4f569bb0eed1","2021-04-30 12:16:57.629"
"AA","37.020","3","37.030","4","-323","37.04","ef6b24bb-3e7a-4f96-a928-629e1c186106","2021-04-30 12:16:57.629"
"AA","37.040","3","37.050","4","-324","37.05","3b50023e-836f-4f27-ac23-5b6baf10de49","2021-04-30 12:17:03.310"
"AA","37.270","1","37.290","3","322","37.19","b3b57e14-3251-4400-a121-8d2444627476","2021-04-30 13:02:56.570"
"AA","37.250","2","37.270","3","322","37.19","a346ff6a-9ebf-40cf-bc70-29bda207f916","2021-04-30 13:02:56.570"
"AA","37.250","3","37.270","2","322","37.19","640ced0e-6482-4132-93a7-928c100400be","2021-04-30 13:02:56.570"
"AA","37.250","2","37.280","3","322","37.19","a094403b-1b6a-47d2-8836-1017f5cf1a64","2021-04-30 13:02:56.570"
"AA","37.230","2","37.250","3","322","37.19","09206e1c-5c29-4d49-a1ce-9d77605296b4","2021-04-30 13:02:56.570"
"AA","37.240","3","37.260","3","322","37.19","aa3b7894-7602-4221-a04d-c2a9cec520b4","2021-04-30 13:02:56.570"
"AA","37.220","3","37.250","2","322","37.19","74ea5239-2d65-4d63-8706-b0defcc6449f","2021-04-30 13:02:56.570"
"AA","37.220","3","37.240","2","322","37.19","343fa547-b084-4f15-a4d3-63fa63104c8e","2021-04-30 13:02:56.570"
"AA","37.230","2","37.240","3","322","37.19","ab558271-0fe0-43ae-ab57-3f78a240a01d","2021-04-30 13:02:56.570"
"AA","37.220","2","37.240","5","322","37.17","c4201ded-32c9-42a0-a2d8-07f722b91d70","2021-04-30 13:03:32.932"
"AA","37.220","3","37.230","4","322","37.17","e3f2515e-e1d8-492e-88dc-dc481088407c","2021-04-30 13:03:32.932"
"AA","37.220","2","37.230","3","322","37.17","acc02bec-d272-47a2-a596-b4c7ff270f88","2021-04-30 13:03:32.932"
"AA","37.170","1","37.180","4","-322","37.18","c5cf41d2-485d-4279-a1fb-f6aef9e05a5f","2021-04-30 13:04:08.513"
"AA","37.170","1","37.180","4","-322","37.18","c3f3754e-078e-47a6-80ac-a854f41e3c32","2021-04-30 13:04:08.513"
"AA","37.160","1","37.180","2","-322","37.18","f011c631-03ab-461c-967f-2abc35267c49","2021-04-30 13:04:08.513"
"AA","37.170","3","37.180","3","-322","37.18","7c2e6964-7733-4aa7-9ed7-2a478b2e5106","2021-04-30 13:04:08.513"
"AA","37.190","2","37.200","2","-322","37.20","ada25148-24ec-4792-9578-5a53b19badd9","2021-04-30 13:05:00.611"
"AA","37.190","2","37.200","2","-322","37.20","e8dbd63e-6e52-4a77-b166-62760fe134c6","2021-04-30 13:05:00.611"
"AA","37.190","2","37.200","2","-322","37.20","41a32eb4-ee1c-4081-968c-ebd22bbe01b9","2021-04-30 13:05:00.611"
"AA","37.180","2","37.200","2","-322","37.20","67cbbe41-0b5b-45f4-a2cc-5775393a85a7","2021-04-30 13:06:07.137"
"AA","37.180","2","37.200","2","-322","37.20","3cca9e03-6f05-4495-8e4f-ca8937aad296","2021-04-30 13:06:07.137"
"AA","37.180","2","37.200","2","-322","37.20","b92badc2-75a9-4935-8042-603db0e54f9e","2021-04-30 13:06:07.137"
"AA","37.180","2","37.200","3","-322","37.20","57529cea-cd81-4513-89b2-09195398f434","2021-04-30 13:06:07.137"
"AA","37.200","2","37.220","3","-322","37.22","11d9b050-1c54-4aa5-934d-e645fdccc2ba","2021-04-30 13:06:16.980"
"AA","37.070","4","37.080","1","324","37.04","9979f59c-65e7-46d9-9b58-974ef425e57d","2021-04-30 13:42:19.722"
"AA","37.080","3","37.090","1","324","37.04","e59ec10b-3a21-4902-81c6-8bd665f84616","2021-04-30 13:42:19.722"
"AA","37.080","3","37.090","1","323","37.04","69e8ad2a-bdc5-4381-b82f-ef9c2fece5ef","2021-04-30 13:42:19.722"
"AA","37.090","3","37.110","4","323","37.04","c1bbbf58-3b0e-4b4b-bca7-5a30542f2c04","2021-04-30 13:42:19.722"
"AA","37.040","4","37.050","3","-324","37.05","a85664b6-2aec-4d37-8675-9c5133def896","2021-04-30 13:42:59.282"
"AA","37.040","4","37.050","3","-323","37.05","ebf50cf8-5823-489b-b60d-d96b6c8d230b","2021-04-30 13:42:59.282"
"AA","37.040","5","37.050","2","-324","37.05","42ba1e4f-02a0-4f16-b27b-5ab2e127f22c","2021-04-30 13:42:59.282"
"AA","37.050","1","37.060","1","-323","37.06","9102adf1-3985-4723-9f8e-96bf959b8535","2021-04-30 13:43:00.042"
"AA","37.920","2","37.950","3","324","36.93","32e3a856-0472-4287-b022-efa9eb635c0d","2021-04-30 13:46:45.390"
"AA","38.000","3","38.030","2","324","36.93","9c5fb3b9-6495-4eb2-a6f2-202713ae2ac4","2021-04-30 13:46:45.390"
"AA","38.010","26","38.050","1","324","36.93","3a4c84a1-ee78-4035-8ce8-7572ddfe2d84","2021-04-30 13:46:45.390"
"AA","37.950","2","37.980","1","325","36.90","bc39e9c0-be9a-4024-b634-26c4845d7461","2021-04-30 13:46:56.475"
"AA","37.970","5","38.000","5","325","36.90","ea8dd671-1cd4-4888-8a2d-5d6ff7c1fde2","2021-04-30 13:46:56.475"
"AA","37.970","3","38.000","1","325","36.90","e0060944-7d8b-4d52-a882-aac7288e5479","2021-04-30 13:46:56.475"
"AA","36.920","3","36.940","1","-325","36.95","0a7fb0c6-442d-440e-9645-6736550e624e","2021-04-30 13:47:30.980"
"AA","36.920","3","36.940","1","-324","36.95","ceac83de-ae13-400f-838b-f9d022d80e5a","2021-04-30 13:47:30.980"
"AA","36.920","3","36.940","1","-325","36.95","94ae68e1-1294-4ad3-8bd4-552085ed1063","2021-04-30 13:47:30.980"
"AA","36.920","4","36.950","1","-324","36.95","dfad61f0-ced4-4738-93f7-72179e507b7f","2021-04-30 13:47:30.980"
"AA","36.920","4","36.950","1","-325","36.95","583fc16c-80a3-4a33-b33a-d33a08b35922","2021-04-30 13:47:30.980"
"AA","36.920","3","36.950","3","-324","36.95","ff67a312-fa6f-4602-aba1-c1c0c208dde4","2021-04-30 13:48:08.321"
"AA","37.040","4","37.060","2","324","37.03","70786a14-512e-4d22-8feb-5a10633b05e9","2021-04-30 13:54:44.808"
"AA","36.990","3","37.000","1","-324","37.00","ce686e0c-494a-48f9-b1ca-94735b10ee28","2021-04-30 13:56:00.961"
"AA","37.020","2","37.040","2","325","36.90","26c9b450-8db1-4bcc-9aea-4e36c83d8245","2021-04-30 14:04:02.396"
"AA","36.920","2","36.940","3","-325","36.95","7e8a269d-3134-4299-8e7a-bd5519c2864c","2021-04-30 14:05:01.150"
"AA","36.910","2","36.940","4","325","36.89","cc0585a3-dfbc-41fc-b28c-1637120d4c6f","2021-04-30 14:23:29.788"
"AA","36.920","1","36.940","3","325","36.89","a58623bf-f53b-42fb-8da5-6183ac3b8942","2021-04-30 14:23:29.788"
"AA","36.910","3","36.930","3","325","36.89","2a6b7a35-cc62-4e1b-87c3-996ed928a409","2021-04-30 14:23:29.788"
"AA","36.910","1","36.920","2","325","36.89","82ac5458-bfaa-473d-9333-5d76e360b3e8","2021-04-30 14:23:29.788"
"AA","36.910","1","36.920","3","325","36.89","677b743e-8566-4027-ac77-d378e13e2ecd","2021-04-30 14:23:29.788"
"AA","36.910","2","36.920","2","325","36.89","82afb396-433a-406d-829c-74e638d57b16","2021-04-30 14:23:29.788"
"AA","36.920","5","36.930","3","325","36.89","5757d57e-1c71-42d4-8894-275b09fdc155","2021-04-30 14:23:29.788"
"AA","36.810","2","36.830","5","-325","36.83","d5a94037-3a16-489c-9d60-528b92ffe78a","2021-04-30 14:27:47.539"
"AA","36.810","2","36.830","5","-325","36.83","e8dc1766-d394-4c71-adb6-dcc144c5aaca","2021-04-30 14:27:47.539"
"AA","36.820","3","36.830","1","-325","36.83","24231586-d601-4a25-b632-994a05d07450","2021-04-30 14:27:47.539"
"AA","36.820","3","36.840","1","-325","36.84","c93268f4-3a5e-4625-8c01-e9e757bb9206","2021-04-30 14:29:00.501"
"AA","36.790","3","36.800","1","-325","36.80","42b42e88-a466-4f9d-82ad-21c341a0ebf6","2021-04-30 14:32:48.685"
"AA","36.800","3","36.810","4","-325","36.81","0970e9a2-1464-48d9-9aca-28f370062ed6","2021-04-30 14:33:02.717"
"AA","36.800","3","36.810","4","-325","36.81","54cb443c-efaa-420c-9d1f-3f2b2c7354de","2021-04-30 14:33:02.717"
"AA","36.830","1","36.840","4","325","36.82","20e7c7fb-d798-44eb-afae-4e252a328f2c","2021-04-30 14:45:11.719"
"AA","36.800","4","36.810","3","-325","36.81","264ddd0a-dd16-4613-8051-9e83e47e9248","2021-04-30 14:47:41.790"
"AA","36.720","1","36.730","4","326","36.73","d3927cf6-e50b-4822-9faa-2be5c9ef0e8b","2021-04-30 15:10:50.006"
"AA","36.740","3","36.750","1","-326","36.75","6da63273-7ceb-479a-b4e3-a435ebe46908","2021-04-30 15:11:46.751"
"AA","36.760","2","36.780","36","326","36.71","93a09bb7-dd7b-45fb-9443-68945b6db6f7","2021-04-30 15:35:00.874"
"AA","36.750","3","36.760","2","327","36.69","da3bfdb9-18b8-4acb-b517-f0ee65c11264","2021-04-30 15:38:01.995"
"AA","36.740","3","36.750","3","327","36.69","5b53d96b-6820-4b40-b05a-f067453a8e6e","2021-04-30 15:38:01.995"
"AA","36.740","3","36.750","3","327","36.69","5679a83c-b97d-4ff3-b449-972dd0af6bfd","2021-04-30 15:38:01.995"
"AA","36.730","57","36.740","1","327","36.69","aeb6839e-5f91-4107-84da-599efdc500a7","2021-04-30 15:38:01.995"
"AA","36.730","57","36.740","1","327","36.69","af6e259c-aa06-4c1b-899b-02c5389724bc","2021-04-30 15:38:01.995"
"AA","36.740","3","36.750","2","327","36.68","476f7444-d91e-461a-be79-6ce0c1200b26","2021-04-30 15:38:03.130"
"AA","36.740","8","36.760","3","327","36.68","a81c9c4b-852d-4456-829e-176717b6701d","2021-04-30 15:38:03.130"
"AA","36.810","2","36.820","3","327","36.67","bc7d030d-2446-4dae-ad6c-004a6909e9e9","2021-04-30 15:38:27.698"
"AA","36.810","3","36.820","3","327","36.67","a3d339c7-b51c-47a8-b56e-54419ac728f4","2021-04-30 15:38:27.698"
"AA","36.780","2","36.790","1","327","36.67","774e0ea4-84c0-4dbd-910b-2a7f61ad832f","2021-04-30 15:38:27.698"
"AA","36.780","1","36.800","4","327","36.67","b9d56f13-6cd0-49c2-a454-90dc1a0ac3f3","2021-04-30 15:38:27.698"
"AA","36.770","2","36.780","3","327","36.67","853f86e7-90ab-4bb5-a6f6-c67c75e80f3c","2021-04-30 15:38:27.698"
"AA","36.770","1","36.780","3","327","36.67","6b0eb34f-fe5d-4606-b513-48866dff8940","2021-04-30 15:38:27.698"
"AA","36.700","3","36.710","6","327","36.65","ab0c9b85-5107-4bd6-8b74-728dd3c30507","2021-04-30 15:38:34.031"
"AA","36.700","3","36.720","3","327","36.64","de4fb8b1-8178-4397-9ee9-18f300d9df3e","2021-04-30 15:38:35.044"
"AA","36.700","2","36.720","3","327","36.64","5071d412-5fb6-407d-83eb-1c449ff22bec","2021-04-30 15:38:35.044"
"AA","36.720","2","36.730","5","327","36.64","e28aac8d-b2ff-4eaf-b256-1736d0d0c1a2","2021-04-30 15:38:35.044"
"AA","36.570","27","36.580","3","-5,885","36.57","102aa7ad-c49a-4692-bb17-cc6a0273fe9f","2021-04-30 15:48:00.006"
"AG","15.330","11","15.340","16","784","15.30","8ba6ac48-adcf-4dc0-a852-f88086260eea","2021-04-30 10:12:17.999"
"AG","15.310","9","15.320","13","-784","15.32","156ef8b4-3e4b-4128-8ecf-6ea9e368674b","2021-04-30 10:15:24.527"
"AG","15.340","9","15.350","21","782","15.34","c02e7079-1dd6-4598-b089-0b0b208175bc","2021-04-30 10:46:08.676"
"AG","15.320","18","15.330","2","-782","15.33","9e66041b-b4ec-43e7-a6f3-2f09d36ae7d8","2021-04-30 10:46:30.071"
"AG","15.350","11","15.360","4","785","15.27","56ef4233-bc71-427e-bb33-71adf0b26a6e","2021-04-30 10:50:36.440"
"AG","15.350","12","15.360","4","785","15.27","086421cf-0018-47c1-807c-1a714e73155d","2021-04-30 10:50:36.440"
"AG","15.360","24","15.370","7","786","15.27","c85a10de-e6e9-46c0-9083-dbf57f3777c9","2021-04-30 10:50:36.440"
"AG","15.370","2","15.380","19","786","15.27","327a86c5-b4f6-4e4b-917f-059bef51a28e","2021-04-30 10:50:36.440"
"AG","15.370","12","15.380","10","785","15.27","46df3fa3-82d5-4edd-b0d3-ab9551cf106c","2021-04-30 10:50:36.440"
"AG","15.360","2","15.370","20","785","15.27","402372b1-fefd-4eff-aa94-16e1fc955bb2","2021-04-30 10:50:36.440"
"AG","15.360","1","15.370","15","785","15.27","818eaa3f-977c-48e9-b046-90915fe2dc9a","2021-04-30 10:50:36.440"
"AG","15.360","5","15.370","5","786","15.27","ae6b746a-202a-4c09-95ab-09820443f2b2","2021-04-30 10:50:36.440"
"AG","15.360","5","15.370","5","785","15.27","f2ec779b-3b2a-4abb-929e-bd6f62e2a222","2021-04-30 10:50:36.440"
"AG","15.270","8","15.280","12","-785","15.28","647926a2-b38e-4d4b-a08b-6ed3eb93b906","2021-04-30 10:51:46.817"
"AG","15.270","8","15.280","12","-785","15.28","252d9da0-70d5-49ac-9b64-d179d17bda87","2021-04-30 10:51:46.817"
"AG","15.270","8","15.280","12","-785","15.28","1e3034d3-4d9e-467d-813e-4049a909e514","2021-04-30 10:51:46.817"
"AG","15.280","28","15.290","2","-785","15.29","e93359f4-468e-4b7f-b931-c2346cabbc34","2021-04-30 10:51:51.378"
"AG","15.280","28","15.290","2","-785","15.29","96ad4c5a-5def-46c0-873c-e0ab0399ac73","2021-04-30 10:51:51.378"
"AG","15.280","28","15.290","2","-786","15.29","009b3001-6540-46d4-82a8-3f58837a882b","2021-04-30 10:51:51.378"
"AG","15.260","11","15.270","9","-786","15.27","d5b33fed-7ca6-42d8-8303-e98084e2876c","2021-04-30 10:52:02.968"
"AG","15.260","11","15.270","9","-785","15.27","ea2f2af0-e10c-4945-84fa-c7c43c3e6492","2021-04-30 10:52:02.968"
"AG","15.280","3","15.290","14","-786","15.29","cebe530f-d321-49fb-b53f-ba991026ca98","2021-04-30 10:52:44.901"
"AG","15.300","13","15.310","7","787","15.24","ec0b8a78-e3aa-47c5-99ad-6d0f4802f979","2021-04-30 10:58:24.572"
"AG","15.290","10","15.300","2","787","15.24","931a0d62-8261-4fc6-a1fd-899135cf8e71","2021-04-30 10:58:24.572"
"AG","15.300","9","15.310","8","787","15.24","34bb7a1e-fd0d-4bbe-af84-7cc673c01a4a","2021-04-30 10:58:24.572"
"AG","15.310","25","15.320","20","787","15.24","a7f60376-1b85-498a-a782-c450b9a92b05","2021-04-30 10:58:24.572"
"AG","15.340","3","15.350","10","788","15.23","9d8b0d1f-b060-4c2c-a637-3657f1c979eb","2021-04-30 10:58:39.007"
"AG","15.340","3","15.350","10","788","15.23","a1f0f676-1af5-49d0-84e2-557aae07e33d","2021-04-30 10:58:39.007"
"AG","15.340","2","15.350","16","788","15.23","34c80b51-fbbc-4b38-87a3-3e523bc4c246","2021-04-30 10:58:39.007"
"AG","15.350","4","15.360","20","788","15.23","2281d9ba-1bbb-446f-a3ee-36ba9419d3a2","2021-04-30 10:58:39.007"
"AG","15.360","16","15.370","16","788","15.23","db25dd5c-6be8-4d3e-9e8d-44ed9825c07c","2021-04-30 10:58:39.007"
"AG","15.370","23","15.380","12","788","15.23","0006d49d-ba26-446a-b0d5-e32fb25ce934","2021-04-30 10:58:39.007"
"AG","15.380","26","15.390","9","788","15.23","95a66bfd-afa4-4b45-a12a-8578689851bd","2021-04-30 10:58:39.007"
"AG","15.370","2","15.380","18","788","15.23","dd728aaf-49eb-46c4-95a1-85578cb68dde","2021-04-30 10:58:39.007"
"AG","15.360","4","15.370","15","788","15.23","0346625f-0bda-40ca-b8b9-b6286c23d4b1","2021-04-30 10:58:39.007"
"AG","15.360","16","15.370","8","787","15.23","1cee9d37-3deb-4a19-83e9-f174a5be347f","2021-04-30 10:58:39.007"
"AG","15.350","15","15.360","7","788","15.23","197be041-5140-468d-a22c-0fe341f09e00","2021-04-30 10:58:39.007"
"AG","15.230","20","15.240","4","-787","15.25","282e64d2-cf03-4aed-845c-4a6a4959a11c","2021-04-30 11:00:04.268"
"AG","15.230","20","15.240","4","-788","15.25","52f2142c-605e-4f80-bbb7-83c52582bbfb","2021-04-30 11:00:04.268"
"AG","15.230","20","15.240","4","-788","15.25","2c9a38c3-9409-40c9-942e-7d45db183aea","2021-04-30 11:00:04.268"
"AG","15.230","20","15.240","4","-788","15.25","90b7f344-96c5-48ea-b126-58e9ca30872b","2021-04-30 11:00:04.268"
"AG","15.230","20","15.240","4","-787","15.25","7dc3c289-16ac-41e9-9062-a96132603b0f","2021-04-30 11:00:04.268"
"AG","15.230","20","15.240","4","-788","15.25","6c9251fb-8964-4449-a4ec-c9c1ba9f841d","2021-04-30 11:00:04.268"
"AG","15.240","4","15.250","24","-787","15.25","bf9e6f52-0e5f-4100-beed-4e39b31a53ac","2021-04-30 11:00:04.377"
"AG","15.240","4","15.250","24","-788","15.25","2744c71c-4c61-4c8f-9e1d-308c930e6d37","2021-04-30 11:00:04.377"
"AG","15.240","4","15.250","24","-788","15.25","00d3ccb9-4f60-45b0-bfe5-de9cfa5b442f","2021-04-30 11:00:04.377"
"AG","15.240","4","15.250","24","-787","15.25","b1ab4661-6975-40c1-a67e-960d6850ff94","2021-04-30 11:00:04.377"
"AG","15.240","4","15.250","24","-788","15.25","8a74114e-7a48-442c-b7f9-55f60e2ee3aa","2021-04-30 11:00:04.377"
"AG","15.240","4","15.250","24","-787","15.25","3b94fd70-7d78-4dfe-9877-a8f1f8e07d58","2021-04-30 11:00:04.377"
"AG","15.240","4","15.250","24","-788","15.25","96eb6f67-2010-4b6a-ad5c-a1891870d488","2021-04-30 11:00:04.377"
"AG","15.240","4","15.250","24","-788","15.25","53077271-0a77-480e-b617-158d760dfc8d","2021-04-30 11:00:04.377"
"AG","15.250","1","15.260","22","-788","15.26","c7f665ce-feab-4d41-9c03-35aa38f12171","2021-04-30 11:00:32.636"
"AG","15.200","6","15.210","25","788","15.21","a7d31126-3b32-4c8b-abd2-7c2181a26a89","2021-04-30 11:16:20.006"
"AG","15.130","28","15.140","9","-788","15.14","ae30dd38-4284-4664-b5da-7f5e933b19b6","2021-04-30 11:23:24.346"
"AG","15.130","15","15.140","8","793","15.12","6303f1c3-d5d4-40ac-b26b-b3eb69e263bb","2021-04-30 11:42:29.401"
"AG","15.130","14","15.140","8","793","15.12","e0a48c8f-0eb7-4b7e-8c29-723d1323cfd4","2021-04-30 11:42:29.401"
"AG","15.120","26","15.130","6","-793","15.14","c94ed14c-7364-4931-bfec-85ead59ccea4","2021-04-30 11:44:30.490"
"AG","15.130","27","15.140","7","-793","15.14","308872bd-4edb-4419-ae06-b5e6645d47f5","2021-04-30 11:44:40.501"
"AG","15.160","26","15.170","4","793","15.12","8355f721-2cb3-4e4a-bde3-e82ad7337649","2021-04-30 12:16:17.834"
"AG","15.170","7","15.180","20","793","15.12","2748bcdf-7d8a-4689-8389-c1d3a4f4d7b9","2021-04-30 12:16:17.834"
"AG","15.160","6","15.170","17","793","15.12","00f8254a-a7a8-4f43-ad9d-b85daf886ae6","2021-04-30 12:16:17.834"
"AG","15.160","7","15.170","7","793","15.12","1cc444ed-8ff1-4247-a98a-19a72c708211","2021-04-30 12:16:17.834"
"AG","15.150","4","15.160","16","793","15.12","83061e3b-a3b7-4a4a-9b18-824f83f96fb3","2021-04-30 12:16:17.834"
"AG","15.140","9","15.150","11","793","15.12","b2f3de08-e275-4bea-856e-30037f124ab0","2021-04-30 12:16:17.834"
"AG","15.130","24","15.140","4","793","15.12","8282f66a-b837-4849-87b6-60dd093e42f4","2021-04-30 12:16:17.834"
"AG","15.140","14","15.150","17","793","15.12","0113c0e9-6f3b-4f6b-bf50-7685faca2dad","2021-04-30 12:16:17.834"
"AG","15.140","18","15.150","14","793","15.12","44d6a1ad-e2ea-4bd2-bf1a-77e7951a8b7c","2021-04-30 12:16:17.834"
"AG","15.140","18","15.150","14","793","15.12","e7eb0b9f-07f9-4e34-b6ea-a5d750299713","2021-04-30 12:16:17.834"
"AG","15.150","5","15.160","18","793","15.12","e512d93f-5ce5-47ab-8cf7-e6db549e2c4f","2021-04-30 12:16:17.834"
"AG","15.150","10","15.160","41","793","15.12","5800260f-1d26-4db7-830e-3053d0c4df3c","2021-04-30 12:16:17.834"
"AG","15.140","5","15.150","25","793","15.12","0a65555a-b8d2-40e6-84a4-0b85aa915e8d","2021-04-30 12:16:17.834"
"AG","15.140","4","15.150","25","793","15.12","72c34f82-b90a-4798-8879-c7681e74eafb","2021-04-30 12:16:17.834"
"AG","15.140","6","15.150","26","793","15.12","8af6a1fc-5744-4910-967b-fd3be10758dd","2021-04-30 12:16:17.834"
"AG","15.130","26","15.140","30","793","15.12","0d8857fd-0373-4057-85a6-f260448fed28","2021-04-30 12:16:17.834"
"AG","15.110","9","15.120","30","-793","15.12","9a88bc63-19d1-4067-a25b-51fb6b553bda","2021-04-30 12:16:55.021"
"AG","15.110","9","15.120","30","-793","15.12","487894f4-f616-4550-90c1-1cdebf218ad0","2021-04-30 12:16:55.021"
"AG","15.110","9","15.120","30","-793","15.12","d91bf997-803a-4946-9276-58d2d5118709","2021-04-30 12:16:55.021"
"AG","15.110","9","15.120","30","-793","15.12","f80a505b-2187-4782-85d2-2b7e3281282c","2021-04-30 12:16:55.021"
"AG","15.110","9","15.120","30","-793","15.12","f357a368-1aa3-44a4-a18b-8cdd55fc731c","2021-04-30 12:16:55.021"
"AG","15.110","9","15.120","30","-793","15.12","b35cbb6a-9844-431b-b7fc-10fe372fae17","2021-04-30 12:16:55.021"
"AG","15.110","9","15.120","30","-793","15.12","5c08bba8-40b1-4122-868b-be7f9f242ed9","2021-04-30 12:16:55.021"
"AG","15.110","9","15.120","30","-793","15.12","c3287ebe-99ef-481a-8e79-8d5c566029b8","2021-04-30 12:16:55.021"
"AG","15.110","10","15.120","29","-793","15.12","250a41cc-a0fe-4250-9881-2a51c0fc05f9","2021-04-30 12:16:55.021"
"AG","15.110","10","15.120","29","-793","15.12","25de225a-c54f-406c-bd6b-c7c524f8e305","2021-04-30 12:16:55.021"
"AG","15.110","10","15.120","29","-793","15.12","a265eabe-f360-41f3-8f2d-bc621fa9a026","2021-04-30 12:16:55.021"
"AG","15.110","10","15.120","29","-793","15.12","6dd8dee7-0849-4bca-b0a5-ffe9e7441efc","2021-04-30 12:16:55.021"
"AG","15.110","9","15.120","21","-793","15.12","d72cca41-28da-4ca9-ab22-6b5b360746b1","2021-04-30 12:16:55.021"
"AG","15.110","9","15.120","21","-793","15.12","874b9287-735c-4f1f-a587-5c363b239512","2021-04-30 12:16:55.021"
"AG","15.100","44","15.110","12","-793","15.11","fca3104e-1eb7-4994-9a74-004b327c2b28","2021-04-30 12:17:23.688"
"AG","15.100","44","15.110","12","-793","15.11","34002741-fec1-4f52-8fa0-08982fbdc9a0","2021-04-30 12:17:23.688"
"AG","15.130","22","15.140","13","792","15.13","c64d3860-f0e8-46c4-b14e-f37d3abafa69","2021-04-30 12:22:38.496"
"AG","15.130","22","15.140","13","793","15.13","f77c3f15-7a65-403a-a7fd-096f2f2e2cf1","2021-04-30 12:22:38.496"
"AG","15.130","22","15.140","13","793","15.13","81916550-f262-4a3b-b89e-9027f982219d","2021-04-30 12:22:38.496"
"AG","15.120","11","15.130","20","-793","15.13","7061d8ea-043b-41c4-88f5-9107720dbcaa","2021-04-30 12:24:47.826"
"AG","15.120","11","15.130","20","-793","15.13","8639a0d8-8264-4ce9-b128-8639622ef08b","2021-04-30 12:24:47.826"
"AG","15.120","11","15.130","20","-792","15.13","26735565-15c5-417f-a477-a854e19648f9","2021-04-30 12:24:47.826"
"AG","15.160","7","15.170","32","792","15.15","63a593e5-c395-4182-84b6-49bf51d00f6e","2021-04-30 13:00:50.514"
"AG","15.160","7","15.170","29","792","15.15","0ec80a09-01c6-45da-83c0-347253fdb5fa","2021-04-30 13:00:50.514"
"AG","15.160","7","15.170","27","792","15.15","15130b33-58b6-4a86-b6d5-0d2837ea66b6","2021-04-30 13:00:50.514"
"AG","15.150","14","15.160","24","-792","15.16","27b49450-9b82-44a6-8641-ec98bef44dbe","2021-04-30 13:04:14.705"
"AG","15.150","14","15.160","24","-792","15.16","44f4a94e-ba64-4045-80b5-39ab60ddd579","2021-04-30 13:04:14.705"
"AG","15.150","3","15.160","32","-792","15.16","09545f80-b335-49e6-8d2c-ed33fac1990c","2021-04-30 13:04:14.705"
"AG","15.160","5","15.170","33","792","15.14","8982dab2-ca9e-4776-a1e4-a7cd6049cb10","2021-04-30 13:05:57.677"
"AG","15.160","12","15.170","28","792","15.14","0560ec53-e073-4a4e-9989-4c6a6ca4b031","2021-04-30 13:05:57.677"
"AG","15.150","17","15.160","28","792","15.14","01f35640-ea02-4046-ac27-45d0fbf07acf","2021-04-30 13:05:57.677"
"AG","15.150","11","15.160","4","792","15.14","a6803347-262e-4106-8fd6-0dc34f794491","2021-04-30 13:05:57.677"
"AG","15.130","24","15.150","28","-792","15.15","4b1556db-0323-4b41-858d-bac568205612","2021-04-30 13:06:50.861"
"AG","15.130","24","15.150","28","-792","15.15","5c3e8945-11f5-4f0d-a55d-aec4820e02ff","2021-04-30 13:06:50.861"
"AG","15.140","8","15.150","25","-792","15.15","412ef4f2-62b3-41c0-a884-fbdc6793b373","2021-04-30 13:06:50.861"
"AG","15.140","2","15.150","25","-792","15.15","212ad63c-949c-481c-a440-3bea9f8c705c","2021-04-30 13:07:39.099"
"AG","15.150","8","15.160","24","792","15.14","941ac3d4-fbb5-4b48-a873-c3e4a940ff32","2021-04-30 13:53:07.192"
"AG","15.150","8","15.160","22","792","15.14","e9706670-e273-4177-a5a2-a2ff265d4e64","2021-04-30 13:53:07.192"
"AG","15.150","8","15.160","22","792","15.14","2aa542af-0769-400a-8a38-b258e6bfa237","2021-04-30 13:53:07.192"
"AG","15.140","10","15.150","12","-792","15.15","b73fea0c-988b-45db-8da2-09351faad1fd","2021-04-30 13:54:19.379"
"AG","15.140","10","15.150","12","-792","15.15","d0dd2477-64e9-4a89-a952-7235d6fe1ec9","2021-04-30 13:54:19.379"
"AG","15.140","20","15.150","11","-792","15.15","d4acda17-bba8-4b43-a287-0a6fe72eefec","2021-04-30 13:54:19.379"
"AG","15.150","4","15.160","45","792","15.14","7767ef83-d878-4038-8f84-b2ae431de923","2021-04-30 13:55:18.494"
"AG","15.130","3","15.140","23","-792","15.14","37a05893-6478-4197-9217-c1bf68aeb90c","2021-04-30 13:57:27.412"
"AG","15.140","11","15.150","18","793","15.13","b9f4be9b-63c1-4b83-875c-d4a09bd54166","2021-04-30 13:57:45.741"
"AG","15.150","8","15.160","21","792","15.13","c0fc4d15-51e7-4d49-a217-c07d03e9b045","2021-04-30 13:57:45.741"
"AG","15.150","3","15.160","36","792","15.13","0030b88b-494c-44ac-8911-21b75b92337c","2021-04-30 13:57:45.741"
"AG","15.150","3","15.160","31","793","15.13","35018b1c-710d-4285-bdbd-2b59228c2b8a","2021-04-30 13:57:45.741"
"AG","15.130","6","15.140","13","-792","15.14","32013a0d-8353-4ddd-986a-ff692b3d76eb","2021-04-30 13:58:20.626"
"AG","15.130","6","15.140","13","-793","15.14","a57397e2-cfa5-42c2-ad53-a47155378371","2021-04-30 13:58:20.626"
"AG","15.130","19","15.140","1","-792","15.14","1dfb8221-7386-4518-9be1-5611e5ae5f79","2021-04-30 13:58:30.445"
"AG","15.130","24","15.140","2","-793","15.14","216d7bbf-5296-4648-bec9-b7774b023961","2021-04-30 13:58:43.326"
"AG","15.150","1","15.160","22","792","15.14","eaa24a9f-3d63-48e8-8a53-8a93be41162b","2021-04-30 14:04:30.024"
"AG","15.140","15","15.150","37","-792","15.15","e8e37ec7-d115-41d5-98ed-d1a5260fc9b1","2021-04-30 14:05:01.110"
"AG","15.150","5","15.160","29","792","15.14","4d05c847-9c1b-416a-8480-1ab0961fc261","2021-04-30 14:09:08.995"
"AG","15.140","11","15.150","38","-792","15.15","edc31494-eb1f-41a5-a7e5-fed2036ec16c","2021-04-30 14:19:00.512"
"AG","15.140","27","15.150","18","793","15.13","ae1696e3-ac58-4f34-b0b8-3c4b2a1eac1c","2021-04-30 14:20:12.789"
"AG","15.140","33","15.150","19","793","15.13","17da0b91-6e0e-44e1-812e-dc6026c8ca9f","2021-04-30 14:20:12.789"
"AG","15.130","24","15.140","26","-793","15.14","aa308392-c041-4fbb-a305-2ad378c018a9","2021-04-30 14:21:32.438"
"AG","15.140","5","15.150","29","-793","15.15","aded4759-1487-4eec-b646-39c400ca5f20","2021-04-30 14:22:11.568"
"AG","15.150","13","15.160","9","792","15.14","8edb1231-237d-4b94-8e8c-a75f138aa600","2021-04-30 14:26:54.543"
"AG","15.150","13","15.160","7","792","15.14","10aabc52-161d-4df0-9e0c-ba87294e5dc4","2021-04-30 14:26:54.543"
"AG","15.150","13","15.160","7","792","15.14","3d1f3a07-4f15-4261-92b2-8918194aea79","2021-04-30 14:26:54.543"
"AG","15.150","12","15.160","10","792","15.14","bab95b78-8cd0-4be1-89e6-1393766042de","2021-04-30 14:26:54.543"
"AG","15.150","10","15.160","21","792","15.14","a7464a78-121e-4f0f-baf5-bcc065ed13cf","2021-04-30 14:26:54.543"
"AG","15.150","9","15.160","20","792","15.14","bfb47052-32e9-41fe-bdbe-08524ead40ec","2021-04-30 14:26:54.543"
"AG","15.140","29","15.150","8","792","15.14","0cf9a005-0d27-4c2b-b1a1-4167951eefab","2021-04-30 14:26:54.543"
"AG","15.140","29","15.150","8","792","15.14","87912684-7534-4ff0-ba6d-d752a72bc9dd","2021-04-30 14:26:54.543"
"AG","15.140","9","15.150","8","-792","15.15","5d2d1d05-24f3-490d-b962-69e895f2f6f6","2021-04-30 14:27:40.495"
"AG","15.140","9","15.150","8","-792","15.15","e38c5a24-96d8-479a-afae-a6154f114efb","2021-04-30 14:27:40.495"
"AG","15.140","9","15.150","8","-792","15.15","66e97072-9319-484f-9406-c88e747495a4","2021-04-30 14:27:40.495"
"AG","15.140","9","15.150","8","-792","15.15","48ce1adf-1c0f-4090-95e7-ab5f1c307a72","2021-04-30 14:27:40.495"
"AG","15.140","9","15.150","8","-792","15.15","a1998463-6e99-4a54-b992-9cf9cdc604b2","2021-04-30 14:27:40.495"
"AG","15.140","9","15.150","8","-792","15.15","651422e4-94b9-486c-9fe9-6a2ee83e14a5","2021-04-30 14:27:40.495"
"AG","15.140","9","15.150","8","-792","15.15","c19cc852-e20b-4fbf-b211-4308f81dc8d6","2021-04-30 14:27:40.495"
"AG","15.140","9","15.150","8","-792","15.15","5e346402-b228-4412-bdb5-189f1e240cb3","2021-04-30 14:27:40.495"
"AG","15.150","10","15.160","9","792","15.14","c44b43f6-5426-49d1-a662-242b7233577d","2021-04-30 14:30:57.461"
"AG","15.150","19","15.160","9","792","15.14","b4335f27-04fe-40f5-aa5e-17570a16f325","2021-04-30 14:30:57.461"
"AG","15.130","23","15.140","1","793","15.11","c27e63aa-3a72-4ce2-9bfe-431750dbb488","2021-04-30 14:36:32.522"
"AG","15.150","18","15.160","58","793","15.11","5cc643cb-bdac-4496-83fc-98ab39b39233","2021-04-30 14:36:32.522"
"AG","15.150","19","15.160","24","793","15.11","36a8278d-3468-4d70-9a4f-13f8ff059f94","2021-04-30 14:36:32.522"
"AG","15.150","26","15.160","18","793","15.11","418b43b3-2544-41a1-9451-d7fece965dbc","2021-04-30 14:36:32.522"
"AG","15.150","13","15.160","32","793","15.11","8a0766a4-ea62-4e66-b3bb-239e53cf05c9","2021-04-30 14:36:32.522"
"AG","15.100","13","15.110","20","-793","15.11","3d7611b8-68cd-45ea-8129-cf860f069ca6","2021-04-30 14:37:11.543"
"AG","15.150","11","15.160","227","795","15.09","3c98fdc7-e2b0-4c44-839a-ddcd69bcf95f","2021-04-30 14:37:21.521"
"AG","15.140","25","15.150","12","795","15.09","148de7f4-ccc3-4c75-bc83-377264724105","2021-04-30 14:37:21.521"
"AG","15.140","14","15.150","11","795","15.09","430c3b9e-203f-4f5b-b769-d509f5dff08d","2021-04-30 14:37:21.521"
"AG","15.140","10","15.150","30","795","15.09","283bd5a1-c897-4b8c-b901-3446f45a4c2a","2021-04-30 14:37:21.521"
"AG","15.130","28","15.140","21","795","15.09","e51c5340-cad8-46c2-a86d-1588566d1fb6","2021-04-30 14:37:21.521"
"AG","15.130","14","15.140","10","795","15.09","d1bb18ed-8e43-44cf-b41f-d2da7054e807","2021-04-30 14:37:21.521"
"AG","15.130","16","15.140","7","795","15.09","235599ba-56c2-433f-8c8e-a6d0d140125a","2021-04-30 14:37:21.521"
"AG","15.140","12","15.150","27","795","15.09","9d2483b3-a14c-4442-9fcc-fc5e9d3f9b7b","2021-04-30 14:37:21.521"
"AG","15.140","12","15.150","27","795","15.09","23a71775-f317-47cc-b97b-ad3b1b26a7d6","2021-04-30 14:37:21.521"
"AG","15.140","13","15.150","28","795","15.09","6f326c58-179c-4dfe-96ec-42bec8d00f63","2021-04-30 14:37:21.521"
"AG","15.150","19","15.160","202","795","15.09","e6634dd8-ce9d-4297-b86f-5e2bd2ab3af7","2021-04-30 14:37:21.521"
"AG","15.090","2","15.100","36","-792","15.10","0116615f-fec6-4ca5-b5fd-800295bfd44c","2021-04-30 14:37:52.135"
"AG","15.090","2","15.100","36","-795","15.10","9e0f0049-73aa-4bf3-bd57-8e3899bcded2","2021-04-30 14:37:52.135"
"AG","15.090","2","15.100","36","-795","15.10","0db09b3d-073c-4118-8493-e034bfd3a547","2021-04-30 14:37:52.135"
"AG","15.090","2","15.100","36","-795","15.10","6b7d8bd1-f079-492e-b2ee-8dafe7483b03","2021-04-30 14:37:52.135"
"AG","15.090","2","15.100","36","-793","15.10","8bbd76f3-f3b5-483e-a79a-5aa3f9924749","2021-04-30 14:37:52.135"
"AG","15.090","2","15.100","36","-795","15.10","805bdeb6-353d-49cb-9c4e-bc545957a213","2021-04-30 14:37:52.135"
"AG","15.090","2","15.100","36","-795","15.10","82448205-7daa-4559-bcc0-ade65aa79ad5","2021-04-30 14:37:52.135"
"AG","15.090","2","15.100","36","-795","15.10","a925edb0-9ce0-47ce-9153-31e068fadb23","2021-04-30 14:37:52.135"
"AG","15.090","2","15.100","36","-792","15.10","b73df6f0-540f-4366-bc83-515f2205cbbe","2021-04-30 14:37:52.135"
"AG","15.090","2","15.100","35","-793","15.10","325a70d9-5f70-484e-80b1-ad924508eb2d","2021-04-30 14:37:52.135"
"AG","15.090","2","15.100","35","-793","15.10","01f79fe2-3fc9-4eba-8c8b-bcdd08ad025f","2021-04-30 14:37:52.135"
"AG","15.090","2","15.100","35","-795","15.10","d40b2dfd-53ab-4d70-bd81-0f62ec2a1e4a","2021-04-30 14:37:52.135"
"AG","15.090","2","15.100","35","-795","15.10","8a35af04-4a33-4682-a96f-3321745e5626","2021-04-30 14:37:52.135"
"AG","15.080","59","15.090","11","-795","15.09","4f35e838-6899-4f37-9bcb-54bca5041d56","2021-04-30 14:38:11.162"
"AG","15.080","58","15.090","13","-795","15.09","ac5a6b20-a5a6-474e-a9be-dc29090b4f4a","2021-04-30 14:38:28.761"
"AG","15.090","2","15.100","35","-793","15.10","f624586c-dcf2-4f13-b80e-a241d688e098","2021-04-30 14:38:29.551"
"AG","15.090","2","15.100","35","-795","15.10","91150c7b-5327-429d-9eef-3262f7ba8253","2021-04-30 14:38:29.551"
"ABB","32.830","2","32.840","88","366","32.77","a75bfc42-33c6-49b3-8951-1478ac137eb8","2021-04-30 10:06:21.813"
"ABB","32.820","11","32.830","49","366","32.77","4375a2f0-bea2-45c9-bbcc-0b264f5f1281","2021-04-30 10:06:21.813"
"ABB","32.820","11","32.830","49","366","32.77","7996e9a0-1e86-431a-a293-b1b9e6781c31","2021-04-30 10:06:21.813"
"ABB","32.820","11","32.830","49","366","32.77","78ce7026-eecd-4b44-855f-c1936b1aad9f","2021-04-30 10:06:21.813"
"ABB","32.830","9","32.840","25","366","32.76","7b160cf9-8fb0-423d-bda5-75617b012a2e","2021-04-30 10:06:28.073"
"ABB","32.830","10","32.840","17","366","32.76","9cd448c4-1685-48ed-a571-92be1e6ad4c5","2021-04-30 10:06:28.073"
"ABB","32.830","10","32.840","10","366","32.76","bdc64983-28d1-473f-b70f-757d3bccaf11","2021-04-30 10:06:28.073"
"ABB","32.750","4","32.760","16","-366","32.76","ba5e1adc-4380-49b9-bc2f-b3b5cd9556fb","2021-04-30 10:09:13.738"
"ABB","32.750","4","32.760","16","-366","32.76","25523520-d9eb-4e75-87a5-248cc53c18c5","2021-04-30 10:09:13.738"
"ABB","32.750","4","32.760","16","-366","32.76","89998c7d-aa41-4824-98dd-514232022145","2021-04-30 10:09:13.738"
"ABB","32.750","4","32.760","16","-366","32.76","0d8d3370-7514-48ba-b392-3b0fe89503cb","2021-04-30 10:09:13.738"
"ABB","32.750","4","32.760","16","-366","32.76","84f40902-af36-4fb3-9a7f-161c4c090d02","2021-04-30 10:09:13.738"
"ABB","32.750","4","32.760","16","-366","32.76","e550a450-429f-46f3-b609-7a22b1e49dc6","2021-04-30 10:09:13.738"
"ABB","32.750","4","32.760","16","-366","32.76","a4c5d0fe-0ebd-4a6d-9534-8a52c382bf80","2021-04-30 10:09:13.738"
"ABB","32.760","10","32.770","15","366","32.76","be4a06ff-bebb-48ce-bbcb-7cf1472f5679","2021-04-30 10:26:17.900"
"ABB","32.770","16","32.780","12","-366","32.78","05f3b3cb-f8c9-407a-b73c-11000a0cb66b","2021-04-30 10:26:46.384"
"ABB","32.770","12","32.780","18","366","32.76","93aa3f92-5243-4e5c-a62f-e4c4c68f9b92","2021-04-30 10:27:07.964"
"ABB","32.760","15","32.770","19","366","32.76","418f6ca8-c6c8-48ff-96d4-efa8b352d72c","2021-04-30 10:27:07.964"
"ABB","32.760","18","32.770","21","-366","32.77","e5a7216d-7be8-49db-b246-b39a20c76014","2021-04-30 10:27:32.195"
"ABB","32.760","18","32.770","21","-366","32.77","7cb775af-a7ec-4a68-9dbd-b08859b5981d","2021-04-30 10:27:32.195"
"ABB","32.800","17","32.810","26","366","32.74","5f7c8df0-f87c-4930-afd2-d352d7f94ebb","2021-04-30 10:37:54.344"
"ABB","32.750","13","32.760","42","-366","32.76","61fbf5e9-4a51-4b1a-bbcd-9a05437f4d1f","2021-04-30 10:41:00.797"
"ABB","32.750","17","32.760","27","366","32.74","52e28803-d822-415f-9add-46028155a1ec","2021-04-30 10:43:19.566"
"ABB","32.750","17","32.760","20","366","32.74","5e965ed9-4eff-4777-9d19-d4217b49208d","2021-04-30 10:43:19.566"
"ABB","32.740","2","32.750","52","-366","32.75","fe83c920-0dce-4277-bf08-6329bc6917ff","2021-04-30 10:44:20.941"
"ABB","32.740","5","32.750","44","-366","32.75","5e276174-c8c8-482b-8f45-018af6c59281","2021-04-30 10:44:20.941"
"ABB","32.790","26","32.800","59","366","32.73","20e8e633-c707-45ae-b754-877142634635","2021-04-30 10:49:32.001"
"ABB","32.790","9","32.800","55","366","32.73","df9c28b6-a32a-46a6-a429-a729bcb164b2","2021-04-30 10:49:32.001"
"ABB","32.790","9","32.800","72","366","32.73","0fceaef1-a134-4b61-9d70-17824ec13b2a","2021-04-30 10:49:32.001"
"ABB","32.770","4","32.780","102","366","32.73","0847f358-6c88-4083-95ae-388c7dddfb3f","2021-04-30 10:49:32.001"
"ABB","32.770","17","32.780","43","366","32.73","fc55a8b9-a281-45f5-ba96-d0e33d2d3b41","2021-04-30 10:49:32.001"
"ABB","32.780","1","32.790","92","366","32.73","9b65f9de-bb38-411a-934f-9af2c8ff42cd","2021-04-30 10:49:32.001"
"ABB","32.760","10","32.770","38","366","32.73","a0553df8-d32d-4b37-9711-c82847de0b77","2021-04-30 10:49:32.001"
"ABB","32.760","23","32.770","9","366","32.73","7db175cc-30ca-4c05-bf87-05554a32785a","2021-04-30 10:49:32.001"
"ABB","32.760","18","32.770","29","366","32.73","e4e1d5c9-c6cf-43ab-9784-8bd3dc4cfdae","2021-04-30 10:49:32.001"
"ABB","32.760","18","32.770","29","366","32.73","014a86cc-ab8c-45d4-b07e-b4419ffbbbdb","2021-04-30 10:49:32.001"
"ABB","32.750","12","32.760","87","366","32.73","93e567c6-d318-449a-a029-8ce5689972ba","2021-04-30 10:49:32.001"
"ABB","32.750","33","32.760","38","366","32.73","c94bd235-4331-4f0d-b838-317f758e3fa2","2021-04-30 10:49:32.001"
"ABB","32.750","17","32.760","28","366","32.73","dcdfeb04-584d-4d73-b117-ff8dff221974","2021-04-30 10:49:32.001"
"ABB","32.750","17","32.760","28","366","32.73","f6313818-9aab-4dae-a6aa-97806a348c31","2021-04-30 10:49:32.001"
"ABB","32.790","13","32.800","72","366","32.72","26f428c8-c9b7-47c7-95dd-07bb9f7aba04","2021-04-30 10:50:33.007"
"ABB","32.800","13","32.810","13","366","32.72","7e35d10f-92b9-494c-bc75-19e2ecaedc48","2021-04-30 10:50:33.007"
"ABB","32.790","12","32.800","11","366","32.72","877490d4-0fb0-4af0-b163-000ad9571090","2021-04-30 10:50:33.007"
"ABB","32.790","16","32.800","10","366","32.72","99aa18ea-b76a-4774-aded-bb9d7c80b44f","2021-04-30 10:50:33.007"
"ABB","32.790","21","32.800","7","366","32.72","6246037a-4df8-43c5-980b-31dc12a49e31","2021-04-30 10:50:33.007"
"ABB","32.790","5","32.800","21","366","32.72","69e00b5e-89e1-4678-b495-368564984ceb","2021-04-30 10:50:33.007"
"ABB","32.800","3","32.810","72","366","32.72","c3c48efa-23e7-45aa-a63d-26afd5fee768","2021-04-30 10:50:33.007"
"ABB","32.810","10","32.820","35","366","32.72","c2cf7806-891c-4b60-8b61-805275683a78","2021-04-30 10:50:33.007"
"ABB","32.710","20","32.720","9","-366","32.72","404af8f5-9969-4bb9-baee-cdf0df4dd480","2021-04-30 10:50:42.366"
"ABB","32.710","11","32.720","40","-366","32.72","6400ffb4-7ea8-4c16-9c38-081d7084a1e9","2021-04-30 10:52:00.615"
"ABB","32.710","11","32.720","40","-366","32.72","9b1e4136-cc87-4063-a9d3-cc80145d3811","2021-04-30 10:52:00.615"
"ABB","32.710","11","32.720","40","-366","32.72","2e9a26bb-ee45-495f-8fd4-96bfba3a846d","2021-04-30 10:52:00.615"
"ABB","32.710","11","32.720","40","-366","32.72","26e1f47d-e515-46a0-a0a4-0e4781fd397d","2021-04-30 10:52:00.615"
"ABB","32.710","11","32.720","40","-366","32.72","4ea73c9a-831b-49e0-bb4b-b9077332a872","2021-04-30 10:52:00.615"
"ABB","32.710","11","32.720","40","-366","32.72","f06b1421-1f97-4180-8bdf-7975e594543a","2021-04-30 10:52:00.615"
"ABB","32.710","11","32.720","40","-366","32.72","d04159a2-b94c-4c63-95aa-78a49548a5a2","2021-04-30 10:52:00.615"
"ABB","32.710","11","32.720","40","-366","32.72","ede89f1c-dfc6-4efb-9ec9-632918e777b0","2021-04-30 10:52:00.615"
"ABB","32.710","11","32.720","40","-366","32.72","40882de0-09dc-4edf-8de9-56014ac29141","2021-04-30 10:52:00.615"
"ABB","32.710","11","32.720","40","-366","32.72","8a4f5675-1112-41bd-a739-03661e43f99b","2021-04-30 10:52:00.615"
"ABB","32.710","11","32.720","40","-366","32.72","774695ec-e064-4a11-9841-eb974be4c1df","2021-04-30 10:52:00.615"
"ABB","32.710","11","32.720","40","-366","32.72","e8060b0d-6ee7-4947-b4f0-aa7c65ffa946","2021-04-30 10:52:00.615"
"ABB","32.710","11","32.720","40","-366","32.72","8ab6f75b-76e3-4d72-b2af-c30de9b5a398","2021-04-30 10:52:00.615"
"ABB","32.710","11","32.720","40","-366","32.72","4cd99f00-85db-4bdd-a3b4-2eea4204bd5f","2021-04-30 10:52:00.615"
"ABB","32.710","11","32.720","40","-366","32.72","0c2f7af9-b584-4cda-9596-d844a76c1962","2021-04-30 10:52:00.615"
"ABB","32.710","11","32.720","40","-366","32.72","5391b4c7-68fe-4fc8-bf50-027e9259bdd7","2021-04-30 10:52:00.615"
"ABB","32.710","11","32.720","40","-366","32.72","e54bb230-81c3-4872-9a58-355473a66283","2021-04-30 10:52:00.615"
"ABB","32.710","11","32.720","40","-366","32.72","f1a7be90-4286-41a4-b14b-284f5a15ac6c","2021-04-30 10:52:00.615"
"ABB","32.710","11","32.720","40","-366","32.72","36a693d0-7a53-4fde-a267-95108235988b","2021-04-30 10:52:00.615"
"ABB","32.720","16","32.730","24","-366","32.73","0166967a-f7ee-4c31-95cb-28a771df937d","2021-04-30 10:52:11.701"
"ABB","32.690","5","32.700","61","-366","32.70","9e2487b3-55f9-4342-9932-c19b5ac7c219","2021-04-30 11:00:34.121"
"ABB","32.540","9","32.550","14","368","32.55","bdf7b736-3d34-43a1-becd-8c0b044ba58b","2021-04-30 11:39:30.006"
"ABB","32.540","4","32.550","17","-368","32.55","81e8e09c-50c5-4047-95ea-46a81811042c","2021-04-30 11:41:44.585"
"ABB","32.580","9","32.590","12","368","32.56","d93881c6-fca8-49a4-84f9-386b09679028","2021-04-30 12:25:30.814"
"ABB","32.580","9","32.590","12","368","32.56","662bb211-ecba-4022-ae97-df7480a459a5","2021-04-30 12:25:30.814"
"ABB","32.580","9","32.590","12","368","32.56","21f5308f-0689-491e-879c-ce16bc2b0d41","2021-04-30 12:25:30.814"
"ABB","32.580","15","32.590","11","368","32.56","f512af0b-36a3-4537-8a6a-e8a3b3a8b452","2021-04-30 12:25:30.814"
"ABB","32.580","12","32.590","11","368","32.55","7fd8b90e-1b78-45d0-aaa7-a470990ee890","2021-04-30 12:25:40.808"
"ABB","32.580","9","32.590","12","368","32.55","74b178af-f2f3-420e-8902-6b2327eaa962","2021-04-30 12:25:40.808"
"ABB","32.580","9","32.590","12","368","32.55","e00a40e9-dd4f-4e47-b45d-ead5b2b49898","2021-04-30 12:25:40.808"
"ABB","32.590","12","32.600","11","368","32.54","40e577a2-6606-4ed2-9d3d-af8828011483","2021-04-30 12:27:15.131"
"ABB","32.590","10","32.600","11","368","32.54","e9a6b5e1-c819-4a93-87e1-c51cea95b8c6","2021-04-30 12:27:15.131"
"ABB","32.590","17","32.600","5","368","32.54","ecea1a53-52a8-44a8-8b75-5df307106d62","2021-04-30 12:27:15.131"
"ABB","32.590","17","32.600","5","368","32.54","a0f81e89-8730-4b8b-b0bd-d617d5fa5cba","2021-04-30 12:27:15.131"
"ABB","32.560","8","32.570","12","369","32.52","56c46d43-f13c-49d6-8485-76761ae8595c","2021-04-30 12:39:30.479"
"ABB","32.560","15","32.570","9","369","32.52","e603b206-aedb-4a33-9a0c-83e6152fe252","2021-04-30 12:39:30.479"
"ABB","32.560","9","32.570","8","369","32.52","0c7312fd-3833-4316-aa4b-f9b142c0ae8f","2021-04-30 12:39:30.479"
"ABB","32.560","9","32.570","8","369","32.52","99bbcd77-5d3a-44f6-a2ee-b503959f9ab8","2021-04-30 12:39:30.479"
"ABB","32.560","10","32.570","8","369","32.52","802b2206-6dbd-4fff-b1bc-7c86d0b04164","2021-04-30 12:39:30.479"
"ABB","32.590","8","32.600","10","369","32.52","509bcf56-473e-4249-9f0e-8ca9a91c250d","2021-04-30 12:39:30.479"
"ABB","32.520","8","32.530","11","-369","32.53","4183c365-96be-4473-ae34-61c2bbcc3c20","2021-04-30 12:40:17.402"
"ABB","32.520","8","32.530","11","-369","32.53","a16b9581-ba07-474d-a789-7ffd308e4c81","2021-04-30 12:40:17.402"
"ABB","32.520","8","32.530","11","-369","32.53","cba92fe1-b8f5-43c2-b08c-df179cc4dd26","2021-04-30 12:40:17.402"
"ABB","32.520","8","32.530","11","-368","32.53","89ab822c-e299-4e57-be28-43e21a9e62e8","2021-04-30 12:40:17.402"
"ABB","32.520","8","32.530","11","-368","32.53","72444fdb-c6c1-45e0-83e9-473ad914ff68","2021-04-30 12:40:17.402"
"ABB","32.520","8","32.530","11","-368","32.53","f3caa885-81cc-4bca-a0c1-d9ebcffb7adf","2021-04-30 12:40:17.402"
"ABB","32.520","8","32.530","11","-369","32.53","8e4358d4-efd7-4b9f-a587-8e94b8af7946","2021-04-30 12:40:17.402"
"ABB","32.520","8","32.530","11","-368","32.53","89eb1e12-09e7-4832-aa61-c1d4a67c357f","2021-04-30 12:40:17.402"
"ABB","32.520","8","32.530","11","-368","32.53","af3fca6f-6e23-4dfa-9f86-5a9e294c6949","2021-04-30 12:40:17.402"
"ABB","32.520","8","32.530","11","-368","32.53","8a6a13ba-2ecd-42c3-8538-14ed1de5c8d3","2021-04-30 12:40:17.402"
"ABB","32.520","8","32.530","11","-368","32.53","eb3a833b-68df-4354-9ac3-0b88c49f9fd5","2021-04-30 12:40:17.402"
"ABB","32.520","8","32.530","11","-369","32.53","0369ad78-66a0-4c43-96d9-13ef57302244","2021-04-30 12:40:17.402"
"ABB","32.520","8","32.530","11","-368","32.53","c95a2086-5e5d-45ab-acde-3af2d86bd484","2021-04-30 12:40:17.402"
"ABB","32.520","2","32.530","19","-368","32.53","b9991799-a5d9-4014-bb25-0b0ad20692d7","2021-04-30 12:40:17.402"
"ABB","32.520","2","32.530","19","-368","32.53","6ebb9037-1780-4cb1-988f-237c5d57a639","2021-04-30 12:40:17.402"
"ABB","32.580","10","32.590","12","369","32.51","92ce7c29-8346-4bc4-9cee-45a35a328bd2","2021-04-30 12:41:03.018"
"ABB","32.580","7","32.590","12","369","32.51","c2276479-4215-4d7b-9bcc-3dfd2b5c4536","2021-04-30 12:41:03.018"
"ABB","32.580","7","32.590","12","369","32.51","62c3deb1-5893-4322-b91f-2927f0fa7cb9","2021-04-30 12:41:03.018"
"ABB","32.580","20","32.590","4","369","32.51","f283fa38-e85e-4f86-acc2-ff1f1a8af5a5","2021-04-30 12:41:03.018"
"ABB","32.590","1","32.600","20","369","32.51","c5837f21-168b-45a6-98a5-e7c4f343b1d8","2021-04-30 12:41:03.018"
"ABB","32.520","5","32.530","13","-369","32.53","7e58412f-1953-4a55-8d7b-6d726ae89771","2021-04-30 12:41:31.726"
"ABB","32.520","5","32.530","13","-369","32.53","ffbf4c66-2582-4ba6-9d87-526fcf33749e","2021-04-30 12:41:31.726"
"ABB","32.520","22","32.530","6","-368","32.53","e97ffb11-ec09-416f-ae1f-04b062f89870","2021-04-30 12:43:13.984"
"ABB","32.520","22","32.530","6","-369","32.53","5900d0db-1612-462e-aee6-a7af5bf37738","2021-04-30 12:43:13.984"
"ABB","32.530","10","32.530","2","-369","32.53","1d721648-d3e0-41e9-9dbc-f4fc2b3f706c","2021-04-30 12:43:20.006"
"ABB","32.530","10","32.530","2","-369","32.53","7c2896f1-fda8-4992-b604-f6e249e7ea86","2021-04-30 12:43:20.006"
"ABB","32.530","4","32.540","9","-369","32.54","fef832b0-b556-4793-97ac-4fe408750cdc","2021-04-30 12:45:16.410"
"ABB","32.540","4","32.550","13","368","32.53","df9b0f9b-09df-44ca-9473-3a4b50f049e4","2021-04-30 13:10:46.470"
"ABB","32.540","4","32.550","13","368","32.53","307ba3a2-7546-40eb-bbfb-7f870f8eb732","2021-04-30 13:10:46.470"
"ABB","32.530","7","32.540","25","-368","32.54","f2a6ef6d-d169-488a-9776-0af4c7885e4b","2021-04-30 13:12:29.772"
"ABB","32.540","12","32.550","8","-368","32.55","00d306f5-22ee-4c4b-9668-5e7dec4b9061","2021-04-30 13:12:39.865"
"ABB","32.540","10","32.550","6","368","32.53","c619d4ac-29a0-4140-8bb1-8756d7de7810","2021-04-30 13:39:46.788"
"ABB","32.540","13","32.550","7","368","32.53","6818dc25-0bf6-4071-b8e9-08f9d8ccfa86","2021-04-30 13:39:46.788"
"ABB","32.540","13","32.550","7","368","32.53","d27a6b6e-3f61-4cc5-9985-577e9f45dc07","2021-04-30 13:39:46.788"
"ABB","32.540","13","32.550","7","368","32.53","63b0b3e7-2235-489c-a0d7-199f2134c92a","2021-04-30 13:39:46.788"
"ABB","32.540","13","32.550","7","368","32.53","99952f5d-2d2c-49f6-9498-6a7f84fed0d3","2021-04-30 13:39:46.788"
"ABB","32.540","10","32.550","22","368","32.53","c4b54620-6dfe-4a9d-895e-6c99a3036656","2021-04-30 13:39:46.788"
"ABB","32.540","10","32.550","22","368","32.53","0f25fde2-7559-40b9-bead-ee2e64ec15c5","2021-04-30 13:39:46.788"
"ABB","32.540","10","32.550","22","368","32.53","36ba5e78-ac1e-428b-9bd1-228c568e69d3","2021-04-30 13:39:46.788"
"ABB","32.530","4","32.540","20","-368","32.54","78c5e345-81ba-4a8b-829a-6141c9944912","2021-04-30 13:41:45.181"
"ABB","32.530","4","32.540","20","-368","32.54","29b09843-ef3d-4fbf-a580-9c48749b292b","2021-04-30 13:41:45.181"
"ABB","32.530","4","32.540","20","-368","32.54","3455be47-6399-456a-9baa-9a4588d4bf37","2021-04-30 13:41:45.181"
"ABB","32.530","4","32.540","20","-368","32.54","134ec722-9dad-4c0d-bf14-b4b484f867ec","2021-04-30 13:41:45.181"
"ABB","32.530","9","32.540","16","-368","32.54","206d3393-1a77-40e3-8a28-645a71230e3b","2021-04-30 13:41:45.181"
"ABB","32.530","9","32.540","16","-368","32.54","b5f3fb6b-7d3f-4d51-9dab-a147746a5c30","2021-04-30 13:41:45.181"
"ABB","32.530","9","32.540","14","-368","32.54","bda45550-4c68-4da8-8c95-da4dc18955c1","2021-04-30 13:41:45.181"
"ABB","32.530","7","32.540","15","-368","32.54","ef8fb6d3-1f8f-444a-b73b-680be791f0d7","2021-04-30 13:41:45.181"
"ABB","32.540","9","32.550","17","368","32.54","6c616033-e93a-4d99-875e-46c164a15b5e","2021-04-30 13:43:56.174"
"ABB","32.540","8","32.550","12","368","32.54","09b6c2e4-e5f0-49a0-b0e0-76cd25979321","2021-04-30 13:43:56.174"
"ABB","32.540","8","32.550","12","368","32.54","c7ea8829-f24b-4c6e-a2b3-5244dbd1bcee","2021-04-30 13:43:56.174"
"ABB","32.540","14","32.550","14","369","32.52","bd0ee580-3ec5-4775-a75f-52e337ddbefb","2021-04-30 13:45:39.326"
"ABB","32.550","12","32.560","8","369","32.50","64155c31-8328-430c-b1c3-c981442f8367","2021-04-30 13:47:01.942"
"ABB","32.540","15","32.550","11","369","32.50","07415290-10ed-4352-80bd-e69690229754","2021-04-30 13:47:01.942"
"ABB","32.540","13","32.550","10","369","32.50","ef13b911-0ced-41d9-8e0d-de78dbc27472","2021-04-30 13:47:01.942"
"ABB","32.540","13","32.550","10","369","32.50","0472c1a0-ab65-49cc-9bb8-2158038b2428","2021-04-30 13:47:01.942"
"ABB","32.530","14","32.540","4","369","32.50","260fb8fa-ab6f-4a29-88a0-899166463fd1","2021-04-30 13:47:01.942"
"ABB","32.530","10","32.540","7","369","32.50","c51e3432-83df-4404-b48f-a85470b9bde8","2021-04-30 13:47:01.942"
"ABB","32.540","13","32.550","14","369","32.50","b9858ba9-2620-48ea-8b41-35f670e5e3ce","2021-04-30 13:47:01.942"
"ABB","32.530","10","32.540","11","369","32.50","9d4f0391-ae9c-4f91-97b5-119f44390eb9","2021-04-30 13:47:01.942"
"ABB","32.530","10","32.540","11","369","32.50","12425a06-9cc5-4402-8756-233826b39ad4","2021-04-30 13:47:01.942"
"ABB","32.530","5","32.540","13","369","32.50","9026e5f0-f200-4987-8943-aafe06d19e75","2021-04-30 13:47:01.942"
"ABB","32.500","12","32.510","17","-369","32.51","e7d8e5e3-49f7-472f-905c-6785b7290544","2021-04-30 13:47:23.055"
"ABB","32.500","12","32.510","17","-368","32.51","219c255c-79f2-4827-bceb-ef6d0e972536","2021-04-30 13:47:23.055"
"ABB","32.500","12","32.510","17","-369","32.51","5ef855bf-d531-4b0e-b548-6783a0b01437","2021-04-30 13:47:23.055"
"ABB","32.500","12","32.510","17","-369","32.51","0cca5865-6c46-41f2-bbc1-6cd956c7d66b","2021-04-30 13:47:23.055"
"ABB","32.500","12","32.510","17","-369","32.51","f86b829c-9755-49b4-8a2b-8b4c786b900d","2021-04-30 13:47:23.055"
"ABB","32.500","12","32.510","17","-368","32.51","2eebcc62-b5ed-4f9f-a911-1e05593f5230","2021-04-30 13:47:23.055"
"ABB","32.500","12","32.510","17","-369","32.51","59725dd2-581d-4a18-81c0-a7fabdb4a09a","2021-04-30 13:47:23.055"
"ABB","32.490","7","32.500","22","-369","32.50","74e7e818-c1bf-4322-b12b-df49208dfd0c","2021-04-30 13:48:38.111"
"ABB","32.490","16","32.500","2","-368","32.50","5aaacc05-4522-446c-b429-b142fa879681","2021-04-30 13:48:40.426"
"ABB","32.490","16","32.500","2","-369","32.50","f5318d81-865d-4a84-b8df-42231f8a5179","2021-04-30 13:48:40.426"
"ABB","32.490","16","32.500","2","-369","32.50","de400101-a202-43ec-99f1-f5b893f84ceb","2021-04-30 13:48:40.426"
"ABB","32.490","8","32.500","11","-369","32.50","c960193d-3667-408f-9d27-7981f76f462c","2021-04-30 13:51:46.611"
"ABB","32.490","8","32.500","11","-369","32.50","54a5b435-47a2-409c-adf5-79b3dac522cd","2021-04-30 13:51:46.611"
"ABB","32.490","8","32.500","11","-369","32.50","c156d581-89de-4d1b-bd99-f8c60029b507","2021-04-30 13:51:46.611"
"ABB","32.520","13","32.530","11","369","32.50","c4a64c16-5a74-4ead-ab22-49492362f20d","2021-04-30 14:46:30.455"
"ABB","32.510","7","32.520","18","369","32.49","d93a5ed1-b96c-4b69-9cc5-7e368e5f0656","2021-04-30 14:50:12.099"
"ABB","32.510","7","32.520","18","369","32.49","1b81fb43-2af8-43ac-b856-00174de3a56f","2021-04-30 14:50:12.099"
"ABB","32.510","7","32.520","15","369","32.49","be28e755-d7e9-4514-855e-bdff6fb5f12a","2021-04-30 14:50:12.099"
"ABB","32.520","13","32.530","10","369","32.49","dd8a18ec-8ffa-47e4-a0f8-cd10a41a782b","2021-04-30 14:50:12.099"
"ABB","32.520","13","32.530","10","369","32.49","e1a626ab-5962-4336-a3e5-19cb66662ae8","2021-04-30 14:50:12.099"
"ABB","32.520","13","32.530","10","369","32.49","624b0741-ec2b-4f92-b43f-9e468e6c8819","2021-04-30 14:50:12.099"
"ABB","32.520","14","32.530","16","369","32.49","070b6fb4-0d32-480e-ad15-763ee6d36fc2","2021-04-30 14:50:12.099"
"ABB","32.520","14","32.530","16","369","32.49","67475f38-d2f9-4e40-a903-0d4c44256d2a","2021-04-30 14:50:12.099"
"ABB","32.520","14","32.530","18","369","32.49","521117c5-5a37-47b9-9dd3-473bed2802ec","2021-04-30 14:50:12.099"
"ABB","32.520","13","32.530","12","369","32.49","407b6d7d-f313-4751-9762-6ca9e6bfef93","2021-04-30 14:50:12.099"
"ABB","32.520","13","32.530","12","369","32.49","e9a113ec-ce42-44a2-86a6-0e672bf7597d","2021-04-30 14:50:12.099"
"ABB","32.480","18","32.490","7","-369","32.49","43ac50c5-bda6-4405-be15-5f83abdfc0c6","2021-04-30 14:53:07.736"
"ABB","32.480","18","32.490","7","-369","32.49","9f901717-30be-4ed5-93fe-71d9b2687e16","2021-04-30 14:53:07.736"
"ABB","32.480","18","32.490","7","-369","32.49","0d6db63c-baa6-4fad-a304-7e469756f81c","2021-04-30 14:53:07.736"
"ABB","32.480","18","32.490","7","-369","32.49","032c9654-532e-4631-8bd3-f0a92ae28f8d","2021-04-30 14:53:07.736"
"ABB","32.480","18","32.490","7","-369","32.49","cc7ed9e9-4129-464a-86f9-d58c41501c57","2021-04-30 14:53:07.736"
"ABB","32.480","18","32.490","7","-369","32.49","86e97bce-85d9-4616-ac05-9b6b98553964","2021-04-30 14:53:07.736"
"ABB","32.480","21","32.490","8","-369","32.49","4f448016-a1e5-4282-91a9-620222a42771","2021-04-30 14:53:11.021"
"ABB","32.480","21","32.490","8","-369","32.49","f827418f-b615-494b-a055-bf01a546cecc","2021-04-30 14:53:11.021"
"ABB","32.480","21","32.490","8","-369","32.49","fbdbaf96-6cd8-420a-90f6-5bb7e93944c8","2021-04-30 14:53:11.021"
"ABB","32.480","19","32.490","9","-369","32.49","2d815788-8103-48a8-9d4f-ced3d7bd32ce","2021-04-30 14:55:27.049"
"ABB","32.480","19","32.490","9","-369","32.49","e8c3ced3-54a6-440e-9b66-8cc6e31b744b","2021-04-30 14:55:27.049"
"ABB","32.480","19","32.490","9","-369","32.49","d0d0c63d-025e-43ae-9e02-e76c03e5da48","2021-04-30 14:55:27.049"
"ABB","32.510","7","32.520","18","369","32.47","c8c11cdc-24fb-41fa-b7c2-657174d76c71","2021-04-30 14:56:24.306"
"ABB","32.510","14","32.520","14","369","32.47","5238d9f0-e727-4231-b75a-9dd8c4855700","2021-04-30 14:56:24.306"
"ABB","32.520","13","32.530","15","369","32.47","744b2d91-364f-416c-80b5-45f58817066b","2021-04-30 14:56:24.306"
"ABB","32.520","13","32.530","15","369","32.47","ca98e804-9573-439d-a548-bded93a680d6","2021-04-30 14:56:24.306"
"ABB","32.460","26","32.470","2","369","32.46","d5807ef8-47c1-404e-9354-87c284d14a85","2021-04-30 14:59:49.608"
"ABB","32.460","26","32.470","2","369","32.46","7b32f5ac-0361-43fd-8c7f-f4af8fcfa4d8","2021-04-30 14:59:49.608"
"ABB","32.470","17","32.480","16","-369","32.48","93ede388-9eea-468c-8f8c-211a707b7e74","2021-04-30 15:00:55.526"
"ABB","32.470","17","32.480","16","-369","32.48","676fd3ac-de20-4b20-a4dd-deb9f09b3024","2021-04-30 15:00:55.526"
"ABB","32.470","17","32.480","13","-369","32.48","0c159663-241f-46ff-90a6-7c2d7c778ece","2021-04-30 15:00:55.526"
"ABB","32.470","16","32.480","16","-369","32.48","be7387f0-892f-4dea-b462-25e0416aebe0","2021-04-30 15:00:55.526"
"ABB","32.480","4","32.490","17","-369","32.49","0f1c58e1-e199-496e-a1a8-ca4339bdcfc4","2021-04-30 15:01:18.854"
"ABB","32.470","21","32.480","9","-369","32.48","0bec5bbe-8a3f-4270-a00a-f3236e384add","2021-04-30 15:03:23.295"
"ABB","32.470","6","32.480","14","369","32.45","548bacad-4baa-4bee-a85a-8f2cfdcce270","2021-04-30 15:05:32.527"
"ABB","32.480","6","32.490","13","369","32.44","e5de4416-1520-41e8-a816-5bad04a6b9ad","2021-04-30 15:08:32.908"
"ABB","32.480","6","32.490","13","369","32.44","2362a666-e11c-40ac-8556-0346404ab8a3","2021-04-30 15:08:32.908"
"ABB","32.480","6","32.490","13","369","32.44","63300a1c-2a76-488e-bc86-69e6eaeec1cc","2021-04-30 15:08:32.908"
"ABB","32.480","6","32.490","13","369","32.44","f9652a50-5cf2-4441-9d6c-81b8dd32c1df","2021-04-30 15:08:32.908"
"ABB","32.480","6","32.490","13","369","32.44","6b9227b3-d292-40e7-8e6f-be9fe86f3dc0","2021-04-30 15:08:32.908"
"ABB","32.480","16","32.490","4","369","32.44","9a6d1a56-49b0-4b70-9c1a-72a85d1849c6","2021-04-30 15:08:32.908"
"ABB","32.480","11","32.490","6","369","32.44","424ec334-46ec-4609-9a03-f1aef9699e40","2021-04-30 15:08:32.908"
"ABB","32.480","10","32.490","11","369","32.44","63584c88-a104-4958-86b0-3f98b321206e","2021-04-30 15:08:32.908"
"ABB","32.430","14","32.440","6","-369","32.44","b44da14f-da5e-4eab-b50d-d28cba3ba29f","2021-04-30 15:09:01.154"
"ABB","32.430","14","32.440","6","-369","32.44","9d78dd4b-7064-4eb6-bfa0-8c2b5b7cc46a","2021-04-30 15:09:01.154"
"ABB","32.430","17","32.440","6","-369","32.44","5f9d716c-9752-4f5a-b384-24f095cbba8d","2021-04-30 15:09:27.465"
"ABB","32.430","17","32.440","6","-369","32.44","8c5ba2dc-75f9-4d46-ad7e-f840b48495a5","2021-04-30 15:09:27.465"
"ABB","32.430","4","32.430","11","-369","32.43","eebcffe9-7836-4294-99d9-194d540e1418","2021-04-30 15:10:10.006"
"ABB","32.440","20","32.450","14","-369","32.45","023dbe88-32d0-41a0-b544-1a0b95eebac5","2021-04-30 15:11:55.486"
"ABB","32.440","20","32.450","14","-369","32.45","605f44a3-3298-44d4-8174-488ba3ac502e","2021-04-30 15:11:55.486"
"ABB","32.420","13","32.430","13","-369","32.43","2f11306e-2eff-4d63-b883-8545625de3fe","2021-04-30 15:19:42.006"
"ABB","32.420","15","32.430","13","-369","32.43","74ec6b42-5b5c-4cdb-ac0b-b9f6e31df769","2021-04-30 15:20:16.046"
"ABB","32.440","20","32.450","7","369","32.44","f144dbc1-9c62-4633-8108-a9b890b4bebf","2021-04-30 15:33:45.249"
"ABB","32.450","17","32.460","8","370","32.43","7839facb-f3bc-403b-b77b-1620d1b4bd93","2021-04-30 15:40:49.673"
"ABB","32.450","11","32.460","11","370","32.43","ce9b1251-978a-4f61-9c7d-7fac54b852bf","2021-04-30 15:40:49.673"
"ABB","32.450","11","32.460","12","370","32.43","04da51a5-fc0b-4ec6-a0ed-3b77c14adeff","2021-04-30 15:40:49.673"
"ABB","32.450","12","32.460","8","370","32.43","c038c968-8ad0-4a1e-bd8c-16cc6e267717","2021-04-30 15:40:49.673"
"ABB","32.460","13","32.470","10","370","32.43","50a63540-4357-4a8a-afa1-1ff566080684","2021-04-30 15:40:49.673"
"ABB","32.460","15","32.470","6","370","32.43","ce739223-c5ea-498d-96d2-0b24c365be99","2021-04-30 15:40:49.673"
"ABB","32.460","10","32.470","11","370","32.43","8dedd1c4-2dca-4cec-b1ff-d6017ae5fe58","2021-04-30 15:40:49.673"
"ABB","32.460","19","32.470","7","370","32.43","dc4206b6-3c49-4043-b639-7aa7b661f8ea","2021-04-30 15:40:49.673"
"ABB","32.460","15","32.470","10","370","32.43","f3996aea-a6bf-4d3e-af51-9cc6b6b3fa13","2021-04-30 15:40:49.673"
"ABB","32.460","7","32.470","15","370","32.43","d3552327-151b-4c28-acd9-a367f075fcad","2021-04-30 15:40:49.673"
"ABB","32.460","11","32.470","11","370","32.43","1e6677a1-f99a-4a10-a164-696df5c7dca8","2021-04-30 15:40:49.673"
"ABB","32.460","11","32.470","11","370","32.43","e8c0ebaa-1e9a-4528-bc24-784d1f023cee","2021-04-30 15:40:49.673"
"ABB","32.400","24","32.410","11","-4,809","32.40","a852218f-8749-4238-888c-351a04232fde","2021-04-30 15:48:00.006"
"ALB","168.250","1","168.570","1","71","167.82","7f0f3973-6ed5-4afa-9621-df06728babb4","2021-04-30 10:19:05.005"
"ALB","168.470","1","168.790","2","71","167.82","9da92509-4a8a-4a4b-b97d-1831907be50a","2021-04-30 10:19:05.005"
"ALB","168.510","3","168.830","1","71","167.82","6dbefb7a-b070-490a-8108-3831edba515d","2021-04-30 10:19:05.005"
"ALB","168.530","1","168.880","2","71","167.82","80c65ff7-fc97-47a9-b910-925b7023127c","2021-04-30 10:19:05.005"
"ALB","168.530","1","168.880","2","71","167.82","42b6aea7-541a-4c84-9cae-feeddf016c6a","2021-04-30 10:19:05.005"
"ALB","168.380","2","168.600","1","71","167.82","aa6d0f93-d61e-400d-bf07-a2e2f4abdbcb","2021-04-30 10:19:05.005"
"ALB","168.380","1","168.600","1","71","167.82","3d946f24-9147-4f38-84fe-82593be291f5","2021-04-30 10:19:05.005"
"ALB","168.470","1","168.830","1","71","167.82","2b422da8-14e0-4266-8c24-a560c8b62f7d","2021-04-30 10:19:05.005"
"ALB","168.520","1","168.890","2","71","167.82","a7eb1cf3-7433-4ede-9937-d4040f5ed7c5","2021-04-30 10:19:05.005"
"ALB","168.380","1","168.530","1","71","167.82","729d48e7-8d02-4aac-b82c-802b8965f8b5","2021-04-30 10:19:05.005"
"ALB","168.380","1","168.730","1","71","167.82","4f568c23-8eff-4282-a981-edb61e04c65a","2021-04-30 10:19:05.005"
"ALB","168.200","1","168.500","1","71","167.82","54e49bcd-eb80-4b0f-9e46-569f19ed4741","2021-04-30 10:19:05.005"
"ALB","168.000","1","168.470","1","71","167.82","42b5c7b8-af11-492a-89ab-65796543c1ba","2021-04-30 10:19:05.005"
"ALB","168.010","1","168.450","2","71","167.82","0490e39b-9794-4dac-bd51-c19671c86e86","2021-04-30 10:19:05.005"
"ALB","167.930","2","168.450","3","71","167.82","90f1c12c-38cc-4389-8d11-b985182cd3fc","2021-04-30 10:19:05.005"
"ALB","167.940","1","168.440","2","71","167.82","ee2793c4-9521-408c-b4a1-3676af640373","2021-04-30 10:19:05.005"
"ALB","167.980","6","168.370","2","-71","168.37","5c0397d4-e3d4-44d9-8d17-530eef477c76","2021-04-30 10:20:16.062"
"ALB","167.980","6","168.370","2","-71","168.37","2794c381-c389-46fd-9f13-b79fb706199d","2021-04-30 10:20:16.062"
"ALB","167.980","6","168.370","2","-71","168.37","62d3e98e-d13a-432c-b49b-38820506ec9f","2021-04-30 10:20:16.062"
"ALB","167.980","6","168.370","2","-71","168.37","ec66b8b6-c95c-46da-a485-862d0aa9f8f4","2021-04-30 10:20:16.062"
"ALB","167.980","6","168.370","2","-71","168.37","843e0564-b311-4c6e-a994-18df7f3d6dde","2021-04-30 10:20:16.062"
"ALB","167.980","6","168.370","2","-71","168.37","8276f3f8-33f6-4981-ab22-0b5223cf4685","2021-04-30 10:20:16.062"
"ALB","167.980","6","168.370","2","-71","168.37","ff3c6be6-c530-41b0-8402-c513e2d6e18f","2021-04-30 10:20:16.062"
"ALB","167.980","6","168.370","2","-71","168.37","af6eabaf-ef6b-4990-9608-e3b1bddd3d2b","2021-04-30 10:20:16.062"
"ALB","168.000","1","168.300","2","-71","168.30","eb1362c1-8e04-4bd8-909a-517446cdc7df","2021-04-30 10:21:15.233"
"ALB","168.000","1","168.300","2","-71","168.30","25ebee29-da63-49fb-9c2d-9c1446039c0e","2021-04-30 10:21:15.233"
"ALB","168.000","1","168.300","2","-71","168.30","d5d5de87-8c31-452b-8946-26ca552a344c","2021-04-30 10:21:15.233"
"ALB","167.880","1","168.160","1","-71","168.16","43900d15-ca28-4507-9813-98566810fec4","2021-04-30 10:23:12.023"
"ALB","168.000","1","168.150","1","-71","168.15","389f63df-bcf9-4ac2-8369-675bba77d488","2021-04-30 10:24:29.011"
"ALB","168.000","1","168.150","1","-71","168.15","749bb132-1a15-4fdc-a1c5-fe550ae68e3a","2021-04-30 10:24:29.011"
"ALB","168.020","1","168.220","1","-71","168.22","77a8065b-7f2a-4e0f-9220-f4b2ab023171","2021-04-30 10:24:42.362"
"ALB","167.920","1","168.090","1","-71","168.09","fdab29bb-266d-4911-9d33-3542c580c798","2021-04-30 10:27:03.031"
"ALB","168.310","1","168.540","4","71","167.77","52de54a3-4ad3-4b01-bfed-18d69c2370d6","2021-04-30 10:37:54.333"
"ALB","167.590","1","167.890","1","-71","167.89","b9734fb2-3511-4f00-94c4-2f5039ccab2c","2021-04-30 10:38:13.978"
"ALB","167.830","1","167.970","1","71","167.97","10b7281e-cba9-4ade-b52d-ae4c16cba6ff","2021-04-30 10:46:00.006"
"ALB","167.690","1","167.810","1","-71","167.83","5e0b3ddb-cb4e-4010-9299-ea90705c58ea","2021-04-30 10:46:38.859"
"ALB","167.440","1","167.740","2","71","167.15","b39b669b-71d8-4050-912e-5aba6c360b04","2021-04-30 10:50:05.846"
"ALB","166.920","1","167.200","3","-71","167.20","0c510190-257d-48a1-9e37-a1e504208b48","2021-04-30 10:52:00.056"
"ALB","167.180","1","167.360","1","71","167.36","db16435d-e97a-4961-bf32-82dcb0ab76db","2021-04-30 10:55:20.006"
"ALB","166.820","2","167.150","1","-71","167.24","5161dac3-4c4d-49ae-9b08-a4d8aa2208fa","2021-04-30 11:00:37.808"
"ALB","166.970","1","167.200","1","71","167.01","e8647bc9-ce61-4d81-8944-674ed3585510","2021-04-30 11:15:21.438"
"ALB","167.010","1","167.210","1","71","167.01","e03a6e7e-39cb-431f-ac0c-5e8e174ba976","2021-04-30 11:15:21.438"
"ALB","167.010","1","167.200","1","71","167.01","5b8db899-2ca4-4382-b521-92c57e312741","2021-04-30 11:15:21.438"
"ALB","167.110","2","167.320","1","-71","167.32","d2cedf40-01c3-4cc2-95a8-005c89458011","2021-04-30 11:15:45.928"
"ALB","167.110","2","167.320","1","-71","167.32","514f5d18-a822-44ec-a205-cfad50cedab5","2021-04-30 11:15:45.928"
"ALB","167.150","2","167.320","1","-71","167.32","7deec393-8aa3-483e-abea-d5baa9ad2721","2021-04-30 11:16:16.327"
"ALB","166.850","1","167.080","2","71","166.93","2a7aa012-bc45-486a-8953-a9943515bb55","2021-04-30 11:20:09.588"
"ALB","167.010","1","167.180","1","71","166.93","6155eb95-42cb-4c90-84db-d1c342f69d0b","2021-04-30 11:20:09.588"
"ALB","167.010","1","167.200","1","71","166.93","a0052f2e-9a26-4b81-95ba-632b7fe44213","2021-04-30 11:20:09.588"
"ALB","167.010","1","167.180","1","71","166.93","b764c71b-c9f3-453d-a4bd-98db54ad5b89","2021-04-30 11:20:09.588"
"ALB","166.880","1","167.120","1","-71","167.14","5ec958de-7f12-4984-9b2b-a6a3a0297e29","2021-04-30 11:21:58.178"
"ALB","167.220","1","167.400","1","-71","167.40","82162760-2bb1-4223-8e0f-5ddd01c9c9e9","2021-04-30 11:23:02.074"
"ALB","167.410","1","167.580","2","-71","167.58","62f018e5-4d99-4bba-809d-aec79d5192b7","2021-04-30 11:23:14.050"
"ALB","167.290","1","167.540","1","-71","167.54","86f72306-b16c-4c17-b196-de8c8e6579c4","2021-04-30 11:26:46.755"
"ALB","167.910","1","168.050","4","71","167.73","2c022007-19a8-4d6a-902c-6bdf6727c2aa","2021-04-30 12:17:21.110"
"ALB","167.910","1","168.050","4","71","167.73","05d41073-8aa9-4323-a59c-7138d3fff835","2021-04-30 12:17:21.110"
"ALB","167.970","1","168.090","1","71","167.73","f2aca0cb-8ec6-4cfe-913c-de225d819e01","2021-04-30 12:17:21.110"
"ALB","167.740","1","167.860","1","-71","167.86","8628d246-ed62-4e34-a5f5-b843d08ed417","2021-04-30 12:18:50.818"
"ALB","167.740","1","167.860","1","-71","167.86","2e558119-5bf2-4ff1-8383-b7dbd133198e","2021-04-30 12:18:50.818"
"ALB","167.740","1","167.860","1","-71","167.86","efdd1c3d-7364-4cd0-b62a-cd7e3e237e66","2021-04-30 12:18:50.818"
"ALB","168.610","1","168.710","1","71","168.46","15730138-f289-4e25-921e-813d8ab271b9","2021-04-30 13:04:07.747"
"ALB","168.570","1","168.700","1","71","168.46","3cd6fffc-79dc-43ca-830b-cb868b104ad9","2021-04-30 13:04:07.747"
"ALB","168.460","1","168.650","4","-71","168.65","28247d85-b58a-47a0-8681-d7600ea76de8","2021-04-30 13:05:14.470"
"ALB","168.470","1","168.650","6","-71","168.65","15080322-e05a-45a9-8238-0e8224d10976","2021-04-30 13:05:14.470"
"ALB","168.750","1","168.850","3","71","168.63","364e8f0f-7fce-4d48-bdc5-786d0aa2793f","2021-04-30 13:21:38.916"
"ALB","168.840","1","168.970","1","71","168.50","67d13638-7b41-4fa0-b722-540fb66b21bb","2021-04-30 13:21:50.737"
"ALB","168.780","1","168.900","2","71","168.50","f5784afb-18bf-44ca-895e-beab8b92aa06","2021-04-30 13:21:50.737"
"ALB","168.840","1","168.990","1","71","168.50","b841ee82-224d-4474-9523-7dd76578eccc","2021-04-30 13:21:50.737"
"ALB","168.820","1","168.960","1","71","168.50","f2cf9bf5-3908-47b7-b8ed-40ebbc1c3afe","2021-04-30 13:21:50.737"
"ALB","168.820","1","168.950","1","71","168.50","b83d58d5-30cc-4920-9f89-f1faa50c185a","2021-04-30 13:21:50.737"
"ALB","168.780","1","168.870","1","71","168.50","bfabc23e-620e-43ef-8abb-5e04571dc5bf","2021-04-30 13:21:50.737"
"ALB","168.780","1","168.870","1","71","168.50","70177f22-1d9c-4a57-ba62-72ea340a6710","2021-04-30 13:21:50.737"
"ALB","168.780","1","168.870","2","71","168.50","0d86d633-9078-4d02-bad9-312e4a592190","2021-04-30 13:21:50.737"
"ALB","168.880","1","168.980","2","71","168.50","be3cd761-e182-4434-bb24-2270080c60c4","2021-04-30 13:21:50.737"
"ALB","168.850","1","168.980","1","71","168.50","d6f904fa-9e09-4cd6-beeb-634677378119","2021-04-30 13:21:50.737"
"ALB","168.850","1","168.980","1","71","168.50","64b5a901-3d52-4b57-9a0a-55793d0db9ac","2021-04-30 13:21:50.737"
"ALB","168.850","1","168.980","2","71","168.50","5cdb6fce-9a5f-4f33-83ff-70a26ff1d297","2021-04-30 13:21:50.737"
"ALB","168.860","1","168.980","1","71","168.50","a4781189-bf57-44b3-a69b-6e512bbd09c3","2021-04-30 13:21:50.737"
"ALB","168.860","1","168.980","1","71","168.50","73145f4f-a641-4bf2-840b-887b38c59c3a","2021-04-30 13:21:50.737"
"ALB","168.530","1","168.630","1","-71","168.65","d8e6fe2e-1123-49ad-b2a3-b3d9ec9b6b3b","2021-04-30 13:23:51.735"
"ALB","168.530","1","168.630","1","-71","168.65","1ed1084a-b929-4ae0-be9d-e4cf9ec74966","2021-04-30 13:23:51.735"
"ALB","168.530","1","168.630","1","-71","168.65","2b804022-14d5-4ee3-8418-36f0eef25fcc","2021-04-30 13:23:51.735"
"ALB","168.530","1","168.630","1","-71","168.65","bbe90c2f-40e7-4d97-873e-4f1f4b69c869","2021-04-30 13:23:51.735"
"ALB","168.530","1","168.630","1","-71","168.65","ef91a143-a5d3-43ae-b364-9a0a553e5c4d","2021-04-30 13:23:51.735"
"ALB","168.530","1","168.630","1","-71","168.65","f5bcf45b-893d-4e77-8769-1c21f4449680","2021-04-30 13:23:51.735"
"ALB","168.530","1","168.630","1","-71","168.65","469ab926-f7ea-4f57-9426-aa5a632538e9","2021-04-30 13:23:51.735"
"ALB","168.530","1","168.630","1","-71","168.65","8acff8f8-cebe-47bd-84d6-bb7cc7e6445f","2021-04-30 13:23:51.735"
"ALB","168.560","1","168.660","1","-71","168.66","7e574638-af03-456a-a6a7-23e2fdb12cff","2021-04-30 13:24:11.764"
"ALB","168.560","1","168.660","1","-71","168.66","de0dd328-8159-4d46-9941-bb5d0d2ddb22","2021-04-30 13:24:11.764"
"ALB","168.630","1","168.740","1","-71","168.74","55f6cf0f-f164-4551-a613-abe3abcb70d0","2021-04-30 13:24:28.698"
"ALB","168.630","1","168.740","1","-71","168.74","72d913b7-6675-41d1-a3da-0efaef204158","2021-04-30 13:24:28.698"
"ALB","168.630","1","168.740","1","-71","168.74","b02ea3b0-ada2-4a97-821a-287f176ae0fb","2021-04-30 13:24:28.698"
"ALB","168.670","1","168.740","1","-71","168.74","5f4f0b97-3152-4cd4-b36e-7f1f02ed5e11","2021-04-30 13:24:32.797"
"ALB","168.620","2","168.740","1","-71","168.74","22f63046-41a1-45c2-9704-940796a91bbc","2021-04-30 13:24:46.223"
"ALB","168.670","1","168.780","1","71","168.41","b6a0479f-026b-4003-b643-4587f094f4ce","2021-04-30 13:27:49.352"
"ALB","168.410","1","168.570","3","-71","168.61","78c44c84-2e9c-4e79-9307-ff39859f25a6","2021-04-30 13:31:07.663"
"ALB","168.590","1","168.710","1","71","168.51","bfce7dd8-5611-40ba-b8e7-eebdf84b0e2b","2021-04-30 13:38:02.128"
"ALB","168.590","1","168.710","4","71","168.51","03510c51-d978-4463-b109-5ca32452dead","2021-04-30 13:38:02.128"
"ALB","168.270","1","168.410","2","-71","168.41","a3d05110-62cd-4709-bf60-f1ba4e524d6d","2021-04-30 13:38:55.653"
"ALB","168.240","1","168.380","1","-71","168.38","80c2d912-dcd6-4674-aa66-5b957ac21475","2021-04-30 13:41:43.834"
"ALB","167.950","2","168.170","2","71","168.17","5ca5ae51-8aad-473e-9b28-5177cf23c1de","2021-04-30 13:56:10.006"
"ALB","167.910","3","168.000","1","-71","168.00","ccb14178-53d8-43b2-8f49-ae02d6b5e05d","2021-04-30 13:57:42.470"
"ALB","168.030","1","168.140","1","71","167.96","d0221a15-e27f-457b-8818-d4446aceee70","2021-04-30 14:13:27.651"
"ALB","168.030","1","168.230","1","71","167.96","ce9c554e-ba69-4204-bd4f-cd26e1d43c85","2021-04-30 14:13:27.651"
"ALB","168.090","1","168.200","1","-71","168.20","8e6e5101-32c7-45fe-9187-556c35e2e8a7","2021-04-30 14:14:14.088"
"ALB","167.960","1","168.120","4","71","167.81","945b6789-da5b-4f65-b794-3371eef3bb2e","2021-04-30 14:17:51.164"
"ALB","167.780","1","167.940","3","-71","167.94","fe34a6f4-c1ca-424c-ac88-6a129ad538f1","2021-04-30 14:19:01.570"
"ALB","168.060","1","168.150","1","-71","168.16","b6a418cc-0090-404d-b875-ddfa3bae4a3a","2021-04-30 14:21:03.329"
"ALB","167.970","1","168.090","2","71","167.81","dc2ee104-575f-438a-8b0e-9ada733becdd","2021-04-30 14:31:31.089"
"ALB","168.090","1","168.170","1","-71","168.17","f8d08e7c-f34d-468e-9993-a0a2e2e028ba","2021-04-30 14:35:24.083"
"ALB","168.090","1","168.240","2","71","168.09","253191c9-a427-4eee-81ef-48bfb6c13688","2021-04-30 14:46:11.369"
"ALB","168.200","1","168.310","1","71","168.05","90f4037a-4c9f-4901-912b-4929e3d5bfa3","2021-04-30 14:46:27.046"
"ALB","168.210","1","168.310","1","71","168.05","56448b74-cebd-4ac6-88fa-c45a659e68be","2021-04-30 14:46:27.046"
"ALB","168.200","1","168.310","1","71","168.05","0885f526-f585-4d43-a01c-57872f396272","2021-04-30 14:46:27.046"
"ALB","168.120","1","168.310","1","71","168.05","d6600372-7ba2-4cdf-89ef-3593969662e3","2021-04-30 14:46:27.046"
"ALB","168.090","1","168.220","1","-71","168.22","bcde297f-22b1-4ff2-b1df-cd8f1c756291","2021-04-30 14:48:21.396"
"ALB","168.090","1","168.220","1","-71","168.22","efeed7fa-3053-4ecc-b117-af2b3591429d","2021-04-30 14:48:21.396"
"ALB","168.090","1","168.220","1","-71","168.22","00414cf6-f80e-4b2f-a450-23f06f8b40cd","2021-04-30 14:48:21.396"
"ALB","168.090","1","168.220","1","-71","168.22","b7d4bd08-7188-4b35-9ee7-7d9125a2da53","2021-04-30 14:48:21.396"
"ALB","168.060","1","168.220","3","-71","168.22","8d1ccf2b-e3eb-449e-afd7-41381686aece","2021-04-30 14:48:21.396"
"ALB","168.140","1","168.300","1","71","167.99","bfb476fa-135d-4c0c-8212-43f9c5d3af8b","2021-04-30 15:01:44.453"
"ALB","168.130","1","168.270","1","71","167.98","f0d4cfd5-65e2-412d-9c32-507d8d75c42b","2021-04-30 15:01:44.454"
"ALB","168.210","1","168.280","1","71","167.98","55af5603-06ee-471e-917a-6e651d866586","2021-04-30 15:01:44.454"
"ALB","168.110","1","168.270","1","71","167.98","73932939-e00c-4621-abc1-ad5effd8b598","2021-04-30 15:01:44.454"
"ALB","168.110","1","168.270","1","71","167.98","3e4c08ef-4a18-4781-9932-3b5560456897","2021-04-30 15:01:44.454"
"ALB","168.130","2","168.280","3","71","167.98","9f458648-3cd6-46d2-b018-3c29d12f2e1a","2021-04-30 15:01:44.454"
"ALB","168.120","2","168.280","1","71","167.98","2d6cb365-5851-4aa8-af48-4b0b5f77762b","2021-04-30 15:01:44.454"
"ALB","168.120","1","168.280","1","71","167.98","e30d60c5-0a95-49c6-8429-011e8d143690","2021-04-30 15:01:44.454"
"ALB","167.900","4","168.010","2","-71","168.01","669aa9e2-450e-4546-a16c-83294d5c8ec1","2021-04-30 15:03:41.745"
"ALB","167.900","2","168.030","1","-71","168.03","79773654-7c49-4ac8-b0ec-bf84c0ce4c0c","2021-04-30 15:03:42.275"
"ALB","167.900","2","168.030","1","-71","168.03","37dc6f02-fe7f-41a2-920e-2e64dccc8431","2021-04-30 15:03:42.275"
"ALB","167.900","2","168.030","1","-71","168.03","c7b7d243-be45-4e7b-b214-cea2c6061aee","2021-04-30 15:03:42.275"
"ALB","167.900","2","168.030","1","-71","168.03","424c1886-b497-4002-8ef3-cac6667ce613","2021-04-30 15:03:42.275"
"ALB","167.900","5","168.030","1","-71","168.03","529f3552-cadd-4ef3-94cb-045e0feb5766","2021-04-30 15:03:42.275"
"ALB","167.900","5","168.030","1","-71","168.03","9a7a5810-457e-40c4-a019-7679f7959cce","2021-04-30 15:03:42.275"
"ALB","167.900","4","168.020","1","-71","168.03","4eccde83-e861-4f08-b1a1-78a5ae3da889","2021-04-30 15:03:42.275"
"ALB","168.410","1","168.550","1","71","168.10","f38b83d1-e4f1-4bff-b726-b590665f3d71","2021-04-30 15:15:34.436"
"ALB","168.410","1","168.550","1","71","168.10","a9f565df-4560-4b05-97a2-c565319d815c","2021-04-30 15:15:34.436"
"ALB","168.370","1","168.440","1","71","168.10","cd66c6ff-3eb2-4c28-8e96-133d7be83b1e","2021-04-30 15:15:34.436"
"ALB","168.260","1","168.400","1","71","167.99","0e38aae5-ece1-4832-a76d-136e623bd100","2021-04-30 15:17:16.847"
"ALB","168.260","1","168.400","1","71","167.99","e50380a2-c22f-45ad-81c6-0c060063ad79","2021-04-30 15:17:16.847"
"ALB","168.210","2","168.300","1","71","167.99","7df98ea1-e67b-4fbb-ad8e-da9d9f3cbcf9","2021-04-30 15:17:16.847"
"ALB","168.340","1","168.450","1","71","167.99","f03eaf89-33ef-4b08-8c67-2f3a9edd920d","2021-04-30 15:17:16.847"
"ALB","168.360","1","168.510","1","71","167.99","199e9f80-da14-49b4-aaae-419afceae353","2021-04-30 15:17:16.847"
"ALB","167.950","1","168.020","1","-71","168.02","4330706b-a49d-4c6c-8d9e-3c2b7c636d76","2021-04-30 15:17:27.424"
"ALB","167.920","1","168.010","1","-71","168.01","0df71521-db26-425e-82a9-c809a76ed660","2021-04-30 15:19:58.571"
"ALB","167.920","1","168.010","1","-71","168.01","e33afbd5-486c-4967-b844-258c0b4e1a9b","2021-04-30 15:19:58.571"
"ALB","167.920","1","168.010","1","-71","168.01","b16e2ce2-7ec7-447e-8ae2-030d0e29f35b","2021-04-30 15:19:58.571"
"ALB","167.910","1","168.010","1","-71","168.01","5e5f4775-4568-4b42-8889-622339ffce41","2021-04-30 15:20:16.158"
"ALB","167.910","1","168.010","1","-71","168.01","c2d69a22-9d09-4d03-aae9-1f5675bf24e4","2021-04-30 15:20:16.158"
"ALB","167.910","1","168.010","1","-71","168.01","18461f35-8b77-40c1-b7f4-5164190611ec","2021-04-30 15:20:16.158"
"ALB","167.990","1","168.080","1","-71","168.09","4f47b53b-85fb-4307-a450-a7dd108e0553","2021-04-30 15:20:27.397"
"ALC","75.620","1","75.660","3","158","75.56","ef6d0e00-4c6a-48ea-a362-f5d0043e9432","2021-04-30 10:15:04.504"
"ALC","75.570","8","75.640","6","158","75.56","ab70edbc-9a1c-40f7-8b67-161b2b5a21ea","2021-04-30 10:15:04.504"
"ALC","75.660","9","75.730","2","158","75.54","2ec6b885-379d-4831-849f-224515d19518","2021-04-30 10:15:05.449"
"ALC","75.660","1","75.710","4","158","75.54","5e6f9072-5762-4dea-83bd-f15859610743","2021-04-30 10:15:05.449"
"ALC","75.660","2","75.720","2","158","75.54","1138e9dc-0a55-435a-840f-56ad41afcc14","2021-04-30 10:15:05.449"
"ALC","75.570","8","75.630","6","158","75.51","a0a50299-453a-44d5-9680-c921962a173f","2021-04-30 10:15:06.446"
"ALC","75.540","1","75.590","1","-158","75.59","8c1f8cc3-ef78-40ac-b51e-22f4b1d5cf49","2021-04-30 10:16:05.015"
"ALC","75.540","1","75.590","1","-158","75.59","7cb96ae5-4634-4028-97fa-b8706c038a42","2021-04-30 10:16:05.015"
"ALC","75.540","1","75.590","1","-158","75.59","afcca467-7fb7-4472-abd4-d56ecd2e21c9","2021-04-30 10:16:05.015"
"ALC","75.540","1","75.590","1","-158","75.59","3518b258-9012-4634-b536-27330835d5c3","2021-04-30 10:16:05.015"
"ALC","75.540","1","75.590","1","-158","75.59","374978f0-6fb1-4432-8d81-5dc99a63a931","2021-04-30 10:16:05.015"
"ALC","75.540","4","75.590","1","-158","75.59","89f8b963-63c6-424b-9bc9-411a64c86d89","2021-04-30 10:16:05.015"
"ALC","75.620","1","75.660","3","158","75.59","2ed948e9-0fa1-4354-8ebf-582b1c7ddb4b","2021-04-30 10:26:02.638"
"ALC","75.620","2","75.660","3","158","75.59","79ed2138-fe86-4a30-83b7-fe97d4a7242c","2021-04-30 10:26:02.638"
"ALC","75.620","2","75.660","3","158","75.59","572cc0c7-6cad-43d8-8f0a-0fba38d67eb6","2021-04-30 10:26:02.638"
"ALC","75.620","3","75.660","3","158","75.59","0cee9d5c-520c-4b84-aadd-92444fa7e37e","2021-04-30 10:26:02.638"
"ALC","75.620","3","75.660","3","158","75.59","58642ea7-aeb6-456a-93d3-09eb8ace4d77","2021-04-30 10:26:02.638"
"ALC","75.610","1","75.640","4","158","75.59","4cd12874-7bcd-4a73-8458-e69a771064e3","2021-04-30 10:26:02.638"
"ALC","75.610","3","75.660","8","-158","75.66","e1d39a22-a227-4a0c-9039-767d33e4af2c","2021-04-30 10:27:45.260"
"ALC","75.610","3","75.660","8","-158","75.66","89fbfa87-95f8-42c3-8ce1-17ea96a713c7","2021-04-30 10:27:45.260"
"ALC","75.640","5","75.700","1","-158","75.70","b86e8e5c-b4fa-4a4c-8053-5ab8433031f8","2021-04-30 10:28:39.238"
"ALC","75.640","5","75.700","1","-158","75.70","a3ba7345-2957-4645-a017-49d9e5a102af","2021-04-30 10:28:39.238"
"ALC","75.600","1","75.660","12","-158","75.66","74bb80c5-31fa-4a72-b8b6-952bb27d8ca4","2021-04-30 10:35:19.011"
"ALC","75.600","2","75.620","7","-158","75.62","19a1d7db-c4d8-4388-920c-91041e3fcce1","2021-04-30 10:37:06.763"
"ALC","75.600","2","75.640","9","158","75.55","927c3fcd-b992-4ffd-bbcc-ecae2b7865b0","2021-04-30 10:38:25.161"
"ALC","75.600","2","75.640","9","158","75.55","49261914-a70d-44f0-9d61-f70007abc5d6","2021-04-30 10:38:25.161"
"ALC","75.600","3","75.640","8","158","75.55","3927ab6e-58a4-4a1e-8ecb-8d6984c6695b","2021-04-30 10:38:25.161"
"ALC","75.640","1","75.660","1","158","75.50","ce0facf4-7fd4-4c16-92a7-77c3df7c43b0","2021-04-30 10:38:36.188"
"ALC","75.640","1","75.660","1","158","75.50","8944cfba-f3e5-4b10-8988-959a8be44f17","2021-04-30 10:38:36.188"
"ALC","75.620","2","75.660","3","158","75.50","f2df9520-e4ce-41b2-85dc-aac876810254","2021-04-30 10:38:36.188"
"ALC","75.650","1","75.700","4","158","75.50","e129f004-af84-42c2-84af-423c630ba6c8","2021-04-30 10:38:36.188"
"ALC","75.640","2","75.680","4","158","75.50","a178fad2-cbb1-4cf9-a0d3-1c48a8a0e7e2","2021-04-30 10:38:36.188"
"ALC","75.500","1","75.560","7","-158","75.56","04c0ff85-f276-492e-8871-e19820540e13","2021-04-30 10:38:40.116"
"ALC","75.500","1","75.560","7","-158","75.56","46d103ed-fd6a-43a3-8735-dd47ca7ae2e7","2021-04-30 10:38:40.116"
"ALC","75.510","4","75.560","4","-158","75.56","e67839b9-b7c6-40a4-833d-345c39e135d6","2021-04-30 10:38:55.778"
"ALC","75.510","4","75.560","4","-158","75.56","80a8cb1a-adac-4002-9147-589059c7c5f6","2021-04-30 10:38:55.778"
"ALC","75.510","4","75.560","4","-158","75.56","1bea3dce-c67b-4ff8-8db5-d27ee0747beb","2021-04-30 10:38:55.778"
"ALC","75.550","2","75.560","1","-158","75.57","5c9524f1-12b5-43e3-a98b-37cc35ebdc6e","2021-04-30 10:39:20.741"
"ALC","75.680","1","75.720","3","158","75.48","8d88db0f-5908-403e-a9c0-b0c9dd0b8b38","2021-04-30 10:43:34.347"
"ALC","75.660","1","75.700","4","158","75.48","2595b1ff-20ca-4e84-b6b3-794a86c91616","2021-04-30 10:43:34.347"
"ALC","75.650","1","75.700","4","158","75.48","2d7f7452-0b22-448c-b4ad-530dc6111acb","2021-04-30 10:43:34.347"
"ALC","75.680","1","75.700","1","158","75.48","f6b61500-f56b-460d-9e76-b37b23d71143","2021-04-30 10:43:34.347"
"ALC","75.670","1","75.690","3","158","75.48","4a66d0b5-51e6-4e89-9f87-27b375a28939","2021-04-30 10:43:34.347"
"ALC","75.670","1","75.690","3","158","75.48","3047ab8d-aef4-4844-861d-1bfe2fc4c278","2021-04-30 10:43:34.347"
"ALC","75.640","2","75.680","4","158","75.48","bb6e8531-838b-46ec-90b4-40dabba4de5e","2021-04-30 10:43:34.347"
"ALC","75.470","1","75.490","5","-158","75.49","c2d7a9fa-1133-449f-b8ff-2b2ab2151ce7","2021-04-30 10:44:10.957"
"ALC","75.470","1","75.500","4","-158","75.50","b63949ea-fe58-4c85-b145-5bd1446152c6","2021-04-30 10:44:10.958"
"ALC","75.470","1","75.500","4","-158","75.50","df4c56fd-abc6-4057-8281-a69d7eed93df","2021-04-30 10:44:10.958"
"ALC","75.470","1","75.500","4","-158","75.50","43bc8ef5-a1f9-44ff-a604-759b135359b1","2021-04-30 10:44:10.958"
"ALC","75.470","1","75.500","4","-158","75.50","f3bc9be8-7bce-4e77-88f5-6eaf54d5d8bc","2021-04-30 10:44:10.958"
"ALC","75.470","1","75.500","4","-158","75.50","c1e3d893-8137-4490-9ac7-bc1e6b429382","2021-04-30 10:44:10.958"
"ALC","75.470","1","75.500","4","-158","75.50","1d559ea7-450e-4594-a101-722327ec2dc4","2021-04-30 10:44:10.958"
"ALC","75.470","1","75.510","6","-158","75.53","992b7d60-b726-43eb-8b39-aec4b25f1c63","2021-04-30 10:44:11.346"
"ALC","75.520","1","75.580","4","-158","75.58","c7a2b1cd-ab6b-4a18-a5f3-076955ad3fa7","2021-04-30 10:46:03.885"
"ALC","75.580","4","75.630","4","158","75.63","ebbae653-95f8-49b4-99a4-23d956dc81ee","2021-04-30 10:47:30.006"
"ALC","75.460","1","75.500","4","-158","75.50","2ad7d2ad-cf6c-4381-8233-db9a3e9a865e","2021-04-30 10:52:20.052"
"ALC","75.640","2","75.720","10","159","75.39","e383859c-47fe-42a0-98f3-094dd2f98d84","2021-04-30 10:53:15.220"
"ALC","75.590","2","75.620","3","159","75.39","a9da9ca0-64d5-4f4d-8a1e-5fc92803e072","2021-04-30 10:53:15.220"
"ALC","75.570","7","75.620","7","159","75.39","f169524c-4ec9-45f4-86e5-a5def9b46c98","2021-04-30 10:53:15.220"
"ALC","75.570","7","75.620","7","159","75.39","a09a48b6-0be3-43d3-8c5c-1da4a7b7c5bd","2021-04-30 10:53:15.220"
"ALC","75.420","4","75.460","1","-159","75.46","0bdbbc6d-4022-4773-8e42-df8e9929b2a9","2021-04-30 10:53:31.439"
"ALC","75.420","4","75.460","1","-159","75.46","824495f5-9da5-4ef8-815b-dee3556a268d","2021-04-30 10:53:31.439"
"ALC","75.430","1","75.440","4","-159","75.44","324da6b3-dc87-4de9-b361-806a5906432b","2021-04-30 10:53:56.445"
"ALC","75.420","1","75.440","5","-159","75.44","90fc1133-304d-45bb-bf54-ba654f5859c0","2021-04-30 10:55:59.640"
"ALC","75.550","5","75.600","1","159","75.26","25510156-4d3e-422c-a3e7-583a655fbfea","2021-04-30 11:04:41.652"
"ALC","75.540","5","75.600","3","159","75.26","31601774-fb53-4e61-bc06-ca0cc48787f8","2021-04-30 11:04:41.652"
"ALC","75.540","6","75.600","4","159","75.26","9314c41c-87e9-40ec-8177-22916d306b24","2021-04-30 11:04:41.652"
"ALC","75.550","4","75.600","4","159","75.26","46402472-35c4-40b5-8206-0c1d5ea1cf71","2021-04-30 11:04:41.652"
"ALC","75.560","5","75.600","5","159","75.26","ed9c3033-34e6-4873-bcad-da63f7b76a6d","2021-04-30 11:04:41.652"
"ALC","75.560","5","75.600","4","159","75.26","882dea7b-8e9e-46d4-bfc1-d9c25ac4ce54","2021-04-30 11:04:41.652"
"ALC","75.560","3","75.600","4","159","75.26","67edd05f-68d9-45a6-afa2-8d0203f28c6a","2021-04-30 11:04:41.652"
"ALC","75.310","3","75.320","4","-159","75.33","14f44dc3-82c7-43a6-b1fe-d1e1f54271dc","2021-04-30 11:05:13.812"
"ALC","75.310","3","75.320","4","-159","75.33","b53bbed0-f395-41ce-a5a2-ba33cbb5c69b","2021-04-30 11:05:13.812"
"ALC","75.310","3","75.320","4","-159","75.33","324dad96-ac26-42a5-ba81-eaeff6746786","2021-04-30 11:05:13.812"
"ALC","75.310","3","75.320","4","-159","75.33","dea9f47d-e6c8-48ec-9082-e244c1b6c2df","2021-04-30 11:05:13.812"
"ALC","75.290","3","75.310","4","-159","75.31","ae03e269-3383-4bd0-9a85-9e77f87e8a89","2021-04-30 11:05:30.151"
"ALC","75.300","1","75.310","4","-159","75.31","b6b87d9c-5b4e-4f67-92cc-f37c8a03b8d9","2021-04-30 11:05:40.575"
"ALC","75.300","3","75.320","3","-159","75.32","80925c26-b2f3-41e4-b71e-f8f61a47a6ce","2021-04-30 11:06:11.626"
"ALC","75.260","3","75.350","1","159","75.24","53336312-6d20-4110-b9e8-ad0ef9e9cfbe","2021-04-30 11:28:00.720"
"ALC","75.330","7","75.380","6","159","75.24","2b769305-4af3-4880-99e5-03d390515baf","2021-04-30 11:28:00.720"
"ALC","75.020","1","75.080","3","-159","75.08","9e3002b3-ff06-463c-9c86-4f3d713cda7d","2021-04-30 11:31:13.449"
"ALC","75.070","1","75.120","5","-159","75.12","62b38d40-ad80-4818-afe8-43fce9e3bc90","2021-04-30 11:31:49.443"
"ALC","75.490","1","75.590","2","159","75.40","474b3829-a01a-43cd-8cf2-87f75b55844f","2021-04-30 11:59:10.811"
"ALC","75.490","6","75.590","2","159","75.40","54b3881b-9e22-430f-b151-7fb93734c34c","2021-04-30 11:59:10.811"
"ALC","75.490","6","75.590","2","159","75.40","50779886-ba84-45ea-8ca3-0496d0399280","2021-04-30 11:59:10.811"
"ALC","75.490","6","75.590","2","159","75.40","413e40dc-b85b-435b-80e6-53e471de87e9","2021-04-30 11:59:10.811"
"ALC","75.490","6","75.590","2","159","75.40","d65d84c9-b953-4277-8204-9c52de2439ef","2021-04-30 11:59:10.811"
"ALC","75.490","6","75.580","2","159","75.40","b5dc0474-2223-498b-a1a1-c3f5d709aa52","2021-04-30 11:59:10.811"
"ALC","75.500","2","75.580","2","159","75.40","c1ae3f06-58d2-4bd7-b4d3-9884c29fdfe2","2021-04-30 11:59:10.811"
"ALC","75.440","4","75.550","2","-159","75.55","23714562-4b5f-4e65-83b8-8c57d3f42776","2021-04-30 12:03:24.967"
"ALC","75.440","4","75.550","2","-159","75.55","bef32bc0-600f-4cea-a550-bc6e0703a4c1","2021-04-30 12:03:24.967"
"ALC","75.440","4","75.550","2","-159","75.55","cd727b4a-9147-4e92-94a8-94a279e016e9","2021-04-30 12:03:24.967"
"ALC","75.440","4","75.550","2","-159","75.55","d208feee-a01e-44fa-98c8-82a36085fcc4","2021-04-30 12:03:24.967"
"ALC","75.470","1","75.550","3","-159","75.55","6a39b069-7c4e-44a0-a402-57ec9b705bbc","2021-04-30 12:03:33.585"
"ALC","75.470","1","75.550","3","-159","75.55","e1907364-f3df-435c-996c-ef2d52a76212","2021-04-30 12:03:33.585"
"ALC","75.480","2","75.580","5","-159","75.58","39c4b76c-bcf5-4ac6-8dbd-cd6d1142e59d","2021-04-30 12:04:23.995"
"ALC","75.560","3","75.630","4","158","75.55","70af829f-ac44-4cf1-81bd-0b96fdc49c22","2021-04-30 12:34:34.124"
"ALC","75.560","4","75.620","1","158","75.55","6e3159f8-2090-43b1-882b-3499a0d09df7","2021-04-30 12:34:34.124"
"ALC","75.560","4","75.620","1","158","75.55","2f380a6b-827f-4593-9c2c-5aa99d02532d","2021-04-30 12:34:34.124"
"ALC","75.570","2","75.630","1","158","75.51","2e0232ac-d02e-4ca3-9dd9-f91b6e4bdd5c","2021-04-30 12:36:10.756"
"ALC","75.570","1","75.630","1","158","75.51","5392a16a-2aaa-4bc1-bb5a-626436ff0efb","2021-04-30 12:36:10.756"
"ALC","75.570","1","75.630","1","158","75.51","893f3e78-bb8c-47c3-a413-39762fb11f47","2021-04-30 12:36:10.756"
"ALC","75.600","2","75.660","4","158","75.51","516f19b6-3b5a-4fbd-a7fd-f7dca1aed686","2021-04-30 12:36:10.756"
"ALC","75.600","4","75.640","5","158","75.51","394b0794-ec6e-4e48-9c5d-df85d822eb50","2021-04-30 12:36:10.756"
"ALC","75.600","4","75.640","5","158","75.51","57d2f938-9169-40dd-b797-b78adce461b4","2021-04-30 12:36:10.756"
"ALC","75.500","1","75.530","2","-158","75.53","e7196c11-fae3-43d5-a919-627947ec3660","2021-04-30 12:37:52.989"
"ALC","75.500","1","75.530","2","-158","75.53","3edde573-03a5-4da2-9078-e044631ea733","2021-04-30 12:37:52.989"
"ALC","75.500","1","75.530","2","-158","75.53","e5595cf4-9020-49cb-8726-0a7dd21f835f","2021-04-30 12:37:52.989"
"ALC","75.500","1","75.530","2","-158","75.53","176cdbba-c67e-423c-b22e-75d3ecb02425","2021-04-30 12:37:52.989"
"ALC","75.500","1","75.530","2","-158","75.53","e8d41ed5-0bab-41c4-a01e-4bfb5c43abf6","2021-04-30 12:37:52.989"
"ALC","75.500","2","75.530","2","-158","75.53","e0df21fa-cae4-46ce-bad5-c95bdedf4173","2021-04-30 12:37:52.989"
"ALC","75.500","2","75.530","2","-158","75.53","bb04c644-e718-4a06-8f5d-6db470795bb4","2021-04-30 12:37:52.989"
"ALC","75.520","3","75.540","2","-158","75.54","704206ec-faf7-41a2-8fc5-87267399935f","2021-04-30 12:38:10.452"
"ALC","75.520","4","75.540","1","-158","75.54","41649f3b-4ca7-4dd4-9007-5912bafbafa3","2021-04-30 12:38:10.452"
"ALC","75.590","5","75.650","3","158","75.57","c66318f5-de5c-4bbf-b89e-c251d42bed1a","2021-04-30 12:43:51.823"
"ALC","75.600","5","75.650","3","158","75.57","98945c3c-c8b0-43ea-b502-06e76e74a213","2021-04-30 12:43:51.823"
"ALC","75.600","5","75.650","3","158","75.57","7b9a48fa-68d0-4c6f-b134-1b1d13d9c6b4","2021-04-30 12:43:51.823"
"ALC","75.600","5","75.650","3","158","75.57","c40f826b-0936-4923-b610-6d40217e95c3","2021-04-30 12:43:51.823"
"ALC","75.590","1","75.600","2","158","75.57","1697fb17-6a58-4363-8ecc-ff32d2d8d6df","2021-04-30 12:43:51.823"
"ALC","75.590","1","75.600","2","158","75.57","a2936e40-3b42-4cbb-be1f-8f0e78f8d27b","2021-04-30 12:43:51.823"
"ALC","75.590","1","75.600","2","158","75.57","8ba8ba7b-0ef5-41da-a0a7-205764815c74","2021-04-30 12:43:51.823"
"ALC","75.590","1","75.600","2","158","75.57","75fa317c-3e3d-46e6-8fa8-d536500cdf48","2021-04-30 12:43:51.823"
"ALC","75.530","2","75.610","2","-158","75.61","edde2eb9-fffe-41b3-a6d3-358c3acb1ff9","2021-04-30 12:45:14.193"
"ALC","75.530","2","75.610","2","-158","75.61","8e249c11-ad2f-4cb7-ba93-3aeef52754c2","2021-04-30 12:45:14.193"
"ALC","75.530","6","75.580","1","-158","75.58","e767577e-5b69-4183-9a33-faba9ef6a429","2021-04-30 12:47:30.602"
"ALC","75.530","3","75.590","6","-158","75.59","ee4ad03b-b756-4b9f-8e5f-17ffd3417daf","2021-04-30 12:47:47.050"
"ALC","75.530","3","75.590","6","-158","75.59","9292c1e7-163b-43a5-ac87-866583f04b0f","2021-04-30 12:47:47.050"
"ALC","75.530","3","75.590","6","-158","75.59","ad241d38-b65d-4a9e-b523-a57cf3320465","2021-04-30 12:47:47.050"
"ALC","75.530","3","75.590","6","-158","75.59","b4496278-564d-4fc5-9b67-21cc2597ad1e","2021-04-30 12:47:47.050"
"ALC","75.530","3","75.590","6","-158","75.59","e5165272-69ac-4c9a-b97a-0df80c9dc52f","2021-04-30 12:47:47.050"
"ALC","75.690","2","75.730","2","158","75.64","ed6ff74f-49a1-49ad-9fbe-4e67e2a5a51d","2021-04-30 13:40:38.648"
"ALC","75.690","2","75.730","1","158","75.64","270e0aad-19c1-4db0-991d-1bea4539fc3c","2021-04-30 13:40:38.648"
"ALC","75.690","2","75.730","1","158","75.64","c10dc661-cd6c-43bf-b219-e197f8c019b5","2021-04-30 13:40:38.648"
"ALC","75.630","2","75.710","3","158","75.64","312ea7c0-2734-4dcf-9b40-8d0e581d1c81","2021-04-30 13:40:38.648"
"ALC","75.640","2","75.710","3","158","75.64","3f58b1bd-77bd-4821-b3e3-13bb75f2a193","2021-04-30 13:40:38.648"
"ALC","75.640","2","75.700","2","158","75.64","3ebfbe70-ac2a-4bf4-b221-8d668faa1547","2021-04-30 13:40:38.648"
"ALC","75.690","1","75.740","2","158","75.60","a545fa51-3381-4185-8bd0-5197e0b14abf","2021-04-30 13:42:02.458"
"ALC","75.690","1","75.740","1","158","75.60","995f1f91-3093-4aad-86b4-db065e6762d4","2021-04-30 13:42:02.458"
"ALC","75.660","3","75.740","4","158","75.60","cc1fe1b2-a6b1-4dc0-a0fb-80a888e3ad9a","2021-04-30 13:42:02.458"
"ALC","75.660","3","75.740","4","158","75.60","788080e2-e26f-4163-8917-725b6fd53369","2021-04-30 13:42:02.458"
"ALC","75.690","1","75.730","2","158","75.60","6be32a38-39ca-4256-a7fa-0e6615af1ada","2021-04-30 13:42:02.458"
"ALC","75.690","3","75.730","2","158","75.60","73e79682-db66-4f7f-9d61-916d90c0a246","2021-04-30 13:42:02.458"
"ALC","75.600","2","75.660","2","-158","75.66","ff562f50-e56e-467b-bfb3-76da334e1f1b","2021-04-30 13:42:23.161"
"ALC","75.600","2","75.660","2","-158","75.66","1bc38b92-fd72-4248-88e6-ca9c396f51be","2021-04-30 13:42:23.161"
"ALC","75.600","2","75.660","2","-158","75.66","55f739df-3cb1-4d90-9963-c52d965f9f96","2021-04-30 13:42:23.161"
"ALC","75.600","4","75.660","1","-158","75.66","f09fc1d8-40cf-4cd5-86d0-9315dc9909ae","2021-04-30 13:42:23.161"
"ALC","75.600","4","75.660","1","-158","75.66","f258a5f0-e9a9-4630-9087-39a53cf751f6","2021-04-30 13:42:23.161"
"ALC","75.600","4","75.660","2","-158","75.66","6e8fcd62-8792-4049-bcdd-a53932ff5089","2021-04-30 13:42:23.161"
"ALC","75.600","4","75.660","2","-158","75.66","d9b602fe-42af-43b8-806a-33fae786cff8","2021-04-30 13:42:57.045"
"ALC","75.600","4","75.660","2","-158","75.66","87caa0c1-bbcd-48f6-9775-a26967a5ec18","2021-04-30 13:42:57.045"
"ALC","75.600","4","75.660","2","-158","75.66","fe6aaa92-f334-47e1-91f8-8f715b3c74b9","2021-04-30 13:42:57.045"
"ALC","75.600","4","75.660","2","-158","75.66","3ea067a0-f48d-40ab-a1c3-8e43abf15fc2","2021-04-30 13:42:57.045"
"ALC","75.600","4","75.660","2","-158","75.66","146657b7-ef47-41f5-b393-f0143be0eccd","2021-04-30 13:42:57.045"
"ALC","75.600","4","75.660","2","-158","75.66","a6b152a7-ffc1-42c2-b47f-91f6fd98ac12","2021-04-30 13:43:15.658"
"ALC","75.700","4","75.780","1","158","75.66","78c41a4d-da20-4731-ad60-991609a07101","2021-04-30 14:40:19.078"
"ALC","75.700","4","75.780","2","158","75.66","e0825d7f-bb48-4f8b-bf0d-c1cf7aca9675","2021-04-30 14:40:19.078"
"ALC","75.700","4","75.780","4","158","75.66","cd3cea0e-6c91-49a0-96a5-f6097b838f61","2021-04-30 14:40:19.078"
"ALC","75.690","3","75.750","4","158","75.66","6198cb66-93fd-43b0-ba54-8c7c293b1640","2021-04-30 14:40:19.078"
"ALC","75.690","2","75.750","1","-158","75.75","26c9a4be-6dd5-45c7-a4ba-7e2a056f3aca","2021-04-30 14:42:27.362"
"ALC","75.720","2","75.760","3","-158","75.76","470147dd-ff50-48fc-9fe0-88d0631b3d59","2021-04-30 14:43:26.040"
"ALC","75.720","2","75.760","1","-158","75.76","81a0e5e0-2ccd-4f82-9780-cce2fbfd128c","2021-04-30 14:43:36.080"
"ALC","75.720","2","75.760","1","-158","75.76","cc6ac73b-3cae-48ad-9e35-8326fb7ac2d7","2021-04-30 14:43:57.030"
"ALC","75.720","2","75.760","4","158","75.72","84fd97c1-3bd7-410b-8a59-20b32eb1c566","2021-04-30 14:44:45.510"
"ALC","75.720","2","75.760","4","158","75.69","f4e1c306-86b4-48c6-a60c-e7cc373c21c2","2021-04-30 14:46:14.251"
"ALC","75.750","1","75.800","4","158","75.59","9c286c89-a146-43a2-ab1b-954cdec11ff5","2021-04-30 14:52:11.629"
"ALC","75.750","1","75.800","4","158","75.59","7f9c379c-469f-4351-a152-a702e52c459f","2021-04-30 14:52:11.629"
"ALC","75.750","1","75.800","4","158","75.59","b982556b-a508-488d-92b1-315ba337aa48","2021-04-30 14:52:11.629"
"ALC","75.730","1","75.800","4","158","75.59","e7869325-24f0-422b-90f2-c084cd6366d5","2021-04-30 14:52:11.629"
"ALC","75.750","2","75.800","4","158","75.59","a6df0869-4dd8-4434-bb7d-d7da267fd8c5","2021-04-30 14:52:11.629"
"ALC","75.750","2","75.800","4","158","75.59","ccb89573-9bb4-4092-bfbe-a4e7453cb0fa","2021-04-30 14:52:11.629"
"ALC","75.750","2","75.800","4","158","75.59","225ad63f-6565-4efe-a7e0-308b23f83a79","2021-04-30 14:52:11.629"
"ALC","75.740","1","75.790","1","158","75.59","4ba5967b-6087-446d-9074-99924275f86c","2021-04-30 14:52:11.629"
"ALC","75.740","1","75.790","1","158","75.59","33cc5b19-1f98-4898-980e-1f909ce0ccb1","2021-04-30 14:52:11.629"
"ALC","75.750","1","75.800","1","158","75.58","bc567bc0-c276-4be1-845e-bd56adcd366d","2021-04-30 14:52:11.630"
