"Symbol","Bid","Bid Sz","Ask","Ask Sz","Shares","Price","Order ID","Timestamp"
"AA","25.250","3","25.270","15","476","25.16","fe009d89-10bb-4914-bc02-5b8211d78c44","2021-01-06 10:41:14.365"
"AA","25.250","3","25.290","5","477","25.16","39b1091d-a4a5-4212-b46e-3db2f04138cd","2021-01-06 10:41:14.365"
"AA","25.260","2","25.290","4","477","25.16","fb56436a-fc9d-4b47-b1c7-131912167089","2021-01-06 10:41:14.365"
"AA","25.240","3","25.270","3","477","25.16","b3044303-6c1d-4bf5-9aa6-a214aad75314","2021-01-06 10:41:14.365"
"AA","25.260","2","25.280","4","476","25.16","a7c1e2bb-3f71-4725-a978-6fb19437adc5","2021-01-06 10:41:14.365"
"AA","25.250","2","25.260","2","476","25.16","4466d283-1f0f-41a5-8841-e6d9aacba4ed","2021-01-06 10:41:14.365"
"AA","25.230","4","25.260","2","477","25.13","6fa8fca5-df8a-4ac4-a7e2-b35889855c26","2021-01-06 10:41:18.413"
"AA","25.230","3","25.260","4","477","25.13","67ab1d1c-a34e-412b-a434-11ee7a6f4973","2021-01-06 10:41:18.413"
"AA","25.230","3","25.260","5","477","25.13","f9e19cec-511e-46a0-a0be-2fca03eb06bf","2021-01-06 10:41:18.413"
"AA","25.260","1","25.270","1","477","25.13","1bd24473-7473-4042-a61f-9edcfe5973e7","2021-01-06 10:41:18.413"
"AA","25.240","4","25.260","3","477","25.13","9f8c6620-3b61-4f53-bad0-7f020fe022e7","2021-01-06 10:41:18.413"
"AA","25.240","2","25.250","3","477","25.13","746dda3c-c667-446c-916f-a66a40dfc2e5","2021-01-06 10:41:18.413"
"AA","25.240","1","25.260","3","477","25.13","32f3cc27-4253-416d-aad9-6ceba685588d","2021-01-06 10:41:18.413"
"AA","25.230","7","25.270","2","477","25.13","8f9cab0d-f18e-4c48-a140-43655cb52989","2021-01-06 10:41:18.413"
"AA","25.130","3","25.160","2","-477","25.16","26619bf0-3786-4ae8-a0bd-352a7cc8e288","2021-01-06 10:41:39.756"
"AA","25.130","3","25.160","2","-477","25.16","f747f444-4609-40fe-9860-2dc520cfca60","2021-01-06 10:41:39.756"
"AA","25.130","3","25.160","2","-476","25.16","dc2bf523-841e-4623-b980-f40a2087fff8","2021-01-06 10:41:39.756"
"AA","25.130","3","25.160","2","-477","25.16","77de3c9c-38c5-489b-b50e-2201859405e3","2021-01-06 10:41:39.756"
"AA","25.130","3","25.160","2","-477","25.16","ce1da4ed-692c-47d8-97be-274f78660847","2021-01-06 10:41:39.756"
"AA","25.130","3","25.160","2","-476","25.16","d331e97c-8f17-481b-8a3f-8a1a868e3472","2021-01-06 10:41:39.756"
"AA","25.130","3","25.160","2","-477","25.16","e573f4d2-d8a6-4d9d-9413-7499daed2a42","2021-01-06 10:41:39.756"
"AA","25.140","2","25.160","3","-477","25.16","7e1b427c-f173-4f2d-9a37-2e3f3f5fec3d","2021-01-06 10:41:45.184"
"AA","25.140","2","25.160","3","-477","25.16","564eb551-bd7d-4cfc-b577-b1848027923d","2021-01-06 10:41:45.184"
"AA","25.140","2","25.160","3","-477","25.16","4caf2cf4-313a-423f-8977-aedf9f44b62d","2021-01-06 10:41:45.184"
"AA","25.140","2","25.160","3","-477","25.16","84def83e-949b-4a9c-9448-c08cce638b4e","2021-01-06 10:41:45.184"
"AA","25.160","2","25.180","2","-476","25.18","0c075bb8-006b-4183-94fa-c45044154f9a","2021-01-06 10:41:52.069"
"AA","25.160","2","25.180","2","-477","25.18","597dcdf3-7d80-4686-8fd1-59458d1f285d","2021-01-06 10:41:52.069"
"AA","25.200","4","25.220","6","477","25.11","75fcaca8-72a5-4034-8196-8e91cf8ad012","2021-01-06 10:42:19.612"
"AA","25.200","2","25.210","1","477","25.11","9038e815-c15e-411d-a114-e2f1d3eb40ea","2021-01-06 10:42:19.612"
"AA","25.240","4","25.270","3","477","25.11","9ddf218b-ccc2-4d46-9409-35fa2d85bd5d","2021-01-06 10:42:19.612"
"AA","25.220","2","25.250","9","477","25.11","03eaf038-51aa-4fd2-b372-600d65a28958","2021-01-06 10:42:19.612"
"AA","25.020","4","25.030","4","-477","25.03","e33e91de-8132-4d5b-8194-e098d7e64a22","2021-01-06 10:43:22.626"
"AA","25.030","10","25.050","5","-477","25.06","857092f5-67db-4644-918b-a10b12042e62","2021-01-06 10:43:24.287"
"AA","25.030","10","25.050","5","-477","25.06","17c58059-6c7a-4920-badf-8596b87bab79","2021-01-06 10:43:24.287"
"AA","25.050","6","25.080","6","-477","25.08","7733aa05-fede-4dad-9a1d-e08d8c04a6cf","2021-01-06 10:43:29.703"
"AA","25.040","7","25.080","3","-477","25.08","4bb97113-f146-4188-8874-5df88f2290b6","2021-01-06 10:43:30.026"
"AA","25.040","6","25.070","12","476","25.07","52e4958c-8ce4-4ca0-b9b7-ad2f09d04db8","2021-01-06 10:57:30.006"
"AA","25.120","11","25.160","2","-476","25.16","fd16da4c-f082-4bbd-8cf4-bc72d9ce6e09","2021-01-06 10:58:22.208"
"AA","25.110","4","25.160","4","479","25.04","1e2653d9-a660-4ff6-834c-68d9034b020e","2021-01-06 11:11:02.316"
"AA","25.130","2","25.150","3","479","25.04","f8a3731e-0472-4bec-9225-9e6fbdb309a4","2021-01-06 11:11:02.316"
"AA","25.130","8","25.150","1","479","25.04","44f33205-04a4-449d-a068-3090c6694c15","2021-01-06 11:11:02.316"
"AA","25.090","2","25.100","3","-479","25.10","0bb04f2d-92a9-4ff1-8cf6-d5ab5b05e90b","2021-01-06 11:11:40.232"
"AA","25.090","2","25.100","3","-479","25.10","969cf06e-454e-4dc7-8e7c-712549a69bf7","2021-01-06 11:11:40.232"
"AA","25.090","1","25.100","3","-479","25.10","b65239f7-44c9-4011-9704-99615458d13d","2021-01-06 11:12:12.719"
"AA","25.070","7","25.100","5","479","25.02","f9a1476b-d0ed-42a8-a671-f0e74c4731c8","2021-01-06 11:14:28.534"
"AA","25.060","3","25.090","5","479","25.02","bb1cc1b0-98e7-4ff1-9a08-bb7d051c9b80","2021-01-06 11:14:28.534"
"AA","25.010","5","25.030","2","-479","25.03","1b14c30d-71aa-47d1-83aa-f53409247442","2021-01-06 11:14:42.603"
"AA","25.020","4","25.030","1","-479","25.03","78e6c39f-2301-4a4f-b827-8b909f3f3e0f","2021-01-06 11:14:52.978"
"AA","25.100","7","25.120","3","478","25.10","7ff05b75-0f1f-4d18-9f28-e1974852b3b1","2021-01-06 11:20:03.363"
"AA","25.150","3","25.170","1","-478","25.17","4426add2-85fa-47eb-a0c0-ae12ef36c6cd","2021-01-06 11:20:35.636"
"AA","25.160","1","25.170","1","479","25.01","f7aa3655-1021-4367-9493-203ef5b64f91","2021-01-06 11:38:04.015"
"AA","25.160","2","25.170","2","479","25.01","9db28ebd-7b86-40ce-9a40-a0b750d2d075","2021-01-06 11:38:04.015"
"AA","25.140","5","25.150","11","479","25.01","a1572e0e-07c7-44ea-986d-e30a8da7921e","2021-01-06 11:38:04.015"
"AA","25.160","2","25.170","1","479","25.01","0d782116-c701-46cc-8d49-3a1e37e046cb","2021-01-06 11:38:04.015"
"AA","25.180","3","25.190","1","479","25.01","0a533dd7-f4d2-4980-bdc4-960584a88967","2021-01-06 11:38:04.015"
"AA","25.170","4","25.180","1","479","25.01","8b3fc52b-66ea-4bf9-a7a3-2aaa46237d39","2021-01-06 11:38:04.015"
"AA","25.150","3","25.170","5","479","25.01","ca94e359-35c8-4c66-80a8-308c9622a230","2021-01-06 11:38:04.015"
"AA","25.140","4","25.170","2","479","25.01","a7bbab87-63d6-4104-8a86-6171be860c06","2021-01-06 11:38:04.015"
"AA","25.140","3","25.170","4","479","25.01","d629dbe2-b15c-4f19-a193-3dcd99979f5e","2021-01-06 11:38:04.015"
"AA","25.100","1","25.130","4","479","25.01","63382dcb-2c22-4012-8a2a-be0780bbf729","2021-01-06 11:38:04.015"
"AA","25.100","1","25.130","4","479","25.01","c8057dc7-8e39-48e4-b29f-5f85275a0e59","2021-01-06 11:38:04.015"
"AA","25.090","3","25.120","4","479","25.01","560bb218-8816-46ef-8d30-ec62542ae6a1","2021-01-06 11:38:04.015"
"AA","25.040","2","25.050","1","-479","25.05","dd00f58a-de8a-4d46-9dbc-98ebce365910","2021-01-06 11:39:06.340"
"AA","25.040","2","25.050","1","-479","25.05","093b1f41-b786-48bd-9043-0545b329ae9e","2021-01-06 11:39:06.340"
"AA","25.040","2","25.050","1","-479","25.05","721c34e9-5a3a-4f3a-b2e9-27cd2ac55bb5","2021-01-06 11:39:06.340"
"AA","25.040","2","25.050","1","-479","25.05","4423f8b2-68ca-4665-8b63-bdee28dc81c0","2021-01-06 11:39:06.340"
"AA","25.040","4","25.050","1","-479","25.05","44bd5266-5688-4f6d-a6c2-47e170dc7aa7","2021-01-06 11:39:19.417"
"AA","25.040","4","25.050","1","-479","25.05","bfca07e5-5160-42b8-a835-8103ae2b3927","2021-01-06 11:39:19.417"
"AA","25.040","4","25.050","1","-479","25.05","29e3b8fe-e921-48d5-919a-385096047f9b","2021-01-06 11:39:19.417"
"AA","25.040","4","25.050","1","-479","25.05","3a6cf346-6b78-43ee-9303-d3e327acb7c5","2021-01-06 11:39:19.417"
"AA","25.040","2","25.050","2","-479","25.05","9f008eda-4026-4cad-a3a4-296861e195c1","2021-01-06 11:39:36.852"
"AA","25.110","3","25.120","2","480","24.95","57ff8c7c-6343-423f-b9db-84f0157a1d18","2021-01-06 11:39:55.812"
"AA","24.960","5","24.990","4","-479","24.99","ced1014e-b330-4c4c-9c70-3c5d75666f12","2021-01-06 11:40:01.298"
"AA","24.990","3","25.010","2","-479","25.01","4bc7cd6b-b0af-4c40-a3d6-061c114aa506","2021-01-06 11:40:13.875"
"AA","24.990","3","25.010","2","-480","25.01","fa3d2a94-4ebf-48d5-a3d5-421f14aeba6d","2021-01-06 11:40:13.875"
"AA","25.000","3","25.020","3","-479","25.03","0a1188d8-ad40-43fe-ad06-960405732af7","2021-01-06 11:40:26.730"
"AA","25.170","1","25.180","1","478","25.08","84b6a1a4-be4b-4441-8ea7-c452ef08d549","2021-01-06 11:57:56.649"
"AA","25.180","8","25.190","3","478","25.08","036e1536-bf7f-4f6a-bcd4-afcf834f80e5","2021-01-06 11:57:56.649"
"AA","25.200","5","25.230","3","478","25.08","bdec5298-1567-44b2-be03-df5066ae2a36","2021-01-06 11:57:56.649"
"AA","25.170","1","25.180","2","478","25.08","71c5d628-08fa-4a4a-b96e-ba83f0945aa1","2021-01-06 11:57:56.649"
"AA","25.150","4","25.170","2","478","25.08","aecffe24-0343-49dd-ab61-aaee317f8562","2021-01-06 11:57:56.649"
"AA","25.150","3","25.170","4","478","25.08","7333df17-c294-4d25-9cc6-38aec2c603cd","2021-01-06 11:57:56.649"
"AA","25.150","3","25.170","4","478","25.08","087f8761-126c-436f-98eb-51feb5f7fd1d","2021-01-06 11:57:56.649"
"AA","25.090","4","25.110","2","-478","25.11","8b437a4a-4075-4c9d-87e7-be25bd225d56","2021-01-06 12:00:15.343"
"AA","25.090","4","25.110","2","-478","25.11","9221fa81-25a1-405e-8758-2cf11562c86a","2021-01-06 12:00:15.343"
"AA","25.090","4","25.110","2","-478","25.11","e99d5737-0f2f-4e91-9a83-f4e3b7611d4d","2021-01-06 12:00:15.343"
"AA","25.140","7","25.160","4","478","25.05","a77bffbc-e7b0-4a07-a73d-e3aca15e8c9f","2021-01-06 12:00:48.982"
"AA","25.000","5","25.020","2","-478","25.02","bd2538bd-e201-4c19-9522-106d64d21e5e","2021-01-06 12:02:02.170"
"AA","25.030","1","25.040","6","-478","25.04","8205f490-6217-4797-bdb1-b49a5de29bd1","2021-01-06 12:02:04.781"
"AA","25.030","1","25.040","6","-478","25.04","9110f2b0-978d-4862-bc23-be22f0b40c37","2021-01-06 12:02:04.781"
"AA","25.030","1","25.040","6","-478","25.04","6448131c-5cfe-4fd4-aaeb-3512664649a5","2021-01-06 12:02:04.781"
"AA","25.030","4","25.060","3","-478","25.06","ec4c0ad9-4962-4cae-b1a4-88fffec7971f","2021-01-06 12:02:38.605"
"AA","25.520","5","25.540","1","471","25.47","71a42342-977c-4774-83e6-b8d06f6be470","2021-01-06 13:36:46.547"
"AA","25.530","3","25.550","2","471","25.47","3bd31f3a-a46e-46fc-ac8a-2ac40391f084","2021-01-06 13:36:46.547"
"AA","25.530","2","25.550","1","471","25.47","0350d12c-17c2-4439-9a0a-e3fc0721bc5b","2021-01-06 13:36:46.547"
"AA","25.530","2","25.550","1","471","25.47","743331db-6926-4ed0-bacb-9707a84111b4","2021-01-06 13:36:46.547"
"AA","25.520","1","25.540","3","471","25.46","6e3cd18c-0ac8-48eb-8f13-6e0040ffd399","2021-01-06 13:36:53.451"
"AA","25.520","1","25.530","3","-471","25.53","c7c83653-f293-4055-8c16-7835449a18e0","2021-01-06 13:39:55.292"
"AA","25.520","1","25.530","3","-471","25.53","cf5d8883-2566-4b0f-b9d3-012e8293f1fd","2021-01-06 13:39:55.292"
"AA","25.530","3","25.540","2","-471","25.54","c3f888bd-b547-497d-9229-d80d02ae0fd6","2021-01-06 13:40:26.198"
"AA","25.530","3","25.540","1","-471","25.55","17570e3c-2aee-495e-88eb-58b3fb0c57c8","2021-01-06 13:40:31.277"
"AA","25.540","3","25.560","5","-471","25.56","60d6c54c-9a43-4893-b14b-25f51b331e2f","2021-01-06 13:41:28.843"
"AA","25.630","7","25.660","5","470","25.51","bf4292bc-0d47-4d35-b427-4dc537ab0ed5","2021-01-06 14:16:55.938"
"AA","25.640","3","25.660","3","470","25.51","74c161a0-50c3-4ce0-bfe5-9b4fcb36ce74","2021-01-06 14:16:55.938"
"AA","25.630","9","25.660","2","470","25.51","7b2f1c90-99ec-48cc-972f-1cbcbbc61e89","2021-01-06 14:16:55.938"
"AA","25.620","3","25.640","5","470","25.51","0d49523a-8095-4b40-92b8-d3fc0adfed96","2021-01-06 14:16:55.938"
"AA","25.630","3","25.640","1","470","25.51","cd582c87-ad8f-4b4d-af38-ba7edd97bac4","2021-01-06 14:16:55.938"
"AA","25.640","5","25.670","7","470","25.51","eebc6754-7f06-43ae-94c4-6f62bfd70c03","2021-01-06 14:16:55.938"
"AA","25.640","1","25.650","3","470","25.51","3ff99759-22b2-4dae-a3f6-9e70eade8ae8","2021-01-06 14:16:55.938"
"AA","25.610","1","25.630","4","470","25.51","ed01eedc-6d39-40da-b109-5609d298e65b","2021-01-06 14:16:55.938"
"AA","25.610","1","25.630","3","470","25.51","2fb3310d-ebd7-426f-87dd-ba52dbbbc029","2021-01-06 14:16:55.938"
"AA","25.480","4","25.500","3","-470","25.50","da3dba70-0ab6-42b9-bdeb-d47799ff16f4","2021-01-06 14:17:10.661"
"AA","25.480","4","25.500","3","-470","25.50","f56cf941-3d13-4737-bc6d-dd1b13198c1b","2021-01-06 14:17:10.661"
"AA","25.480","4","25.500","3","-470","25.50","f586513b-773c-4a78-870d-07828877f1db","2021-01-06 14:17:10.661"
"AA","25.480","4","25.500","3","-470","25.50","1a4d484e-9167-4d57-b530-54514ab27a31","2021-01-06 14:17:10.661"
"AA","25.480","4","25.500","3","-470","25.50","8b1038c1-1a08-4067-8a64-9ceb9f518d16","2021-01-06 14:17:10.661"
"AA","25.500","1","25.510","1","-470","25.51","a29a1395-056b-4235-82ae-c52ca1517e19","2021-01-06 14:17:50.272"
"AA","25.460","6","25.480","1","-470","25.48","d413bcae-e092-4fff-8d14-8b6ae892ab4d","2021-01-06 14:18:17.821"
"AA","25.360","3","25.390","6","-470","25.39","aee97c9c-774f-441d-9cb9-1529158f8be1","2021-01-06 14:19:30.043"
"AA","25.380","2","25.410","9","-470","25.41","2b9e755f-cee2-4b64-b228-43dc47d1047c","2021-01-06 14:19:43.336"
"AA","25.110","3","25.160","1","479","25.02","780fb578-a0b5-4a82-977a-32a51dba68a3","2021-01-06 15:08:00.883"
"AA","25.170","1","25.210","5","479","25.02","4b6f8f4b-5b3c-4603-98c4-089cc023befc","2021-01-06 15:08:00.883"
"AA","25.140","3","25.180","2","479","25.02","5d1ea96d-0e11-49da-8494-1c25fc4e320e","2021-01-06 15:08:00.883"
"AA","25.130","1","25.160","1","479","25.02","934193b1-3477-4cc2-9439-ab9b1b46a5d9","2021-01-06 15:08:00.883"
"AA","25.130","2","25.160","3","479","25.02","79ee3dc9-8d7c-45b2-be67-4520e8afa20f","2021-01-06 15:08:00.883"
"AA","25.100","2","25.130","3","479","25.02","2576ed24-ccc9-4df1-9a8b-0eced434f269","2021-01-06 15:08:00.883"
"AA","25.100","1","25.140","1","479","25.02","5220f73b-fb18-4a67-80cf-3e22c4679e8b","2021-01-06 15:08:00.883"
"AA","25.100","1","25.140","1","479","25.02","ecd69e79-d348-4473-a96d-96bb77780e5c","2021-01-06 15:08:00.883"
"AA","25.110","6","25.150","1","479","25.02","4352da7c-563f-4b04-a5fa-410e68b292a2","2021-01-06 15:08:00.883"
"AA","25.110","2","25.140","2","479","25.02","508960db-0c41-44ae-8b22-ec50ac613bc7","2021-01-06 15:08:00.883"
"AA","25.010","1","25.040","3","-479","25.04","bef7c1cf-4574-4061-9b55-f04bc7713f85","2021-01-06 15:08:22.822"
"AA","25.010","1","25.040","3","-479","25.04","713f2e6b-95a4-4509-83ea-439174a77749","2021-01-06 15:08:22.822"
"AA","25.010","1","25.040","3","-479","25.04","077e7c77-8987-4f40-bf4b-a4616bdaebfb","2021-01-06 15:08:22.822"
"AA","25.010","1","25.040","3","-479","25.04","7a1efec6-2bb5-41ad-8882-13c8e47f9715","2021-01-06 15:08:22.822"
"AA","25.010","1","25.040","3","-479","25.04","6dc527cd-33c2-4bdf-a66e-7205991445f6","2021-01-06 15:08:22.822"
"AA","25.000","11","25.040","4","-479","25.04","757ce9d3-932a-4ecf-a8f0-bc6d0c9350eb","2021-01-06 15:08:30.718"
"AA","25.000","11","25.040","4","-479","25.04","cbc0d24f-b91c-4eda-8fc4-0169bf200f0b","2021-01-06 15:08:30.718"
"AA","25.000","11","25.040","4","-479","25.04","ddddf61e-89fc-4771-97e9-2ae63476e424","2021-01-06 15:08:30.718"
"AA","25.040","1","25.060","1","-479","25.06","00879158-c375-49ea-afb2-b9cbabb8418d","2021-01-06 15:09:32.700"
"AA","25.040","3","25.070","2","-479","25.07","cf85ae10-a6e8-4e2c-a67b-0c1853ccdaa6","2021-01-06 15:09:40.278"
"AA","25.150","4","25.190","5","478","25.10","7110ff9f-eeae-4ace-b5c2-98f363727a87","2021-01-06 15:22:03.625"
"AA","25.150","4","25.190","3","478","25.10","f177448d-c241-419f-844f-94ae7a06e333","2021-01-06 15:22:03.625"
"AA","25.130","2","25.170","6","478","25.10","7346e9c9-c1b9-44b5-81bf-3287eac9c739","2021-01-06 15:22:03.625"
"AA","25.130","6","25.160","2","-478","25.16","8cf54cf2-fb0f-4595-a0da-d4df583d6b77","2021-01-06 15:24:36.705"
"AA","25.130","4","25.150","2","-478","25.15","0d03ffa0-301e-4920-9cc6-f35e92bab37f","2021-01-06 15:24:55.642"
"AA","25.150","2","25.180","2","478","25.08","0c466c23-3d82-445c-8c21-d490fff2106b","2021-01-06 15:25:22.214"
"AA","25.070","3","25.090","2","-478","25.09","e86d2fc2-0dbd-4ea4-894f-b515faa1e55f","2021-01-06 15:25:30.135"
"AA","25.060","6","25.090","2","-478","25.09","094daf44-7074-4ef0-b2e7-211fa8008dcd","2021-01-06 15:26:03.632"
"AG","14.060","14","14.070","10","859","13.96","639ccb77-ef45-4dc0-a785-ef2deff010ce","2021-01-06 10:21:19.726"
"AG","14.050","8","14.060","19","859","13.96","08387813-de6a-4123-81b2-baca0a955167","2021-01-06 10:21:19.726"
"AG","14.030","4","14.040","27","859","13.96","4fdbbeb8-5f77-4863-a2b6-2db470414fc9","2021-01-06 10:21:19.726"
"AG","14.000","10","14.010","25","-859","14.01","32a7648a-e389-4928-86d7-4d327301beeb","2021-01-06 10:21:43.824"
"AG","14.000","10","14.010","25","-859","14.01","675b579c-2106-4032-ad1c-9c16f4b5059d","2021-01-06 10:21:43.824"
"AG","14.020","7","14.030","24","-859","14.03","291d61fb-cdf3-46ba-a5c0-dc0391bdbf02","2021-01-06 10:21:54.257"
"AG","14.030","26","14.040","5","855","14.03","19796bd4-9086-4612-81a3-182221c0e28a","2021-01-06 10:25:49.302"
"AG","14.050","31","14.060","363","855","14.03","3398f778-6868-41b7-beca-ba83866ca4d4","2021-01-06 10:25:49.302"
"AG","14.040","19","14.050","10","855","14.03","08580536-694a-403e-826c-746e1c7115f7","2021-01-06 10:25:49.302"
"AG","13.990","17","14.000","4","-855","14.00","11b808c3-840f-4a4f-8a7e-316a0268e420","2021-01-06 10:28:42.163"
"AG","13.990","17","14.000","4","-855","14.00","48399706-e9be-4652-b56b-2cc924b337fd","2021-01-06 10:28:42.163"
"AG","13.960","21","13.970","14","-855","13.97","31fb2a76-d581-4fa6-9320-1917b0777ec9","2021-01-06 10:29:14.270"
"AG","14.020","10","14.030","12","861","13.94","5ebc615f-347e-4f45-b6b9-0ed658ca214c","2021-01-06 10:40:14.024"
"AG","14.080","10","14.090","13","861","13.93","fe04e608-4999-47d0-92b8-64a72c664f67","2021-01-06 10:40:19.104"
"AG","14.070","24","14.080","14","861","13.93","c9af800c-8cbe-47da-b54d-e83b0354aab8","2021-01-06 10:40:19.104"
"AG","14.030","4","14.040","14","862","13.92","ec4a6e74-4f37-4ddf-aad1-9b540668d7c6","2021-01-06 10:40:19.309"
"AG","14.040","25","14.050","4","862","13.91","e7467af3-8895-4127-b1ff-e99546b8141d","2021-01-06 10:40:23.234"
"AG","14.050","22","14.060","30","862","13.91","591c1ef4-5386-44ad-a762-f2466966a804","2021-01-06 10:40:23.234"
"AG","14.060","4","14.070","45","862","13.91","ca5261dd-22d9-41a5-9998-ed4fc43536e7","2021-01-06 10:40:23.234"
"AG","13.910","5","13.920","28","-862","13.92","fcc2eff5-c6bf-4915-805f-b5a74aad3134","2021-01-06 10:40:47.568"
"AG","13.910","5","13.920","28","-862","13.92","283c2e26-3454-4ed6-809e-fd2dd9205c72","2021-01-06 10:40:47.568"
"AG","13.910","5","13.920","28","-861","13.92","71260ed1-4a86-40cd-af24-93410dca3ba7","2021-01-06 10:40:47.568"
"AG","13.910","5","13.920","28","-862","13.92","434926aa-6b62-4e1e-98b4-b41f18401c28","2021-01-06 10:40:47.568"
"AG","14.060","2","14.070","21","863","13.90","937c82ce-ae18-4cc3-a7ba-88ceb79bea50","2021-01-06 10:40:52.600"
"AG","14.060","2","14.070","16","863","13.90","9a5c4f38-0373-4b9f-8669-a8205c536330","2021-01-06 10:40:52.600"
"AG","14.060","27","14.070","9","863","13.90","30e41e7d-527b-4a18-99ce-422f47ab543a","2021-01-06 10:40:52.600"
"AG","14.040","28","14.050","9","863","13.90","b06d9329-688b-4797-8c35-cd1dc7834a79","2021-01-06 10:40:52.600"
"AG","14.040","23","14.050","13","863","13.90","714c7b98-c1aa-47bc-83e0-f16333134519","2021-01-06 10:40:52.600"
"AG","14.040","20","14.050","1","863","13.90","cc3eb421-722a-4888-9350-ba955cabc940","2021-01-06 10:40:52.600"
"AG","14.030","1","14.040","19","863","13.90","4bd4e50b-4f87-45e5-85d4-eefc8f9d27b0","2021-01-06 10:40:52.600"
"AG","14.030","5","14.040","17","863","13.90","c5bd50e0-8414-40ef-9a1d-5ea4d5bb3355","2021-01-06 10:40:52.600"
"AG","13.900","22","13.910","27","-861","13.91","a8e9260a-50f5-4e52-a932-f0657d675653","2021-01-06 10:41:03.895"
"AG","13.880","48","13.890","1","-861","13.90","a612cfed-6fb9-4054-836b-84cb3a55a2ec","2021-01-06 10:41:22.355"
"AG","13.880","48","13.890","1","-863","13.90","fd41e4c1-f7ca-4042-8f45-a93dee44fe09","2021-01-06 10:41:22.355"
"AG","13.880","48","13.890","1","-863","13.90","9f28abee-2a87-4c0e-acd4-f848cc2c1921","2021-01-06 10:41:22.355"
"AG","13.880","48","13.890","1","-863","13.90","2a468c01-faaa-4292-a8d9-6cf0b1c34a2d","2021-01-06 10:41:22.355"
"AG","13.880","48","13.890","1","-863","13.90","9a1ed03e-fb68-4746-ab12-6b15aa001cc2","2021-01-06 10:41:22.355"
"AG","13.890","6","13.900","29","-863","13.91","d25c4bd7-696e-40b5-8f6d-af4cb9494410","2021-01-06 10:41:33.468"
"AG","13.890","6","13.900","29","-863","13.91","1e253d63-8b0c-4820-ac20-fb50dc911bd5","2021-01-06 10:41:33.468"
"AG","13.890","6","13.900","29","-863","13.91","80440d54-895d-4a6f-a3aa-9fe9b4e31699","2021-01-06 10:41:33.468"
"AG","13.900","5","13.910","32","-862","13.91","62986bde-c099-4a46-9fb4-a3889336f95c","2021-01-06 10:41:45.423"
"AG","13.900","21","13.910","9","-863","13.91","36b45b35-204d-4c39-8800-bb920e1b944c","2021-01-06 10:41:52.742"
"AG","13.980","8","13.990","19","868","13.82","3415fe05-ee4b-4583-bf20-b62d75ba939f","2021-01-06 10:46:05.696"
"AG","13.980","14","13.990","4","868","13.82","93086810-2fbb-43fc-81f1-21db6a72332b","2021-01-06 10:46:05.696"
"AG","14.000","25","14.010","6","868","13.82","5f4693c5-bc0d-4ce8-bc47-bb9acbfeb1a2","2021-01-06 10:46:05.696"
"AG","14.030","16","14.040","9","868","13.82","7f09dafb-7599-4ee0-b970-2d67c29c6150","2021-01-06 10:46:05.696"
"AG","14.040","4","14.050","29","868","13.82","567268e7-d47f-47b0-a1fd-f82858c830e8","2021-01-06 10:46:05.696"
"AG","14.020","11","14.030","18","868","13.82","702f6352-481c-4272-bb6c-11f844e8c613","2021-01-06 10:46:05.696"
"AG","14.020","13","14.030","18","868","13.82","0159c921-3dd8-4ed3-8bab-c456e2d95c21","2021-01-06 10:46:05.696"
"AG","14.040","7","14.050","15","868","13.82","5f7ebd03-537a-41d2-b54b-68cdbd00b7a7","2021-01-06 10:46:05.696"
"AG","14.050","12","14.060","8","868","13.82","1225d274-79f4-4fd0-9a8c-18fc02a319a7","2021-01-06 10:46:05.696"
"AG","14.050","5","14.060","15","868","13.82","dd7d0ab2-a4ab-460e-ba21-6742033362cc","2021-01-06 10:46:05.696"
"AG","13.810","65","13.820","8","-868","13.82","70a4ea88-2bbd-45f3-af83-bb447083460a","2021-01-06 10:46:32.155"
"AG","13.810","65","13.820","8","-868","13.82","3030d824-3aa8-414f-a88e-613181715528","2021-01-06 10:46:32.155"
"AG","13.810","65","13.820","8","-868","13.82","9e75e42d-5aa9-4106-aa62-9f7869b25a59","2021-01-06 10:46:32.155"
"AG","13.810","65","13.820","8","-868","13.82","339adcc4-dc56-42eb-81fe-ac99be979e5b","2021-01-06 10:46:32.155"
"AG","13.810","65","13.820","8","-868","13.82","ae884842-3d6a-4040-adf7-8b9cf749b751","2021-01-06 10:46:32.155"
"AG","13.810","56","13.820","10","-868","13.82","eb282389-b0a6-4086-be62-056beddad2c3","2021-01-06 10:46:49.316"
"AG","13.810","56","13.820","10","-868","13.82","dfe288bc-595e-4fce-9ac4-09806772e47e","2021-01-06 10:46:49.316"
"AG","13.810","56","13.820","10","-868","13.82","0644460c-b965-4ce8-aaf6-1dfee7fe1df2","2021-01-06 10:46:49.316"
"AG","13.780","14","13.790","20","-868","13.79","768bd457-cf64-471b-be26-b37aba57b194","2021-01-06 10:47:03.502"
"AG","13.720","24","13.730","8","-868","13.73","80f0b733-895e-4bc9-b442-d15375a97c27","2021-01-06 10:55:20.475"
"AG","13.760","10","13.760","2","875","13.71","18a1a8d3-2e5a-49f3-954a-09fcd123062a","2021-01-06 11:39:56.170"
"AG","13.780","21","13.790","10","875","13.71","c48ebc20-0798-48bd-b98a-d91ec3f117ca","2021-01-06 11:39:56.170"
"AG","13.780","8","13.790","24","875","13.71","149008a9-79bd-4999-835b-0dea4a3571d8","2021-01-06 11:39:56.170"
"AG","13.780","22","13.790","6","875","13.71","d2579e21-a605-458f-a13b-d67c247e6999","2021-01-06 11:39:56.170"
"AG","13.760","11","13.770","18","875","13.71","c50686ba-122e-4825-9282-fadfc770380f","2021-01-06 11:39:56.170"
"AG","13.770","6","13.780","20","875","13.71","d4e06345-7b29-4cea-8ab0-edc79e3c6b11","2021-01-06 11:39:56.170"
"AG","13.770","21","13.780","8","875","13.71","fec6c4ce-8b98-409b-aa2e-f8f79b6d5732","2021-01-06 11:39:56.170"
"AG","13.780","11","13.790","20","875","13.71","e3d791a9-a693-427c-a0ca-40405ae2e839","2021-01-06 11:39:56.170"
"AG","13.790","1","13.800","23","875","13.71","3609b646-39fa-49c5-b098-3e8c62608edb","2021-01-06 11:39:56.170"
"AG","13.780","7","13.790","23","875","13.71","af2cc4c2-7aa6-440f-be63-13aebff2097e","2021-01-06 11:39:56.170"
"AG","13.710","23","13.720","5","-875","13.72","c0e134a0-c7b7-49c1-872c-bf7b86af22d0","2021-01-06 11:40:17.253"
"AG","13.710","23","13.720","5","-875","13.72","0577cb0f-8526-4521-83cf-ac4ca045206c","2021-01-06 11:40:17.253"
"AG","13.710","23","13.720","5","-875","13.72","479f0839-b0d4-49a7-9ccc-e9f21292a9b0","2021-01-06 11:40:17.253"
"AG","13.710","23","13.720","5","-875","13.72","db094aec-ff98-43be-9be8-635662894afa","2021-01-06 11:40:17.253"
"AG","13.710","23","13.720","5","-875","13.72","bd14126c-62c2-49ca-8b8a-98cee75b348e","2021-01-06 11:40:17.253"
"AG","13.710","38","13.720","12","-875","13.72","9edd55ea-0b43-43ad-860f-990acc369fbc","2021-01-06 11:40:20.431"
"AG","13.710","38","13.720","12","-875","13.72","c031b2a2-1a07-46cf-a1ac-353983a8b303","2021-01-06 11:40:20.431"
"AG","13.710","38","13.720","12","-875","13.72","a96ffe82-9526-47dc-825e-7744f9006e8e","2021-01-06 11:40:20.431"
"AG","13.720","15","13.730","17","-875","13.73","3d83151a-c100-4609-b64b-296a038c3567","2021-01-06 11:40:41.745"
"AG","13.720","16","13.720","3","-875","13.72","c3f9f8ee-189c-470f-bbe0-9a83efcc2b58","2021-01-06 11:41:10.006"
"AG","13.740","20","13.750","12","872","13.75","24b70e2e-11cb-44ba-9627-4e1eab004905","2021-01-06 11:50:10.006"
"AG","13.790","16","13.800","28","-872","13.80","dc951948-e649-42d4-8bc4-8db405e25f7b","2021-01-06 11:52:26.311"
"AG","13.800","1","13.800","5","872","13.76","d32a7f82-3df4-4078-96ac-0dc731e0451b","2021-01-06 12:20:37.802"
"AG","13.760","14","13.770","23","-872","13.77","36975df6-1761-46a9-99a6-1b637e0b7f2b","2021-01-06 12:20:57.089"
"AG","13.800","21","13.810","16","871","13.77","e79e52a9-9660-4930-8d89-808753e2a861","2021-01-06 12:42:58.859"
"AG","13.800","21","13.810","16","871","13.77","b184a5db-5660-418a-b195-14791cc47a3b","2021-01-06 12:42:58.859"
"AG","13.800","8","13.810","43","871","13.77","08c15410-1f90-4e52-8049-589eed30c6d8","2021-01-06 12:42:58.859"
"AG","13.800","15","13.810","25","871","13.77","082b4fc3-2cbe-42db-a4ea-2017d888a481","2021-01-06 12:42:58.859"
"AG","13.800","15","13.810","25","871","13.77","e3e10f37-2613-4128-ad9a-0668f3c94966","2021-01-06 12:42:58.859"
"AG","13.800","15","13.810","40","871","13.77","14ffe5f6-4749-4746-8917-8ba18431ddd1","2021-01-06 12:42:58.859"
"AG","13.800","1","13.810","41","871","13.77","db527766-4636-4b88-bb44-2f3bb3eb9f46","2021-01-06 12:42:58.859"
"AG","13.790","4","13.800","46","871","13.77","0f832c5d-9da3-4ce7-995d-9caadeae1979","2021-01-06 12:42:58.859"
"AG","13.770","33","13.780","4","-871","13.78","412d88a4-15c5-4e11-aad0-098a5cc7f378","2021-01-06 12:43:47.471"
"AG","13.770","33","13.780","4","-871","13.78","bbdd19f2-7e85-48bc-b5f1-6405b52f70bd","2021-01-06 12:43:47.471"
"AG","13.770","33","13.780","4","-871","13.78","951b7f51-3256-4472-996f-16d7c07aff7e","2021-01-06 12:43:47.471"
"AG","13.770","33","13.780","4","-871","13.78","5a65a333-c0c6-49c3-92ad-9c8812d1ff6b","2021-01-06 12:43:47.471"
"AG","13.770","21","13.780","23","-871","13.78","60d4d04e-7099-4bb2-972e-1014ae4798ec","2021-01-06 12:44:02.939"
"AG","13.770","21","13.780","23","-871","13.78","ce42bc7d-3413-4778-97bc-88da167cf486","2021-01-06 12:44:02.939"
"AG","13.770","30","13.780","10","-871","13.78","2a3756ae-3ce1-4553-9066-43592f30ee17","2021-01-06 12:44:02.939"
"AG","13.780","12","13.790","29","-871","13.79","ec2780a2-6b47-4b34-8f81-6134892c3e4f","2021-01-06 12:44:46.358"
"AG","13.870","33","13.880","4","867","13.84","fc32623e-0e4c-4b67-934d-5a801ea77385","2021-01-06 13:20:35.314"
"AG","13.870","33","13.880","6","867","13.84","0def91c4-5d53-4f5c-afea-de70e2e6b48d","2021-01-06 13:20:35.314"
"AG","13.850","34","13.860","2","867","13.84","dfcd365e-f352-4170-b068-3369344dfcfa","2021-01-06 13:20:35.314"
"AG","13.870","20","13.880","22","867","13.84","852bf2ae-d97c-4238-8b7e-2692ac29eba9","2021-01-06 13:20:35.314"
"AG","13.870","26","13.880","2","867","13.84","a70e2551-85bb-4a77-82f1-91f37714cd27","2021-01-06 13:20:35.314"
"AG","13.870","31","13.880","6","867","13.83","4df41388-3433-41f8-ac8b-1cb29ac92d1b","2021-01-06 13:20:45.344"
"AG","13.830","44","13.840","6","-867","13.84","3870d8fa-a7c5-4ed2-81fc-ad9c020135f2","2021-01-06 13:21:30.218"
"AG","13.830","44","13.840","6","-867","13.84","62affcf9-6350-4554-84fd-5bcdacecf0fe","2021-01-06 13:21:30.218"
"AG","13.830","44","13.840","6","-867","13.84","dd79dac1-9594-4e41-89fb-6491fff8ac83","2021-01-06 13:21:30.218"
"AG","13.830","30","13.840","2","-867","13.84","7a8e15ad-e079-41d0-8326-a62d41b7b6c8","2021-01-06 13:21:30.218"
"AG","13.830","30","13.840","2","-867","13.84","def008d7-6f33-4eef-b9d9-0097d5cc0fb3","2021-01-06 13:21:30.218"
"AG","13.830","19","13.840","17","-867","13.84","07a7539d-7e91-4c4c-a5ea-e2d5420a8501","2021-01-06 13:22:27.651"
"AG","13.840","10","13.850","31","865","13.85","612fba0b-9e7a-4de8-a702-4287667a5eb0","2021-01-06 13:34:00.006"
"AG","13.850","28","13.860","11","-865","13.86","48d5a85a-6a3b-4995-a7bf-5ddb570665f6","2021-01-06 13:39:09.220"
"AG","14.060","9","14.070","23","856","14.01","4d1e8d98-c78b-498b-ae3e-a85370a8f11f","2021-01-06 14:25:29.841"
"AG","14.060","9","14.070","14","856","14.01","66455e47-83d0-4b91-b981-57c5cf64c782","2021-01-06 14:25:29.841"
"AG","14.040","15","14.050","22","856","14.01","20a68dbd-151a-4280-b717-f9e7fcaa37f4","2021-01-06 14:25:29.841"
"AG","14.040","36","14.050","2","856","14.01","30a61ee3-b7cd-4e61-a5f4-54b77816093d","2021-01-06 14:25:29.841"
"AG","14.040","29","14.050","3","856","14.01","4d7ae35f-7c7f-4714-b2a8-d017f198327a","2021-01-06 14:25:29.841"
"AG","14.040","12","14.050","27","856","14.01","cb0b249c-b532-4004-921f-fcf1fdefe378","2021-01-06 14:25:29.841"
"AG","14.040","9","14.050","111","856","14.01","9228acbb-2578-4b3a-ae57-0d04065d27a6","2021-01-06 14:25:29.841"
"AG","13.990","130","14.000","30","-856","14.00","f7f912f5-4b0c-490d-8f86-62e851f60102","2021-01-06 14:26:18.248"
"AG","13.990","130","14.000","30","-856","14.00","8cfb67b7-090f-4116-b589-950d827c3e0d","2021-01-06 14:26:18.248"
"AG","13.990","130","14.000","30","-856","14.00","43977e9c-0053-482d-a837-ac8a3dd65f06","2021-01-06 14:26:18.248"
"AG","13.990","132","14.000","3","-856","14.00","943b45b3-46e0-49a7-983a-7a7ad65181df","2021-01-06 14:26:34.391"
"AG","13.990","137","14.000","17","-856","14.00","a2f5f147-736a-4823-bc6c-7381b7172709","2021-01-06 14:26:44.169"
"AG","13.990","137","14.000","17","-856","14.00","8869d329-a927-4da8-9a8c-44150a936575","2021-01-06 14:26:44.169"
"AG","14.000","1","14.000","25","-856","14.00","e95e5242-de49-460c-a618-dce6cfcab384","2021-01-06 14:26:50.006"
"AG","14.040","25","14.050","19","857","13.99","80c48526-dd43-4feb-b58b-3506e61f6dcc","2021-01-06 14:47:05.118"
"AG","14.040","9","14.050","23","857","13.99","3ce1661e-30f5-4cb5-abb1-2bdf9f4894b7","2021-01-06 14:47:05.118"
"AG","13.990","28","14.000","16","-857","14.00","d8ceb216-491f-42df-ae18-3b6af9aa659e","2021-01-06 14:47:48.890"
"AG","14.000","30","14.010","10","-857","14.01","b79c1568-c510-4b0c-af40-0f9dba4411eb","2021-01-06 14:48:19.285"
"AG","14.040","40","14.050","3","858","13.98","5d57cb6b-6ca1-491d-8948-dd4b012b39c7","2021-01-06 14:48:54.005"
"AG","14.040","1","14.050","38","858","13.98","73495208-e9b4-4d89-9823-bb92bf2b2116","2021-01-06 14:48:54.005"
"AG","14.040","21","14.050","14","858","13.98","6973866b-f880-46ca-836e-f07b1766dcf0","2021-01-06 14:48:54.005"
"AG","14.020","5","14.030","32","858","13.98","181a42a8-1b11-40d3-873d-45f3fa6bea75","2021-01-06 14:48:54.005"
"AG","14.030","15","14.040","18","858","13.98","ff1c2801-5acc-4d20-afc0-0713544c48f1","2021-01-06 14:48:54.005"
"AG","14.010","15","14.020","14","858","13.98","c05a77dd-b25a-4d79-bf0d-52bac6db334d","2021-01-06 14:48:54.005"
"AG","14.010","5","14.020","33","858","13.98","c81e561c-d15f-4fdf-a190-810b6d5682dc","2021-01-06 14:48:54.005"
"AG","14.040","27","14.050","8","859","13.97","a007712a-18c8-4355-af95-d7a8f0888600","2021-01-06 14:48:58.950"
"AG","14.040","28","14.050","16","859","13.97","dff855a0-7610-470a-8037-0f857d57b5d0","2021-01-06 14:48:58.950"
"AG","14.050","19","14.060","24","859","13.97","5340aee5-2501-4635-85a6-4ce073c33da7","2021-01-06 14:48:58.950"
"AG","14.040","21","14.050","24","859","13.97","ba8ca5d1-eb26-4dde-bedc-feb5b9a32931","2021-01-06 14:48:58.950"
"AG","14.030","19","14.040","25","859","13.97","d28ff7a6-dc29-462e-be5a-f242d6ce5ded","2021-01-06 14:48:58.950"
"AG","13.970","2","13.970","11","-858","13.97","e5f20fd0-f2fd-4781-8960-c05871014e17","2021-01-06 14:49:10.006"
"AG","13.970","2","13.970","11","-858","13.97","9724555e-5054-4f09-9997-54bc5df6a941","2021-01-06 14:49:10.006"
"AG","13.970","2","13.970","11","-859","13.97","65f18639-3577-4907-a400-0ef7b5ce4d80","2021-01-06 14:49:10.006"
"AG","13.970","2","13.970","11","-859","13.97","fb5571a8-7623-4eeb-ae48-5b90a417e6de","2021-01-06 14:49:10.006"
"AG","13.970","2","13.970","11","-858","13.97","14e78b2d-6a2d-4d60-a1aa-df70dadff02e","2021-01-06 14:49:10.006"
"AG","13.970","2","13.970","11","-858","13.97","8b1c2579-15c9-427f-b303-25627ee22017","2021-01-06 14:49:10.006"
"AG","13.960","37","13.970","20","-859","13.97","bd55bcbe-973c-40df-8661-1851648ed243","2021-01-06 14:49:22.129"
"AG","13.960","37","13.970","20","-859","13.97","06934bd7-28f4-4dd1-9445-d578f2ab5618","2021-01-06 14:49:22.129"
"AG","13.960","37","13.970","20","-858","13.97","33bbf71c-db8f-4073-b04c-2c9f78afbb81","2021-01-06 14:49:22.129"
"AG","13.970","6","13.980","28","-858","13.98","6f6aff0f-6a85-41b7-81bb-d5b07a8b4618","2021-01-06 14:49:32.671"
"AG","13.970","6","13.980","28","-859","13.98","b89e7b66-4875-4c23-abdc-4c14fd775645","2021-01-06 14:49:32.671"
"AG","13.970","22","13.980","10","-858","13.98","ec3ac673-7ab1-4c6e-893b-65a59bdf5ee1","2021-01-06 14:50:30.716"
"ABB","29.790","19","29.810","85","403","29.75","8806e51c-67aa-42c7-9e8e-de0576b12371","2021-01-06 10:58:06.452"
"ABB","29.790","56","29.800","8","403","29.75","31fe1e2f-2e79-4929-b061-4cd94db4b905","2021-01-06 10:58:06.452"
"ABB","29.760","49","29.770","1","-403","29.77","5f0be5d6-a5ff-4b3b-b4f3-479bd13b6bcd","2021-01-06 10:58:30.208"
"ABB","29.770","12","29.780","15","-403","29.78","cb3d8c9c-bb61-49a9-8a1d-001739bf334c","2021-01-06 11:01:43.571"
"ABB","29.780","12","29.790","30","402","29.78","b0d3d07b-2311-4467-8add-77df62bd613d","2021-01-06 11:08:15.015"
"ABB","29.820","30","29.830","26","-402","29.83","c1050586-76ce-440e-bc3b-6070ab586028","2021-01-06 11:12:09.372"
"ABB","29.830","23","29.840","16","402","29.81","1c7e3894-054d-4c6c-b46e-d908f6583f6c","2021-01-06 11:35:23.793"
"ABB","29.870","4","29.880","36","402","29.80","3421d780-cfd1-490a-8f50-5abaf5974ca7","2021-01-06 11:35:27.843"
"ABB","29.860","30","29.870","1","402","29.80","847fcd1d-04fc-4e56-8b96-4682804c68aa","2021-01-06 11:35:27.843"
"ABB","29.870","9","29.880","26","402","29.80","223cc3ba-b50a-4779-9da3-b16114c0a20c","2021-01-06 11:35:27.843"
"ABB","29.870","3","29.880","21","402","29.80","e2a0b02c-6502-4836-9afb-d012ff2f78f6","2021-01-06 11:35:27.843"
"ABB","29.870","15","29.880","23","402","29.80","be0ea86c-0713-45dc-9ef6-95dd750d0729","2021-01-06 11:35:27.843"
"ABB","29.860","16","29.870","31","402","29.80","e5fff015-37ed-4f60-83cb-1aa4f02e4b2d","2021-01-06 11:35:27.843"
"ABB","29.860","16","29.870","31","402","29.80","e64c2573-23d4-4435-831c-af0776533536","2021-01-06 11:35:27.843"
"ABB","29.860","4","29.870","26","402","29.80","75da9754-ceee-40ab-a5b2-ecc040253363","2021-01-06 11:35:27.843"
"ABB","29.790","30","29.800","8","-402","29.80","6a101a26-a865-4d61-8a17-2edd0e21f12a","2021-01-06 11:35:40.396"
"ABB","29.790","30","29.800","8","-402","29.80","6c101b43-018e-4ee8-8494-a6382999d2f1","2021-01-06 11:35:40.396"
"ABB","29.790","30","29.800","8","-402","29.80","37970783-a8f4-46c5-a280-5c15034d4502","2021-01-06 11:35:40.396"
"ABB","29.790","30","29.800","8","-402","29.80","c7216b1b-bc6a-49f5-88d1-88d0568ed59d","2021-01-06 11:35:40.396"
"ABB","29.790","30","29.800","8","-402","29.80","e1b08931-eeb5-48c9-8697-e919564615f1","2021-01-06 11:35:40.396"
"ABB","29.770","29","29.780","33","-402","29.78","5dae1fa0-e94f-49dd-b9a2-41c9cc882032","2021-01-06 11:36:39.158"
"ABB","29.770","29","29.780","33","-402","29.78","f6fd78b4-a52f-4d75-ac2e-d58357836a9d","2021-01-06 11:36:39.158"
"ABB","29.710","24","29.720","1","-402","29.72","77558b44-0cc1-4b8a-a331-d3bf3350e3b7","2021-01-06 11:38:50.669"
"ABB","29.700","17","29.710","21","-402","29.71","a8924f8d-23a5-4596-ade8-1351ff26d3f1","2021-01-06 11:39:46.095"
"ABB","29.760","9","29.770","17","401","29.77","2493edbe-0c0d-4295-88e9-2579be081523","2021-01-06 11:49:20.006"
"ABB","29.760","30","29.770","19","-401","29.77","c105ffb5-bed8-4784-ae05-1fd69d07ab2d","2021-01-06 11:53:04.136"
"ABB","29.830","13","29.840","24","402","29.81","3eee0d28-8097-41cc-ae50-5531fdc29f76","2021-01-06 12:23:58.297"
"ABB","29.830","13","29.840","24","402","29.81","5c8febf2-8d29-4f5c-82e2-b2d6e61505c6","2021-01-06 12:23:58.297"
"ABB","29.830","13","29.840","24","402","29.81","82d5e27e-7177-4f14-b3e0-c5b330e372ec","2021-01-06 12:23:58.297"
"ABB","29.830","19","29.840","15","-402","29.84","84aaefbd-533a-42df-af52-6fce0df864bd","2021-01-06 12:27:54.285"
"ABB","29.830","23","29.840","16","-402","29.84","42e4ace1-78d1-4cb9-8c45-ce4c55dfb94d","2021-01-06 12:28:15.929"
"ABB","29.830","21","29.840","16","-402","29.84","84941382-ff47-47d7-b4fc-15b424a13f19","2021-01-06 12:28:40.964"
"ABB","29.940","17","29.950","22","401","29.92","92dcf8f2-df0a-45dd-97ca-82eb542f8201","2021-01-06 13:18:39.778"
"ABB","29.940","15","29.950","10","401","29.92","5ebbe3f7-8353-42fa-b268-0796653cddec","2021-01-06 13:18:39.778"
"ABB","29.940","15","29.950","10","401","29.92","f6032078-9304-49e7-8e64-925b91e81508","2021-01-06 13:18:39.778"
"ABB","29.940","14","29.950","14","401","29.92","67c3823d-3ac9-4225-81eb-7f88679ce304","2021-01-06 13:18:39.778"
"ABB","29.940","17","29.950","10","401","29.92","62e8386a-c408-49e4-bd05-c770cc559098","2021-01-06 13:18:39.778"
"ABB","29.940","15","29.950","14","401","29.92","35b8854c-dced-439f-acf6-0a2eceb32f24","2021-01-06 13:18:39.778"
"ABB","29.940","15","29.950","14","401","29.92","589e3456-b3e5-4ffe-923a-353591f7e3a0","2021-01-06 13:18:39.778"
"ABB","29.930","15","29.950","52","401","29.92","02a99222-1fbb-432f-b3b8-7261e7a3795e","2021-01-06 13:18:39.778"
"ABB","29.890","1","29.900","29","-401","29.90","70d995fa-e78e-4bce-8649-5b78e3a43948","2021-01-06 13:23:20.289"
"ABB","29.890","1","29.900","29","-401","29.90","3cc9aa7d-0c97-47a2-9b64-027b676c97f0","2021-01-06 13:23:20.289"
"ABB","29.890","1","29.900","29","-401","29.90","0dd7f4bd-86aa-4a20-8001-4d3120150297","2021-01-06 13:23:20.289"
"ABB","29.890","1","29.900","29","-401","29.90","8131a965-ccc2-4735-8865-191fc0483923","2021-01-06 13:23:20.289"
"ABB","29.890","13","29.900","19","-401","29.90","ddd48a68-e600-4f94-9c14-f2b3ee2f368b","2021-01-06 13:23:20.289"
"ABB","29.890","13","29.900","19","-401","29.90","c00eeac3-b5e9-4ab1-99ab-86b923d1199e","2021-01-06 13:23:20.289"
"ABB","29.910","10","29.920","10","401","29.88","83224779-b2a0-4e27-9464-a0ac65204895","2021-01-06 13:25:16.732"
"ABB","29.910","10","29.920","11","401","29.88","f7d3e38e-78e2-4639-9a6d-081cf09e03d3","2021-01-06 13:25:16.732"
"ABB","29.910","10","29.920","11","401","29.88","967b929a-7a19-4707-9b8d-7c7fad7daa2a","2021-01-06 13:25:16.732"
"ABB","29.910","16","29.920","7","401","29.88","ff55d8e9-20fc-4549-9ace-b90c6e179d08","2021-01-06 13:25:16.732"
"ABB","29.910","10","29.920","18","401","29.88","98e4386a-304d-4543-abeb-43d445b8a5be","2021-01-06 13:25:16.732"
"ABB","29.900","24","29.910","7","401","29.88","5082237b-8e44-4aa0-88a4-8fb4c1386121","2021-01-06 13:25:16.732"
"ABB","29.900","23","29.910","20","401","29.88","ddf5a606-d830-472a-8333-2babe68e6e2d","2021-01-06 13:25:16.732"
"ABB","29.870","6","29.880","14","-401","29.88","bb623913-7de1-4cc3-b9e2-682ea8dcd408","2021-01-06 13:25:41.021"
"ABB","29.870","6","29.880","14","-401","29.88","29048034-46c6-40ae-ae8f-6b4585f8376f","2021-01-06 13:25:41.021"
"ABB","29.870","6","29.880","14","-401","29.88","b08d5496-e491-4416-84e8-1ee1cedd880f","2021-01-06 13:25:41.021"
"ABB","29.870","6","29.880","14","-401","29.88","512c1b68-b16c-4248-aea9-0eadd47f6ec7","2021-01-06 13:25:41.021"
"ABB","29.870","6","29.880","14","-401","29.88","442a1d60-d7e8-4baf-a75b-b08a606ce330","2021-01-06 13:25:41.021"
"ABB","29.880","12","29.890","15","-401","29.89","23624c9f-ef7b-43ad-8d73-e65e9327d5bc","2021-01-06 13:27:32.130"
"ABB","29.880","12","29.890","15","-401","29.89","526efae0-ea97-4865-93da-9377e66b5207","2021-01-06 13:27:32.130"
"ABB","29.880","13","29.890","16","-401","29.89","d0a876f0-066d-48a1-ad19-4a72b18b0f8e","2021-01-06 13:27:32.130"
"ABB","29.880","11","29.890","15","-401","29.89","a23a4167-33f8-4055-9aac-8f00882edeb0","2021-01-06 13:27:32.130"
"ABB","29.900","13","29.910","10","401","29.88","c03b892f-e039-468e-99c3-123c18700e36","2021-01-06 13:51:04.825"
"ABB","29.910","9","29.920","34","401","29.88","6191ba04-de86-412b-a84d-ce60c57e00bb","2021-01-06 13:51:04.825"
"ABB","29.910","9","29.920","34","401","29.88","495e922d-f83d-4e67-a2c5-918b97389f32","2021-01-06 13:51:04.825"
"ABB","29.910","18","29.920","15","401","29.88","abb70801-d000-4290-b83a-118cd289310f","2021-01-06 13:51:04.825"
"ABB","29.910","12","29.920","10","401","29.88","37b9f4b1-fe20-4deb-ab01-0f4560c501ea","2021-01-06 13:51:04.825"
"ABB","29.910","12","29.920","10","401","29.88","1a1626b1-7735-4098-8bd8-29f9554753f5","2021-01-06 13:51:04.825"
"ABB","29.910","12","29.920","10","401","29.88","53678462-6c4f-4da0-a025-fc7cda85d9af","2021-01-06 13:51:04.825"
"ABB","29.870","1","29.870","13","-401","29.87","e7da1675-35ae-408a-910f-c1072413b295","2021-01-06 13:53:40.006"
"ABB","29.870","1","29.870","13","-401","29.87","1d5d04d7-b28a-441c-9bee-ce611f3b60a9","2021-01-06 13:53:40.006"
"ABB","29.870","1","29.870","13","-401","29.87","fe7338ce-136a-4ee6-80af-06acc62e5168","2021-01-06 13:53:40.006"
"ABB","29.870","1","29.870","13","-401","29.87","df5d8f35-c424-4745-8a96-7b3103e55619","2021-01-06 13:53:40.006"
"ABB","29.850","15","29.860","7","-401","29.86","df26c2a3-1a61-4467-b6df-d0a6c05e9092","2021-01-06 13:55:11.975"
"ABB","29.850","15","29.860","7","-401","29.86","e6411527-7fb0-4e89-bd7c-ea41d6caa6eb","2021-01-06 13:55:11.975"
"ABB","29.860","18","29.860","2","-401","29.86","ca30b2f1-9595-4900-8704-077c9056becb","2021-01-06 13:55:20.006"
"ABB","29.880","15","29.890","24","401","29.85","075f5f01-dd55-4684-9273-92ade819764c","2021-01-06 14:16:15.807"
"ABB","29.880","15","29.890","24","401","29.85","d1f4f716-75c3-4cb6-8aed-6b78c4135408","2021-01-06 14:16:15.807"
"ABB","29.880","28","29.890","6","401","29.85","425e7e13-d470-4341-b41c-f0a98363ef66","2021-01-06 14:16:15.807"
"ABB","29.880","17","29.890","12","401","29.85","7007dbc6-0f9c-480c-97de-cc69c444f617","2021-01-06 14:16:15.807"
"ABB","29.880","12","29.890","18","402","29.82","98a7ab05-1352-4d30-b4ed-1798f1a93a3a","2021-01-06 14:16:40.777"
"ABB","29.860","34","29.870","16","402","29.82","32472547-c516-43d0-a32e-bf2207f61ccc","2021-01-06 14:16:40.777"
"ABB","29.870","13","29.880","17","402","29.82","b7d76bab-fa47-451c-9585-5a1b80b980a6","2021-01-06 14:16:40.777"
"ABB","29.790","5","29.800","23","-402","29.80","3626bcab-e865-497e-b924-5210bd237d61","2021-01-06 14:17:18.327"
"ABB","29.790","5","29.800","23","-401","29.80","06f5fade-ec38-40b1-9ab9-5f32a9013888","2021-01-06 14:17:18.327"
"ABB","29.790","20","29.800","12","-401","29.80","48ba7588-ce01-4e0a-bd77-82d7dfb38a7a","2021-01-06 14:17:34.716"
"ABB","29.790","30","29.800","8","-402","29.80","0eb06ef8-a310-42bd-87a5-4dd1b54ef31b","2021-01-06 14:17:45.536"
"ABB","29.790","30","29.800","8","-401","29.80","8ee43f58-a233-4843-b6d0-e5cb5ecff002","2021-01-06 14:17:45.536"
"ABB","29.760","18","29.770","11","-401","29.77","b918f076-ee09-484c-ae3f-0191161b311c","2021-01-06 14:19:30.104"
"ABB","29.760","20","29.770","24","-402","29.77","c5c24b2b-9955-482d-b867-df2ca1fd8d2c","2021-01-06 14:19:40.869"
"ABB","29.650","8","29.660","12","404","29.64","169613b3-89c1-40be-ae12-ee8ab48bd4b4","2021-01-06 15:00:16.694"
"ABB","29.640","45","29.650","3","-404","29.65","bf3e913e-b26c-42bb-99ca-39f783223304","2021-01-06 15:00:33.310"
"ABB","29.620","32","29.630","3","404","29.63","b5aa140c-120e-4957-b6a4-c80b13581145","2021-01-06 15:01:40.006"
"ABB","29.590","29","29.600","3","-404","29.60","81e11733-6c7f-4e6a-beea-bccd23d82670","2021-01-06 15:03:50.888"
"ABB","29.710","1","29.720","52","404","29.66","ec0e9c02-294f-425c-bc73-5543481313f9","2021-01-06 15:32:26.062"
"ABB","29.710","1","29.720","45","404","29.66","d39b05aa-c270-4eef-8c23-a1df42b18cee","2021-01-06 15:32:26.062"
"ABB","29.700","27","29.710","11","404","29.66","6ce04c10-1f3c-4129-9939-7e2fc619c579","2021-01-06 15:32:26.062"
"ABB","29.690","20","29.700","21","404","29.64","d3f86b54-75a2-4e54-9fa5-e0235494f929","2021-01-06 15:32:37.252"
"ABB","29.700","30","29.710","21","404","29.64","36538c54-8522-4b28-9212-40f6ddc8e8b4","2021-01-06 15:32:37.252"
"ABB","29.690","30","29.700","14","404","29.64","e72a70c4-479d-458b-9f93-e724910ca485","2021-01-06 15:32:37.252"
"ABB","29.650","30","29.660","50","-2,424","29.65","f48c5b51-d936-46cd-b22e-4ec2334dcf61","2021-01-06 15:48:00.006"
"ALB","174.500","1","174.720","1","69","173.78","c7b74192-fde4-456c-8812-7d3402728d05","2021-01-06 10:00:15.621"
"ALB","174.700","1","175.000","2","69","173.78","d1c4e799-c0bc-4613-8a6a-a394fdf77993","2021-01-06 10:00:15.621"
"ALB","174.660","1","175.150","1","69","173.78","a3967c6a-d52a-4d6c-9c95-e5ea11bef779","2021-01-06 10:00:15.621"
"ALB","174.420","1","174.930","3","69","172.50","59c57161-11d5-4d49-b3c7-7885fcdb2f77","2021-01-06 10:00:40.353"
"ALB","174.330","1","174.650","3","69","172.50","800b28d5-6305-4114-b725-f8cebff7fa2e","2021-01-06 10:00:40.353"
"ALB","174.240","1","174.510","3","69","172.50","3f7322df-0c94-4cc6-8e9c-009b3e03709f","2021-01-06 10:00:40.353"
"ALB","172.270","2","172.600","2","-69","172.60","cffa31ab-14aa-4d47-9584-466d5ee15c05","2021-01-06 10:01:51.620"
"ALB","172.270","2","172.600","2","-69","172.60","02e43568-eea0-4cc5-8cf9-24db9f94b3df","2021-01-06 10:01:51.620"
"ALB","172.270","2","172.600","2","-69","172.60","9f336e82-6972-4a89-a70a-856f95a566c4","2021-01-06 10:01:51.620"
"ALB","172.370","1","172.990","1","-69","172.99","ab18ca56-3087-43a2-b285-0568f29e4710","2021-01-06 10:02:48.381"
"ALB","172.370","1","172.990","1","-69","172.99","0ea102f2-1b4f-46dc-b308-7b52c018cebd","2021-01-06 10:02:48.381"
"ALB","172.400","3","172.990","2","-69","172.99","2748b348-2175-41a2-8f56-ed464681c075","2021-01-06 10:02:48.381"
"ALB","175.020","4","175.310","3","70","170.86","92777220-356f-4199-acb6-6e8e4496be6e","2021-01-06 10:18:37.402"
"ALB","174.430","1","174.580","2","70","170.86","8d1234d2-fac7-4bd0-bcb9-a14fcea0bf84","2021-01-06 10:18:37.402"
"ALB","174.160","1","174.510","1","70","170.86","79314b66-1b6d-445b-8790-ad40101c9915","2021-01-06 10:18:37.402"
"ALB","174.000","3","174.460","2","70","170.86","014d6892-a6a3-4074-8ca3-8ec3477c1861","2021-01-06 10:18:37.402"
"ALB","174.680","1","175.120","2","70","170.86","ec3d5bb3-3a88-44ec-956b-9667319ffa45","2021-01-06 10:18:37.402"
"ALB","171.090","1","171.340","1","-70","171.34","39d82df2-7765-40c6-b22e-58ae5b49511a","2021-01-06 10:19:04.868"
"ALB","171.090","1","171.340","1","-70","171.34","edef541e-4dc2-4b53-829f-5bbaa3b3c25c","2021-01-06 10:19:04.868"
"ALB","171.090","1","171.340","1","-70","171.34","a1ffcd11-5595-42c7-bf68-344f6e0b7379","2021-01-06 10:19:04.868"
"ALB","171.130","1","171.420","2","-70","171.42","8d27cace-a175-4edd-9e2a-41160d2cd219","2021-01-06 10:19:10.616"
"ALB","171.290","1","171.740","1","-70","171.74","3e4ca8b4-78bc-4ca2-9408-7406d1071119","2021-01-06 10:19:22.361"
"ALB","175.590","1","176.110","1","70","170.00","0793d254-801f-4600-9433-d3d55c659557","2021-01-06 10:24:09.457"
"ALB","175.430","2","175.700","2","70","169.57","e696f9fc-3976-47b1-985f-0a755eed1619","2021-01-06 10:24:26.223"
"ALB","175.010","1","175.290","4","70","169.57","7de90ab2-e69c-4b6b-b227-93823ab83985","2021-01-06 10:24:26.223"
"ALB","169.520","1","169.770","1","-70","169.77","ff254cc5-1454-4c7e-9cd4-b03176187517","2021-01-06 10:28:41.288"
"ALB","169.520","1","169.770","1","-70","169.77","a35b0490-622b-4a4f-afcc-705fc71d0a48","2021-01-06 10:28:41.288"
"ALB","169.450","2","169.980","1","-70","169.98","47d39da1-ee44-481a-ac4c-93f7ee1a6a71","2021-01-06 10:29:40.274"
"ALB","170.470","1","170.700","3","70","169.02","f9bc982c-4bbc-41c5-befa-3010108cfa60","2021-01-06 10:47:07.750"
"ALB","170.000","2","170.340","3","70","169.02","4aca7cd9-00a1-42d1-a011-72ae102af2dc","2021-01-06 10:47:07.750"
"ALB","170.000","1","170.320","3","70","169.02","c222fb1b-ad41-420c-b462-6ee6b07641af","2021-01-06 10:47:07.750"
"ALB","170.220","1","170.500","1","70","169.02","d2a1ce9f-e435-4f39-8b0f-eedf53b3a8e5","2021-01-06 10:47:07.750"
"ALB","170.160","1","170.500","2","70","169.02","a882962f-1137-4c54-8723-74cf700e38d1","2021-01-06 10:47:07.750"
"ALB","169.950","2","170.480","3","70","169.02","3f7db7be-efc1-48a2-ab82-44f2e1f98a00","2021-01-06 10:47:07.750"
"ALB","169.900","19","170.420","7","70","169.02","73a77f7a-dbc9-42df-b8b8-6f6fddbca4f5","2021-01-06 10:47:07.750"
"ALB","169.450","4","169.940","5","70","169.02","9e7fa5c4-856a-4ffc-8748-74b036f2a746","2021-01-06 10:47:07.750"
"ALB","169.000","1","169.230","2","-70","169.23","4a73877d-2370-4ef2-a47a-49500f5df13c","2021-01-06 10:48:25.266"
"ALB","169.000","1","169.230","2","-70","169.23","f31450c0-9152-47d1-bcd4-195f9bbcd05b","2021-01-06 10:48:25.266"
"ALB","169.000","1","169.230","2","-70","169.23","2096819d-2850-40ff-b659-420c93e5426c","2021-01-06 10:48:25.266"
"ALB","169.000","1","169.230","3","-70","169.23","d56c8322-6e49-4521-9346-ed4a0af32c64","2021-01-06 10:48:31.887"
"ALB","169.000","1","169.230","3","-70","169.23","5f84bda1-331b-4e50-88b3-8d876df041af","2021-01-06 10:48:31.887"
"ALB","169.040","1","169.380","1","-70","169.38","60b437bd-250c-4593-8713-45e0cd3939ab","2021-01-06 10:48:57.303"
"ALB","169.260","1","169.530","1","-70","169.53","61ddad4e-816f-49b0-a318-3d201dfcb16d","2021-01-06 10:49:05.733"
"ALB","169.260","1","169.530","1","-70","169.53","473b5b45-3482-48f2-b9ae-52113cf0799d","2021-01-06 10:49:15.068"
"ALB","175.470","1","175.690","1","68","175.33","d14f375e-39ce-4ba8-bc93-3398ceed434f","2021-01-06 13:05:56.263"
"ALB","175.600","1","175.770","2","68","175.33","fa50a50e-6885-44c2-8fb9-f2bc3c8be04d","2021-01-06 13:05:56.263"
"ALB","175.450","1","175.670","1","68","175.33","1d202cd2-18e4-4e0e-b767-5c753287bdd3","2021-01-06 13:05:56.263"
"ALB","175.450","1","175.660","1","68","175.33","a58c67b2-f64b-48c7-9758-86102b7bc2a5","2021-01-06 13:05:56.263"
"ALB","175.340","1","175.650","1","-68","175.69","c7b056f7-10ad-43a3-97cd-6b948c8988d1","2021-01-06 13:06:29.840"
"ALB","175.440","1","175.750","1","-68","175.75","6ebd0357-7a63-4815-ab29-eb01f2184353","2021-01-06 13:07:01.950"
"ALB","175.440","1","175.740","1","-68","175.74","c6e462bc-25b1-4144-9152-427566044b56","2021-01-06 13:07:13.947"
"ALB","175.350","1","175.530","2","-68","175.53","aa32d519-a544-4b83-8f53-a8c519545f76","2021-01-06 13:08:04.668"
"ALB","177.410","3","177.590","1","67","177.03","e1a7b90a-294b-4c56-bf4a-056fe6400ecc","2021-01-06 14:10:18.049"
"ALB","177.410","3","177.640","6","67","177.03","f9022bcc-1a97-41e1-a8bb-1fea2a8fda81","2021-01-06 14:10:18.049"
"ALB","177.410","3","177.640","6","67","177.03","6c72ac54-4983-44d2-9322-8d2cc5add372","2021-01-06 14:10:18.049"
"ALB","177.410","6","177.600","1","67","177.03","b41f6125-48a7-413b-819c-9f4c7a64689d","2021-01-06 14:10:18.049"
"ALB","177.150","1","177.350","1","-67","177.35","98c7fa78-93a6-483d-8566-d63d371eac97","2021-01-06 14:11:02.445"
"ALB","177.150","1","177.350","1","-67","177.35","db7c0c0c-8ccc-4c95-988d-f5e00bcbff55","2021-01-06 14:11:02.445"
"ALB","177.160","2","177.350","2","-67","177.35","67afbe0f-1dbb-4bfb-9733-5ad3aa91a72c","2021-01-06 14:11:26.569"
"ALB","177.280","1","177.470","1","-67","177.47","804c554b-1efc-457c-bd67-9e7959fcb3f6","2021-01-06 14:11:50.835"
"ALB","176.560","1","176.720","1","68","176.01","d7b4190d-5cd8-4fd8-8420-f82563014483","2021-01-06 14:17:15.673"
"ALB","176.660","1","176.810","1","68","176.01","2f7a8acb-01cd-4010-92af-8513996a1883","2021-01-06 14:17:15.673"
"ALB","176.660","1","176.870","2","68","176.01","d93d1f92-b733-4d66-bdcf-4d828693aeda","2021-01-06 14:17:15.673"
"ALB","176.660","1","176.870","2","68","176.01","e3528574-0cb5-4d38-89bc-bbd5429b9ffb","2021-01-06 14:17:15.673"
"ALB","176.660","1","176.870","2","68","176.01","35318d58-8121-4b25-94e3-ab9d83a3c271","2021-01-06 14:17:15.673"
"ALB","176.730","3","176.990","1","68","176.01","3dba009d-8fb5-4090-ba29-6f933b9022d3","2021-01-06 14:17:15.673"
"ALB","176.730","3","176.950","1","68","176.01","86a8c422-8069-4a89-800d-520ac6eea7d0","2021-01-06 14:17:15.673"
"ALB","176.660","1","176.860","3","68","176.01","64db32af-0073-4e61-9614-407390d4533c","2021-01-06 14:17:15.673"
"ALB","176.660","1","176.860","2","68","176.01","ea3519e7-e0bd-4141-8483-3479b652449d","2021-01-06 14:17:15.673"
"ALB","176.660","1","176.860","4","68","176.01","9d815f67-4d95-4108-9e50-a61f929da52f","2021-01-06 14:17:15.673"
"ALB","176.010","1","176.240","1","-68","176.24","63c45087-63a5-4817-9aa9-078c5067f5ed","2021-01-06 14:17:34.457"
"ALB","176.010","1","176.240","1","-68","176.24","00a800e3-fa01-4d8b-aa0e-dc74daeb7257","2021-01-06 14:17:34.457"
"ALB","176.010","1","176.240","1","-68","176.24","f52e2db9-1395-4e58-8d42-c96f9b935f6b","2021-01-06 14:17:34.457"
"ALB","176.010","1","176.240","1","-68","176.24","d530b5ab-3582-487f-8916-181f6e20886d","2021-01-06 14:17:34.457"
"ALB","176.010","1","176.240","1","-68","176.24","2dc77919-04ba-40f8-8270-14e61f456ed3","2021-01-06 14:17:34.457"
"ALB","175.190","1","175.470","1","-68","175.47","a5de56a6-03c6-476a-ba4c-a902b2d91ab5","2021-01-06 14:19:20.791"
"ALB","175.250","1","175.530","1","-68","175.57","2289f5e3-bc75-4496-ba02-67af98897a3f","2021-01-06 14:19:26.399"
"ALB","175.250","1","175.530","1","-68","175.57","106ddc34-2252-4400-afd1-e151e52657eb","2021-01-06 14:19:26.399"
"ALB","175.590","1","175.740","3","-68","175.74","a799824d-419f-4993-86b3-f9d3c7fb2468","2021-01-06 14:19:57.685"
"ALB","175.590","1","175.740","3","-68","175.74","1dc35c1b-25a0-40e0-b032-2537875e7826","2021-01-06 14:20:10.569"
"ALB","175.010","1","175.200","1","68","174.00","e9550e39-467a-42c7-b4af-77df3ad00671","2021-01-06 15:07:04.146"
"ALB","175.010","1","175.200","2","68","174.00","eb57874d-c22b-4121-8746-6a298e981545","2021-01-06 15:07:04.146"
"ALB","174.010","1","174.330","1","-68","174.33","5b3761c5-c411-4440-8810-7c082ead0152","2021-01-06 15:08:30.195"
"ALB","174.010","1","174.380","1","-68","174.38","83c120d1-dfa4-4479-aab3-fc005146451d","2021-01-06 15:08:30.195"
"ALB","175.650","2","175.780","1","68","174.66","f82f63b1-9ac4-43a0-9e03-e2081c32cbfa","2021-01-06 15:24:47.485"
"ALB","175.400","1","175.550","1","68","174.66","93970a29-1a93-4237-8407-7ba732c989a4","2021-01-06 15:24:47.485"
"ALB","175.550","1","175.690","1","68","174.66","d758e724-aca6-41bd-8245-dbd020bab8f9","2021-01-06 15:24:47.485"
"ALB","175.730","1","175.890","2","68","174.62","d5bc26e1-83f5-48f9-bea0-cefe05a54e1d","2021-01-06 15:24:47.862"
"ALB","175.570","1","175.850","1","68","174.62","462f5a6e-ef67-48f9-962b-1d70d634938e","2021-01-06 15:24:47.862"
"ALB","175.420","1","175.690","1","68","174.62","a592576d-09d7-4378-af84-e9b9849fe830","2021-01-06 15:24:47.862"
"ALB","175.420","2","175.680","1","68","174.62","3d51d83c-c008-4a65-89df-65f27ebfb5dc","2021-01-06 15:24:47.862"
"ALB","175.430","1","175.620","1","68","174.62","d7fa2c76-8abf-4093-9540-fda7533f168f","2021-01-06 15:24:47.862"
"ALB","175.640","1","175.810","3","68","174.50","0d3c16c2-c9d6-4154-bf9e-e79d58efb836","2021-01-06 15:25:01.017"
"ALB","175.370","1","175.620","3","68","174.42","484c4740-c9dd-4923-b1f1-5e730448e198","2021-01-06 15:25:02.048"
"ALB","175.610","2","175.790","1","68","174.42","a2423aab-d970-40bd-904a-9589a3be5adc","2021-01-06 15:25:02.048"
"ALB","175.630","1","175.760","1","68","174.42","9cf7c7f3-9486-4567-8fba-acff25ef073b","2021-01-06 15:25:02.048"
"ALB","175.690","1","175.900","3","68","174.42","063b0a49-0754-4051-9702-ce6743b80dcf","2021-01-06 15:25:02.048"
"ALB","175.700","1","175.900","3","68","174.42","bed99656-3094-4ac3-aaae-38c057b3a6d5","2021-01-06 15:25:02.048"
"ALB","175.320","1","175.550","1","68","174.42","8e369798-34c7-449b-8d41-923561357f02","2021-01-06 15:25:02.048"
"ALB","175.000","1","175.180","1","68","174.13","e0ece744-5820-45a5-abc2-f0ef3e6e8382","2021-01-06 15:25:20.013"
"ALB","174.080","1","174.460","1","-68","174.46","c6bec461-e55f-4488-8c71-1b0142266bd9","2021-01-06 15:25:30.364"
"ALB","174.080","1","174.460","1","-68","174.46","ddc3775f-16fa-4b5e-a0ff-b015c400999c","2021-01-06 15:25:30.364"
"ALB","174.080","1","174.460","1","-68","174.46","8cdd9ed5-6eaf-47f5-9632-9f9e2be9931d","2021-01-06 15:25:30.364"
"ALB","174.080","1","174.460","1","-68","174.46","d77d0013-3cc4-47a1-8905-690680b49d26","2021-01-06 15:25:30.364"
"ALB","174.270","1","174.470","1","-68","174.47","413259af-9590-4b9b-865a-b4653eb8964a","2021-01-06 15:25:50.087"
"ALB","174.270","1","174.470","1","-68","174.47","12790316-eb99-4112-9d4b-a87bd04571a3","2021-01-06 15:25:50.087"
"ALB","174.270","1","174.470","1","-68","174.47","ef682eff-fc8a-4787-9189-31af0910d0c0","2021-01-06 15:25:50.087"
"ALB","174.580","3","174.780","1","-68","174.79","e4701fcc-4e59-418f-8c7d-605515a9eaf1","2021-01-06 15:26:03.575"
"ALB","174.580","3","174.780","1","-68","174.79","067b00c2-6968-4df4-988a-246ce44d24e4","2021-01-06 15:26:03.575"
"ALB","174.580","3","174.780","1","-68","174.79","e24c1c15-6c42-49c5-a818-00a52c4b73fc","2021-01-06 15:26:03.575"
"ALB","174.580","3","174.780","1","-68","174.79","85c6c9b8-6884-4fe1-90ed-a06aeac6ae26","2021-01-06 15:26:03.575"
"ALB","174.580","3","174.780","1","-68","174.79","3436e1ef-9963-4739-9474-cce07bf8a539","2021-01-06 15:26:03.575"
"ALB","174.470","1","174.690","1","-68","174.70","d1cbfe75-c6bb-4487-9857-d681d71f165a","2021-01-06 15:26:55.421"
"ALB","174.470","1","174.690","1","-68","174.70","1db572fc-9008-4efc-a636-ca6797a67ce3","2021-01-06 15:26:55.421"
"ALB","174.680","1","174.820","1","-68","174.82","e7ab3b69-d01d-4cb1-af87-18121234715e","2021-01-06 15:27:06.949"
"ALB","174.730","1","174.880","1","-68","174.88","f1afe486-ec43-4ada-8f81-58546e293837","2021-01-06 15:27:50.288"
"ALB","174.820","1","175.030","1","68","174.06","c52a81c6-cb29-4eaf-a864-854836007906","2021-01-06 15:32:14.869"
"ALB","175.020","1","175.230","1","68","174.06","b413964e-a9a3-4892-85c2-0279742d5d87","2021-01-06 15:32:14.869"
"ALB","175.110","1","175.260","1","68","174.06","c5897d96-bdc0-4e20-bfae-b404b9f53008","2021-01-06 15:32:14.869"
"ALB","175.120","1","175.260","1","68","174.06","9332338f-6409-44ee-ada2-cc3a177821cd","2021-01-06 15:32:14.869"
"ALB","174.760","1","175.030","1","68","174.06","a8c88b8b-f851-4a35-bbbb-203d4f69cf09","2021-01-06 15:32:14.869"
"ALB","174.440","1","174.570","1","-340","174.44","5815af97-dabb-4f5d-ad0d-cdb9b07dc862","2021-01-06 15:48:00.006"
"ALC","65.770","3","65.810","1","182","65.64","1f412775-101f-4709-a0a1-b7dd944a2736","2021-01-06 10:21:57.353"
"ALC","65.770","3","65.810","1","182","65.64","4196abbf-954a-4cc6-8bda-0170306fd1a0","2021-01-06 10:21:57.353"
"ALC","65.770","2","65.810","5","182","65.64","3006a1f0-1551-41cc-b799-249383e731f3","2021-01-06 10:21:57.353"
"ALC","65.770","2","65.810","5","182","65.64","2a1334d0-0a7b-41b2-a4c7-019e8a6d93d7","2021-01-06 10:21:57.353"
"ALC","65.770","2","65.810","10","182","65.64","8a46e7f4-161f-4f2c-a0bf-dc22a3505185","2021-01-06 10:21:57.353"
"ALC","65.770","7","65.820","6","182","65.64","a25c5884-040a-42b3-8e8f-9faf7d8a637e","2021-01-06 10:21:57.353"
"ALC","65.770","3","65.810","12","182","65.64","1ae2d717-84de-46da-a739-e425418ff130","2021-01-06 10:21:57.353"
"ALC","65.710","4","65.790","5","182","65.64","677725cd-68b5-45a8-bf1f-1d6082e86145","2021-01-06 10:21:57.353"
"ALC","65.710","1","65.760","5","182","65.63","b81b8d4a-d2f1-48f6-bad1-b18b9e21d4fb","2021-01-06 10:22:14.776"
"ALC","65.590","1","65.650","1","-182","65.65","c7278248-fb14-4c15-866d-e959d9f9e0b8","2021-01-06 10:24:44.773"
"ALC","65.590","1","65.650","1","-182","65.65","1263ebc5-8706-49b5-ba56-d0d6288f121f","2021-01-06 10:24:44.773"
"ALC","65.590","1","65.650","1","-182","65.65","227e5202-23ac-45ab-96fa-37fe13a200b1","2021-01-06 10:24:44.773"
"ALC","65.590","1","65.650","1","-182","65.65","5d0f2c71-7809-4a9d-90cf-824290a32fde","2021-01-06 10:24:44.773"
"ALC","65.590","1","65.650","1","-182","65.65","4741c7c0-9a8c-43df-9513-a8e3ce12748a","2021-01-06 10:24:44.773"
"ALC","65.590","2","65.650","1","-182","65.65","81aea8b9-586a-4eb7-bbb7-f265e2b27bde","2021-01-06 10:24:44.773"
"ALC","65.590","2","65.650","1","-182","65.65","5890bc56-0f45-4881-b7e7-c8cffc60dabb","2021-01-06 10:24:44.773"
"ALC","65.590","2","65.650","1","-182","65.65","b6220f98-356e-4035-9f6e-f891d6756d2f","2021-01-06 10:24:44.773"
"ALC","65.590","2","65.660","3","-182","65.66","0238ae53-b52b-41f8-9cce-3ad955a6959e","2021-01-06 10:24:50.926"
"ALC","65.690","2","65.760","2","182","65.66","8622340e-e056-4a0d-a0bb-dfcf110499dc","2021-01-06 10:34:59.864"
"ALC","65.690","2","65.760","2","182","65.66","23d1df29-33a9-4f50-b72b-cf6a52e2d6f4","2021-01-06 10:34:59.864"
"ALC","65.650","3","65.690","3","182","65.66","11b8d648-36f6-4478-84d8-35dfde4b2c41","2021-01-06 10:34:59.864"
"ALC","65.650","3","65.690","3","182","65.66","7d475eb6-dbe8-45c2-9b07-572f2f1908d7","2021-01-06 10:34:59.864"
"ALC","65.670","2","65.680","2","-182","65.68","c46daa09-a12d-402f-b997-165f057818d3","2021-01-06 10:35:41.802"
"ALC","65.690","2","65.760","2","182","65.65","ed32a67a-84c6-482c-a57e-26c07c485b9d","2021-01-06 10:36:04.739"
"ALC","65.720","2","65.760","12","182","65.64","83ff44d6-915c-4746-a020-f03376816488","2021-01-06 10:36:05.836"
"ALC","65.720","2","65.760","12","182","65.64","660755f5-c1ff-4954-b2a6-65b7ab54067b","2021-01-06 10:36:05.836"
"ALC","65.700","1","65.740","13","182","65.64","960c76e2-46eb-4b86-8920-0037b5f844a2","2021-01-06 10:36:05.836"
"ALC","65.700","1","65.750","2","182","65.64","1d4360b2-6fa0-4919-81fe-245864e2c961","2021-01-06 10:36:05.836"
"ALC","65.700","1","65.730","1","182","65.64","45cf4979-da58-4146-9ebf-db9f969611c0","2021-01-06 10:36:05.836"
"ALC","65.700","1","65.730","4","182","65.64","c776d301-c8a3-47f0-bbd2-b664f6e15dc1","2021-01-06 10:36:05.836"
"ALC","65.690","2","65.770","7","182","65.63","1186edbd-1c7a-4322-aa18-63ac912394c7","2021-01-06 10:38:42.347"
"ALC","65.640","2","65.670","3","-182","65.69","ff9a5790-1a01-49b7-93dd-425d4358a393","2021-01-06 10:39:31.977"
"ALC","65.640","2","65.670","3","-182","65.69","602140cf-a417-488b-9239-8919c982d3dd","2021-01-06 10:39:31.977"
"ALC","65.640","2","65.670","3","-182","65.69","ef6c6360-813f-47d6-bea1-af0fb8392ad6","2021-01-06 10:39:31.977"
"ALC","65.640","2","65.670","3","-182","65.69","8d129300-531d-4850-b753-af51b9f96b64","2021-01-06 10:39:31.977"
"ALC","65.640","2","65.670","3","-182","65.69","c730a126-d088-4278-9fde-82bc20e68c1f","2021-01-06 10:39:31.977"
"ALC","65.640","2","65.680","7","-182","65.69","32d391b0-040f-4935-8174-6dbcd7e2bc13","2021-01-06 10:39:31.977"
"ALC","65.640","2","65.680","7","-182","65.69","ced6f368-9b83-4fac-a579-d16da70fc793","2021-01-06 10:39:31.977"
"ALC","65.640","2","65.680","7","-182","65.69","1fbeb6a9-5cdd-4aac-928b-15466afdbebb","2021-01-06 10:39:31.977"
"ALC","65.640","2","65.670","1","-182","65.69","8734fc05-90b4-47d7-8d2c-603ea3c7d944","2021-01-06 10:39:31.977"
"ALC","65.640","2","65.670","1","-182","65.69","d01e8e30-af36-4ac7-be32-8e0b4ceee7d6","2021-01-06 10:39:31.977"
"ALC","65.580","2","65.620","13","-182","65.62","0b799e16-1dab-4b92-b765-40d32cd7755a","2021-01-06 10:40:51.752"
"ALC","65.570","4","65.630","2","182","65.58","d1093766-0c8b-4c47-8edc-8d8e2f4b3fe8","2021-01-06 10:56:26.798"
"ALC","65.530","4","65.580","12","-182","65.58","e547685c-e6b5-4c7f-97ab-8b0cd70d3f14","2021-01-06 10:58:50.868"
"ALC","65.550","12","65.600","1","183","65.56","996a68a2-b3d6-46c2-bda9-8e922e971855","2021-01-06 11:12:00.059"
"ALC","65.340","4","65.420","5","-183","65.43","aa41e960-e18f-4248-9899-247ef142d038","2021-01-06 11:26:00.066"
"ALC","65.370","8","65.470","11","183","65.47","4535b367-2ee6-4f3c-b4cf-871bfcd4aad7","2021-01-06 11:28:20.006"
"ALC","65.660","8","65.750","2","183","65.27","685f5b60-0139-477e-ba9c-4ea236625000","2021-01-06 11:38:16.017"
"ALC","65.660","8","65.750","2","183","65.27","b2bafe0a-22fe-487b-8c43-6b9a1168bd70","2021-01-06 11:38:16.017"
"ALC","65.660","8","65.750","2","183","65.27","6127e0ad-0737-45a9-b21c-d8bfaf5d774a","2021-01-06 11:38:16.017"
"ALC","65.660","5","65.680","4","183","65.27","9d4ed4b5-15c9-4d15-a025-1af3d1a4f2bd","2021-01-06 11:38:16.017"
"ALC","65.670","5","65.730","8","183","65.27","117a6600-ccff-4e10-818f-97e9f1607490","2021-01-06 11:38:16.017"
"ALC","65.680","2","65.730","8","183","65.27","086e2bf0-0c01-4c40-bd1b-f4de0080679f","2021-01-06 11:38:16.017"
"ALC","65.680","2","65.730","8","183","65.27","d7b73c3b-577d-4a5e-9b2b-d6a48666b75f","2021-01-06 11:38:16.017"
"ALC","65.680","2","65.750","2","183","65.27","919e0964-eb4e-4b6f-9450-570dbf55e26c","2021-01-06 11:38:16.017"
"ALC","65.710","2","65.750","2","183","65.27","df32c112-3a04-463c-b376-c57f61b6555f","2021-01-06 11:38:16.017"
"ALC","65.710","2","65.750","1","183","65.27","a3d5918f-f3b5-4d27-bc84-eb329ed7767e","2021-01-06 11:38:16.017"
"ALC","65.710","2","65.770","13","183","65.27","4e89ad3e-b9b1-49cf-8929-214b5ad11a24","2021-01-06 11:38:16.017"
"ALC","65.110","1","65.190","2","-183","65.19","460ab101-95e5-4721-bbbc-48530e7e89b2","2021-01-06 11:51:58.898"
"ALC","65.110","1","65.190","2","-183","65.19","818483c6-f3dd-445d-945f-f111520e2e04","2021-01-06 11:51:58.898"
"ALC","65.110","1","65.190","2","-183","65.19","b7393d83-a0b4-461e-b629-36b55fb85ca1","2021-01-06 11:51:58.898"
"ALC","65.110","1","65.190","2","-183","65.19","4491d369-ff42-4c76-872c-8bf8f2e7220c","2021-01-06 11:51:58.898"
"ALC","65.110","1","65.190","2","-183","65.19","78b81bff-37c1-48dd-9c06-67fc1e56fe74","2021-01-06 11:51:58.898"
"ALC","65.110","1","65.190","2","-183","65.19","e060dd9f-be2a-4bb6-b2b6-fcb38b6d866e","2021-01-06 11:51:58.898"
"ALC","65.110","3","65.190","3","-183","65.19","b57af606-0155-4b19-a61d-aa53fbb39234","2021-01-06 11:51:58.898"
"ALC","65.110","3","65.190","3","-183","65.19","42600284-f1c9-45b5-8ebc-bed1ee26c4d9","2021-01-06 11:51:58.898"
"ALC","65.110","3","65.190","3","-183","65.19","93dd4a99-5860-4531-84d3-6e7352dc1c03","2021-01-06 11:51:58.898"
"ALC","65.100","1","65.190","3","-183","65.19","cf85e39b-74f2-4c72-8b97-5ecc7e641bc2","2021-01-06 11:51:58.898"
"ALC","65.100","1","65.190","3","-183","65.19","67ec02b5-0093-4fed-956d-22c540331c42","2021-01-06 11:51:58.898"
"ALC","65.100","1","65.190","3","-183","65.19","a95c2b67-7c9a-47c1-b57e-ed41171489ad","2021-01-06 11:51:58.898"
"ALC","65.100","4","65.180","1","184","65.15","dd174f2a-40c3-4676-9291-9b2f4fdd414f","2021-01-06 12:00:08.648"
"ALC","65.100","2","65.180","1","-184","65.18","560531fb-4cff-4a68-881d-d931f21998ec","2021-01-06 12:02:09.337"
"ALC","65.510","4","65.590","1","183","65.52","9886abb1-f8ef-4816-b339-19b990ceacb3","2021-01-06 12:56:46.890"
"ALC","65.510","2","65.590","1","183","65.45","74a9d3f9-94eb-45d3-98e1-1545d0e9a019","2021-01-06 13:04:25.341"
"ALC","65.360","2","65.430","1","-183","65.43","463ded33-6079-4f7b-b5ac-63dc25bdf339","2021-01-06 13:06:33.627"
"ALC","65.390","3","65.450","2","-183","65.45","84c22ddb-bf4e-4e64-9364-fda7dbae0a2e","2021-01-06 13:06:45.829"
"ALC","65.460","6","65.500","1","183","65.50","47ae0b3a-53fd-4e96-bcd0-0ee13e4f04cb","2021-01-06 13:17:10.006"
"ALC","65.440","3","65.500","3","183","65.35","0e7b5ad7-0ae7-4a5e-b9cc-3bf19764b441","2021-01-06 13:18:46.267"
"ALC","65.440","2","65.490","4","183","65.35","87f476e2-70e4-4ba4-807c-a52c39f22d81","2021-01-06 13:18:46.267"
"ALC","65.430","1","65.500","4","-183","65.50","0cfdfed2-18e4-4665-aa10-4cc0f6b5feda","2021-01-06 13:22:49.915"
"ALC","65.430","2","65.500","2","-183","65.50","ae856221-2d94-47a6-b5a5-85ba5eac0ae6","2021-01-06 13:24:50.293"
"ALC","65.470","1","65.490","5","-183","65.49","042b6b2d-fff7-4f8c-a60b-f660d3240618","2021-01-06 13:26:40.330"
"ALC","65.460","2","65.520","2","183","65.43","b9d1b1db-031d-4b0b-905b-4b3d479cbd31","2021-01-06 13:29:31.479"
"ALC","65.440","2","65.500","2","183","65.43","74e620ca-aea1-422a-80e7-475db2429f1f","2021-01-06 13:29:31.479"
"ALC","65.440","2","65.500","5","183","65.43","4996db32-64d3-460d-a3a1-5c71e52bf67e","2021-01-06 13:29:31.479"
"ALC","65.430","3","65.510","1","-183","65.51","d9fc2a39-9490-44b5-8400-37763c352759","2021-01-06 13:32:17.380"
"ALC","65.430","3","65.510","1","-183","65.51","ad373cef-1ede-4fce-b797-a5a6296ce29a","2021-01-06 13:32:17.380"
"ALC","65.430","3","65.510","1","-183","65.51","d0c0f7ed-1656-46e5-b171-2617dff2798b","2021-01-06 13:32:17.380"
"ALC","65.430","5","65.510","1","183","65.44","551780ec-2986-4495-88db-524f026346bd","2021-01-06 13:32:30.752"
"ALC","65.460","2","65.530","1","183","65.41","01aaa1b2-41ad-4749-b320-b77284828503","2021-01-06 13:33:46.865"
"ALC","65.420","1","65.480","8","-183","65.48","8a1199ae-cc97-41b7-a7cc-49b13f99a354","2021-01-06 13:35:53.517"
"ALC","65.440","1","65.490","1","-183","65.49","7151e582-5465-4b61-9cb5-2da4fa9bc4f0","2021-01-06 13:36:27.920"
"ALC","65.500","3","65.540","2","183","65.43","54c42f15-9ab8-4006-992e-66814856baf9","2021-01-06 13:52:41.543"
"ALC","65.500","5","65.540","6","183","65.43","db268738-6480-4420-98d4-36f327559cc9","2021-01-06 13:52:41.543"
"ALC","65.460","1","65.490","1","183","65.43","83066090-2346-4392-8d99-36fb410f0f39","2021-01-06 13:52:41.543"
"ALC","65.460","2","65.500","1","183","65.43","6549204d-64b6-45f7-82ce-c78440f6bbda","2021-01-06 13:52:41.543"
"ALC","65.470","1","65.490","1","183","65.43","e520861e-e71c-48c2-8b1b-70eca52827ed","2021-01-06 13:52:41.543"
"ALC","65.470","1","65.490","7","183","65.43","a9dd40a3-8fe3-49c1-90a4-5ba9b043f46c","2021-01-06 13:52:41.543"
"ALC","65.470","1","65.490","7","183","65.43","cf622a71-f369-4cc8-a3f9-12b47cff30a7","2021-01-06 13:52:41.543"
"ALC","65.470","1","65.490","7","183","65.43","7f26cb2d-5897-442f-934c-a861271bfb6c","2021-01-06 13:52:41.543"
"ALC","65.470","1","65.520","2","183","65.41","0e8b6999-4252-4a63-9a29-be1576faf7e0","2021-01-06 13:52:56.941"
"ALC","65.480","3","65.530","2","183","65.41","1a66897b-656d-4b9d-8608-2b948d46b623","2021-01-06 13:52:56.941"
"ALC","65.500","3","65.540","3","183","65.41","804d0bba-cc43-4233-bdc7-ea4898696fff","2021-01-06 13:52:56.941"
"ALC","65.500","3","65.540","2","183","65.41","e71a2f9a-87ff-4f48-b04c-05894de5a390","2021-01-06 13:52:56.941"
"ALC","65.370","1","65.380","2","-183","65.38","0517eefc-2d70-42a2-89fd-6ac4b5d6f1c1","2021-01-06 13:55:49.917"
"ALC","65.370","1","65.380","2","-183","65.38","af3519f4-c509-4848-a40a-0ae1016fbd04","2021-01-06 13:55:49.917"
"ALC","65.370","1","65.380","2","-183","65.38","296f524d-3991-403c-b35d-75139a364ff7","2021-01-06 13:55:49.917"
"ALC","65.370","1","65.380","2","-183","65.38","448ffe47-8272-4005-aa0d-aad4578f4977","2021-01-06 13:55:49.917"
"ALC","65.370","1","65.380","2","-183","65.38","762f96ea-7715-4a31-8f58-b30d98343a37","2021-01-06 13:55:49.917"
"ALC","65.350","3","65.380","7","-183","65.38","134bef73-ab34-49b8-a321-ad52d88d0a39","2021-01-06 13:55:49.917"
"ALC","65.350","3","65.380","7","-183","65.38","bdb674f5-1418-458b-b907-bb9266cb3c80","2021-01-06 13:55:49.917"
"ALC","65.350","3","65.380","7","-183","65.38","6696e745-03eb-4555-8e9c-25b7b7a81404","2021-01-06 13:55:49.917"
"ALC","65.350","3","65.380","7","-183","65.38","6145c276-e4b5-4b11-8318-010ea7603a32","2021-01-06 13:55:49.917"
"ALC","65.350","3","65.380","8","-183","65.38","0b030548-88fc-4541-a3a3-0c38c3106aaa","2021-01-06 13:55:49.917"
"ALC","65.350","3","65.380","8","-183","65.38","01b1a6d4-340e-4399-b858-ac2f20de3b1c","2021-01-06 13:55:49.917"
"ALC","65.350","3","65.380","8","-183","65.38","7f806663-f818-4407-959a-ba170a7ddddd","2021-01-06 13:55:49.917"
"ALC","65.310","2","65.400","2","183","65.40","a579f757-0ca8-4d56-9646-a194907d31c4","2021-01-06 14:04:50.006"
"ALC","65.240","1","65.270","7","-183","65.27","1860965d-576c-4bf6-8b21-45d75b61d452","2021-01-06 14:09:56.828"
"ALC","65.130","2","65.220","1","184","65.10","ed23a251-7788-4b01-bd07-2c8888380080","2021-01-06 14:17:18.615"
"ALC","65.130","4","65.220","1","184","65.10","90bbb678-2655-46bf-8915-df0681824eb0","2021-01-06 14:17:18.615"
"ALC","65.150","2","65.210","2","184","65.10","af5f4163-6a30-41f8-a35b-e9896f5c3095","2021-01-06 14:17:18.615"
"ALC","65.180","2","65.240","1","184","65.10","65e157ef-1cc2-445a-b940-a95eba190be2","2021-01-06 14:17:18.615"
"ALC","65.050","2","65.100","5","-184","65.10","7e206282-edc2-4272-9ccf-ba5bb27c2f56","2021-01-06 14:17:46.755"
"ALC","65.180","2","65.240","1","184","65.05","872421dc-9b15-4e0c-94c2-55c33240acfc","2021-01-06 14:17:54.137"
"ALC","65.220","2","65.250","3","184","65.05","d4e63a8f-62df-4b3e-b3f4-60b720daad67","2021-01-06 14:17:54.137"
"ALC","65.200","11","65.250","1","184","65.05","95a00455-5e8e-46a8-8fc8-d8e3231b22b1","2021-01-06 14:17:54.137"
"ALC","65.200","11","65.260","4","184","65.05","76dc7442-2258-4cd8-9669-d1aa254957f2","2021-01-06 14:17:54.137"
"ALC","65.200","11","65.250","1","184","65.05","59fcc5dc-8917-47e4-88a2-1aa5f657e708","2021-01-06 14:17:54.137"
"ALC","65.200","11","65.350","5","184","65.05","70f01baa-d91b-45f7-98ea-24e9f53a043e","2021-01-06 14:17:54.137"
"ALC","65.200","11","65.330","1","184","65.05","c85758eb-c7d0-4fc4-9e32-ae3fd2bb5863","2021-01-06 14:17:54.137"
"ALC","65.030","2","65.080","2","-184","65.08","2701626b-3a2d-436f-b74a-c5d48cd36227","2021-01-06 14:18:24.986"
"ALC","64.980","1","65.040","2","-184","65.04","9757df1d-9d1a-4e97-a012-e1be60eaa94e","2021-01-06 14:20:11.883"
"ALC","64.980","1","65.040","1","-184","65.04","63760b93-2a0c-4435-a7be-852fcb103876","2021-01-06 14:20:11.883"
"ALC","64.980","1","65.040","1","-184","65.04","d69c07c3-fc8b-42c0-93dc-6eb702d9cdbd","2021-01-06 14:20:11.883"
"ALC","64.980","1","65.040","1","-184","65.04","a9cba6d7-6405-4d6b-ab99-3fa3cb195e9d","2021-01-06 14:20:11.883"
"ALC","64.980","1","65.040","1","-184","65.04","1dd61747-a05c-40ac-a5c2-5dcfd6c9c868","2021-01-06 14:20:11.883"
"ALC","65.010","2","65.050","2","-184","65.05","db6d451f-c520-4089-a789-79b3924786ce","2021-01-06 14:20:21.039"
"ALC","65.010","2","65.050","2","-184","65.05","41baeead-e614-4802-8bfb-d11b189531b7","2021-01-06 14:20:21.039"
"ALC","65.020","4","65.060","1","-184","65.06","85037264-fdaa-4479-b65c-54a2db7f18ca","2021-01-06 14:20:49.625"
"ALC","65.020","4","65.060","1","-184","65.06","f6361150-f9b5-44b5-9e0b-51de5ae9074a","2021-01-06 14:20:49.625"
"ALC","64.930","2","65.020","1","184","64.97","b42e0a2e-7d0b-41f2-896b-28548429f936","2021-01-06 14:36:20.578"
"ALC","64.870","2","64.930","1","-184","64.93","87d4a098-d532-437a-b54c-7aa00d1fc226","2021-01-06 14:38:35.179"
"ALC","65.010","1","65.070","1","184","64.97","ffcf19e0-cad0-49f6-b733-e031f4fdc6d6","2021-01-06 15:02:01.068"
"ALC","64.930","1","64.990","1","-184","64.99","6b18a546-d5fd-4b62-bd2f-10cd73be48c7","2021-01-06 15:04:19.598"
"ALC","65.130","3","65.220","1","184","65.02","d06d2b16-69a0-4f55-a895-c26681bd8b8e","2021-01-06 15:15:02.072"
"ALC","65.100","1","65.200","3","184","65.02","57083480-8e0b-4ee2-a107-6a4698ba2adc","2021-01-06 15:15:02.072"
"ALC","65.080","2","65.150","1","184","65.02","b48dc607-71cc-4835-981f-bb715ef7c83d","2021-01-06 15:15:02.072"
"ALC","65.080","2","65.150","1","184","65.02","e75a5853-116e-4740-9e63-121600511d73","2021-01-06 15:15:02.072"
"ALC","65.040","1","65.080","1","-184","65.08","8591f4d4-2238-4305-8bf8-3ae9f1f1c588","2021-01-06 15:18:00.124"
"ALC","65.040","1","65.080","1","-184","65.08","bfea0db0-054f-4916-9931-ec27f2bdfead","2021-01-06 15:18:00.124"
"ALC","65.040","2","65.080","2","-184","65.08","2bd84184-16c6-4659-b1bf-bc071a0eb220","2021-01-06 15:18:21.732"
"ALC","65.040","1","65.080","2","-184","65.08","5ef260a0-3d30-43ce-b486-68abd47d7a77","2021-01-06 15:18:21.732"
"AEE","76.070","1","76.200","1","157","76.08","189f4d0d-51fe-46e6-ae8b-233a60e55ff9","2021-01-06 10:12:03.641"
"AEE","76.040","2","76.090","1","-157","76.09","a0eef689-e328-4dd2-a954-0e7416bdc6f9","2021-01-06 10:15:20.541"
"AEE","76.000","6","76.040","3","157","76.03","2d4caba9-eddc-4a1c-89b6-2d9fba81594e","2021-01-06 10:16:14.695"
"AEE","75.730","1","75.800","2","-157","75.82","b582da18-7c5e-46d8-a6c7-6329da761ffc","2021-01-06 10:28:05.945"
"AEE","75.840","3","75.880","2","157","75.88","25c37e20-9d86-4cd7-a103-18179ad28d35","2021-01-06 10:34:20.006"
"AEE","75.920","1","75.970","2","-157","75.97","6b490627-1e27-4b64-bd60-63c6cc6d7a31","2021-01-06 10:37:07.520"
"AEE","76.510","1","76.540","4","157","76.24","8b3b1312-cbeb-487d-a6fe-57746bc0e085","2021-01-06 12:09:25.172"
"AEE","76.540","1","76.580","4","157","76.23","eeab5a61-4804-429b-83c2-a97fbb38a98d","2021-01-06 12:10:06.344"
"AEE","76.470","1","76.520","2","157","76.23","e28c584f-fdff-40d7-a1f1-5a5ad9aa6e13","2021-01-06 12:10:06.344"
"AEE","76.470","2","76.510","3","157","76.23","d9b27fdd-a89c-4c27-b1b7-6b596058f7a7","2021-01-06 12:10:06.344"
"AEE","76.490","2","76.530","1","157","76.23","f1913bcb-9ae2-4f59-a765-b22996f71cdd","2021-01-06 12:10:06.344"
"AEE","76.460","1","76.520","4","157","76.23","8bcb8e9e-ccc4-499e-87f6-779dfccea95a","2021-01-06 12:10:06.344"
"AEE","76.460","1","76.520","4","157","76.23","928f6939-2e49-44d2-aa2c-d2e847838def","2021-01-06 12:10:06.344"
"AEE","76.470","4","76.520","2","157","76.23","2407c76c-9c34-4991-96ee-2b9e0f470612","2021-01-06 12:10:06.344"
"AEE","76.460","1","76.500","1","157","76.23","ff1a3dfa-4996-4809-aca2-91d20b6c7a43","2021-01-06 12:10:06.344"
"AEE","76.460","1","76.480","1","157","76.23","1805df83-04f1-49a8-b95f-b0ec2ca24841","2021-01-06 12:10:06.344"
"AEE","76.460","1","76.500","2","157","76.23","401c6190-435b-492a-bf65-42a1e12f05b2","2021-01-06 12:10:06.344"
"AEE","76.400","1","76.440","2","157","76.23","14e5ce74-3719-439a-b4e4-68360ddd71c3","2021-01-06 12:10:06.344"
"AEE","76.400","5","76.440","2","157","76.23","4bed8c98-c747-42e1-b507-e58e3cb2ec0c","2021-01-06 12:10:06.344"
"AEE","76.410","1","76.440","2","157","76.23","ebb3dfe1-c472-4008-8120-1ef200f8cfb4","2021-01-06 12:10:06.344"
"AEE","76.470","4","76.490","1","157","76.23","e50d8eb3-45ac-4a96-8293-8f1fab3f30c2","2021-01-06 12:10:06.344"
"AEE","76.470","2","76.490","2","157","76.23","f7d89c0b-645e-4bec-a54a-3e406fb4f72d","2021-01-06 12:10:06.344"
"AEE","76.180","2","76.200","3","-157","76.20","b96b9614-0c7e-496e-a46c-3612b5b9e81a","2021-01-06 12:10:40.132"
"AEE","76.180","2","76.200","3","-157","76.20","a4722e4a-a17c-4d3d-804c-8340aa4287a5","2021-01-06 12:10:40.132"
"AEE","76.180","2","76.200","3","-157","76.20","140b1df5-a406-4fd7-9add-699e21752de1","2021-01-06 12:10:40.132"
"AEE","76.180","2","76.200","3","-157","76.20","e86689bd-adfa-4a14-ae78-652ecd7309a2","2021-01-06 12:10:40.132"
"AEE","76.180","2","76.200","3","-157","76.20","6fbaf865-3a54-43d7-870c-180b4b2938ce","2021-01-06 12:10:40.132"
"AEE","76.180","2","76.200","3","-157","76.20","640bec1a-7655-4073-b7cd-1d0a03f30d11","2021-01-06 12:10:40.132"
"AEE","76.180","2","76.200","3","-157","76.20","748c0797-f172-4562-990c-43b3f326b098","2021-01-06 12:10:40.132"
"AEE","76.180","2","76.200","3","-157","76.20","a036f2a5-f8c1-4e90-a34d-ac3d75213cf8","2021-01-06 12:10:40.132"
"AEE","76.180","2","76.200","1","-157","76.20","17a71413-c918-4683-91a0-5a989024232a","2021-01-06 12:14:56.659"
"AEE","76.180","2","76.200","1","-157","76.20","4173c6f4-3d24-48e6-b50c-fec9f2a73a2f","2021-01-06 12:14:56.659"
"AEE","76.180","2","76.200","1","-157","76.20","50af0567-05b3-4cd8-9e59-247636dc5ec8","2021-01-06 12:14:56.659"
"AEE","76.180","2","76.200","1","-157","76.20","1f44d8c6-4b87-4258-b615-5d7110ec7d97","2021-01-06 12:14:56.659"
"AEE","76.180","2","76.200","2","-157","76.20","c7887810-698a-43f0-9adc-948df1c1e17b","2021-01-06 12:15:00.041"
"AEE","76.180","2","76.200","2","-157","76.20","fef30a33-a45d-4c06-ae27-77e916ca8002","2021-01-06 12:15:00.041"
"AEE","76.210","2","76.250","2","-157","76.25","af18b58e-21b1-4ce2-a360-5adff74e6b12","2021-01-06 12:18:51.414"
"AEE","76.210","1","76.250","2","-157","76.25","d2b60a90-7bb1-4d47-81b2-2a43dcc7ec95","2021-01-06 12:18:51.414"
"AEE","76.240","4","76.280","1","157","76.28","b8ed204d-0eee-427e-8ef5-4061fd8b0d7e","2021-01-06 12:21:10.006"
"AEE","76.170","1","76.190","3","-157","76.20","a1e4d83d-b774-40d2-8f2b-da192d1872c5","2021-01-06 12:25:27.961"
"AEE","76.750","5","76.790","2","156","76.71","2957335a-7961-40f6-9053-15c117e14ac8","2021-01-06 13:18:51.906"
"AEE","76.750","5","76.790","2","156","76.71","ec292a5a-c502-429f-ab4c-37231b729a9a","2021-01-06 13:18:51.906"
"AEE","76.760","5","76.780","2","156","76.71","0dc234d4-3cda-4c3d-92ba-7c0310e748f8","2021-01-06 13:18:51.906"
"AEE","76.690","1","76.720","3","-156","76.72","151a23a8-b0e7-43fc-86e5-66f2202ce8ba","2021-01-06 13:19:22.317"
"AEE","76.690","1","76.720","3","-156","76.72","46f9fd68-da5a-43c2-9e9e-b510f04acf8d","2021-01-06 13:19:22.317"
"AEE","76.700","4","76.750","2","-156","76.75","e0b06f76-bc36-4024-a92a-6ca6ef450667","2021-01-06 13:19:47.245"
"AEE","76.720","1","76.760","1","156","76.66","c9e22960-b063-45d7-85f8-d9127ab62170","2021-01-06 13:22:02.727"
"AEE","76.750","5","76.790","2","156","76.66","62de7202-3674-4f1f-8de2-369a9433d796","2021-01-06 13:22:02.727"
"AEE","76.700","8","76.720","1","-156","76.72","40e05a53-6989-4246-849f-64d68d9ec124","2021-01-06 13:24:20.534"
"AEE","76.700","10","76.740","2","-156","76.74","c1dd8a7f-ebdf-47e5-9375-a75fb9e8a077","2021-01-06 13:24:48.724"
"AEE","76.790","2","76.800","4","156","76.73","15370dae-f337-4a44-9981-ce2bc8fa6c8b","2021-01-06 13:49:38.832"
"AEE","76.790","2","76.800","4","156","76.73","df99d4c6-8f71-4a22-83ac-eb20b31fed0c","2021-01-06 13:49:38.832"
"AEE","76.790","3","76.810","3","156","76.73","c261a7ad-5315-49c1-b8d5-3c391cd2a36b","2021-01-06 13:49:38.832"
"AEE","76.820","2","76.850","4","156","76.70","1cf1a408-cabd-460e-8a55-a542d51ed0d8","2021-01-06 13:49:43.567"
"AEE","76.800","2","76.840","2","156","76.67","0169b3e4-c184-403d-8114-454ed077387f","2021-01-06 13:49:44.394"
"AEE","76.800","2","76.840","2","156","76.67","9083ee52-dc5b-4917-aa09-6dd62a9ea70a","2021-01-06 13:49:44.394"
"AEE","76.810","1","76.840","1","156","76.67","4a4f54f7-e921-4341-8704-a55b3b1c4993","2021-01-06 13:49:44.394"
"AEE","76.810","1","76.840","1","156","76.67","ec5020a7-904d-45da-90d0-59aa9fe32197","2021-01-06 13:49:44.394"
"AEE","76.810","1","76.840","1","156","76.67","f4757d1c-3167-4a5e-9a6c-d5ef8f96780e","2021-01-06 13:49:44.394"
"AEE","76.830","2","76.870","2","156","76.67","114642aa-b428-47d8-b67a-67a969eb2418","2021-01-06 13:49:44.394"
"AEE","76.860","2","76.900","6","156","76.67","13b29744-1b3b-44b6-abae-d6251b5fbce6","2021-01-06 13:49:44.394"
"AEE","76.910","1","76.940","1","156","76.67","a7337dcd-4003-48ac-a544-1bda76e0dfd3","2021-01-06 13:49:44.394"
"AEE","76.910","1","76.930","1","156","76.67","3c35caa1-a1a0-4475-87d1-e4aeedbdfc51","2021-01-06 13:49:44.394"
"AEE","76.900","1","76.930","2","156","76.67","b7e4a7c2-d623-44b8-ae5a-3e4b914a6a06","2021-01-06 13:49:44.394"
"AEE","76.900","1","76.930","2","156","76.67","07356e54-ad0d-4dc8-bcca-01282390fba7","2021-01-06 13:49:44.394"
"AEE","76.900","1","76.930","2","156","76.67","fdffa916-d8a4-4635-9f43-a9a051b80174","2021-01-06 13:49:44.394"
"AEE","76.670","2","76.700","2","-156","76.70","7af52e49-2384-466b-b82f-be1b2a2b7969","2021-01-06 13:49:58.321"
"AEE","76.670","2","76.700","2","-156","76.70","86fa2c89-031e-4770-8450-63cb6b248f64","2021-01-06 13:49:58.321"
"AEE","76.600","1","76.630","2","-156","76.63","e632d808-a80d-44b1-87c8-eb54c0091ec8","2021-01-06 13:52:21.714"
"AEE","76.600","1","76.630","2","-156","76.63","c9d773c4-da7e-4c4d-a944-1bb8b3484021","2021-01-06 13:52:21.714"
"AEE","76.600","1","76.630","2","-156","76.63","5d991c31-f80c-4043-bbdd-19fe3b22d265","2021-01-06 13:52:21.714"
"AEE","76.600","3","76.640","2","-156","76.64","2342cd8f-1bb6-4bb9-b8d4-724f61571bb3","2021-01-06 13:52:21.715"
"AEE","76.600","3","76.640","2","-156","76.64","c4fbfe47-a2f7-465e-9b3f-71c12db97702","2021-01-06 13:52:21.715"
"AEE","76.600","3","76.640","2","-156","76.64","a78db2b7-0a36-4f0f-a1ea-2d0e8da6d805","2021-01-06 13:52:21.715"
"AEE","76.600","3","76.640","2","-156","76.64","8c6b4ce7-abd9-40f6-b448-b5e43df9cfcc","2021-01-06 13:52:21.715"
"AEE","76.600","3","76.640","2","-156","76.64","3e6e8b6d-f7a4-4dba-9fe2-f1d7b817d0cc","2021-01-06 13:52:21.715"
"AEE","76.600","3","76.640","2","-156","76.64","1045c961-8183-4172-babe-49edd0d19581","2021-01-06 13:52:21.715"
"AEE","76.600","3","76.640","2","-156","76.64","ddc18e36-e544-4bd1-9c4c-4e3c462ad494","2021-01-06 13:52:21.715"
"AEE","76.600","4","76.640","3","-156","76.64","42d09e47-11ee-422b-9623-5f1d85c9ac0c","2021-01-06 13:52:21.715"
"AEE","76.600","4","76.640","3","-156","76.64","3245b2af-fde3-4653-823d-a926fe85606a","2021-01-06 13:52:21.715"
"AEE","76.600","4","76.640","3","-156","76.64","6f1ef1d4-5ade-4dc5-a831-b6de9dc510d7","2021-01-06 13:52:21.715"
"AEE","76.600","4","76.640","3","-156","76.64","10fb9ef4-6775-46a6-821e-837794f34616","2021-01-06 13:52:21.715"
"AEE","76.770","1","76.800","3","156","76.64","0a8ee52b-9dd0-4e09-bef8-f36084db365f","2021-01-06 14:16:19.726"
"AEE","76.780","2","76.800","2","156","76.64","f87b9778-3a5b-46ad-9ed9-b694b378a498","2021-01-06 14:16:19.726"
"AEE","76.730","2","76.760","2","156","76.64","5e174acf-6544-44cf-b424-32cf61589263","2021-01-06 14:16:19.726"
"AEE","76.730","2","76.760","2","156","76.64","09f072ba-4ee0-4998-88d1-ca0da2100723","2021-01-06 14:16:19.726"
"AEE","76.710","1","76.750","2","156","76.57","8f98920a-23a8-4295-839a-89ea0dcf982d","2021-01-06 14:16:54.322"
"AEE","76.720","1","76.750","2","156","76.57","26dddd77-beb0-4e2c-bda4-429a2303b4bb","2021-01-06 14:16:54.322"
"AEE","76.730","2","76.750","1","156","76.57","572faccf-4619-44e4-b22a-db0acfe9ace2","2021-01-06 14:16:54.322"
"AEE","76.750","4","76.790","2","156","76.57","69cfeb21-d0ff-4c90-b5f4-aca3fad54323","2021-01-06 14:16:54.322"
"AEE","76.750","4","76.790","2","156","76.57","2af41358-1965-4c29-b6bb-5310218256f5","2021-01-06 14:16:54.322"
"AEE","76.790","3","76.820","2","156","76.57","12b871f2-a538-4cbb-9d06-ee217b6e40b9","2021-01-06 14:16:54.322"
"AEE","76.780","2","76.790","2","156","76.57","473e93a6-6dfd-4890-832b-cc6a3d3f3fbe","2021-01-06 14:16:54.322"
"AEE","76.770","3","76.790","1","156","76.57","77ac491c-07c9-4932-81be-02645762d7bc","2021-01-06 14:16:54.322"
"AEE","76.770","3","76.810","3","156","76.57","c11efae2-73da-4e61-9785-bd2d8e4fd58d","2021-01-06 14:16:54.322"
"AEE","76.790","2","76.820","2","156","76.57","fb27e890-d2dd-4648-b50e-8aab62d683c5","2021-01-06 14:16:54.322"
"AEE","76.790","2","76.820","2","156","76.57","0e1f16f2-a285-4368-b5d3-9c74be18df46","2021-01-06 14:16:54.322"
"AEE","76.790","2","76.820","2","156","76.57","d9b37368-c991-4fac-904b-9d001fa8c807","2021-01-06 14:16:54.322"
"AEE","76.510","2","76.560","3","-156","76.56","7cee839c-d0c8-4cd2-836c-4dc38c0f1051","2021-01-06 14:17:39.466"
"AEE","76.510","2","76.560","3","-156","76.56","9affa566-f995-426c-84d1-6d8140e8e7d9","2021-01-06 14:17:39.466"
"AEE","76.510","2","76.560","3","-156","76.56","8a1abed1-e1b0-40f1-9019-dd350c2a77a0","2021-01-06 14:17:39.466"
"AEE","76.510","2","76.560","3","-156","76.56","57d91e05-64f7-4cd7-aa00-26d73db9a0ed","2021-01-06 14:17:39.466"
"AEE","76.510","2","76.560","3","-156","76.56","3df93a88-18b6-4b49-a1f9-1e14c5932d81","2021-01-06 14:17:39.466"
"AEE","76.510","2","76.560","3","-156","76.56","1a31a2e3-73e4-49e5-8e34-8f3b37f3474c","2021-01-06 14:17:39.466"
"AEE","76.550","7","76.590","1","-156","76.59","ea33976d-8b8f-4a20-b3d4-c08ecef9735a","2021-01-06 14:17:48.768"
"AEE","76.550","7","76.590","1","-156","76.59","a93e1b70-47d3-4d4b-8a37-e087ef119b06","2021-01-06 14:17:48.768"
"AEE","76.550","7","76.590","1","-156","76.59","016262ef-6ebe-4a82-b946-f632a846e919","2021-01-06 14:17:48.768"
"AEE","76.550","7","76.590","1","-156","76.59","fda43476-a58b-4596-944b-c83b1f7e5623","2021-01-06 14:17:48.768"
"AEE","76.550","7","76.590","1","-156","76.59","d33dc75c-9309-4755-bc00-e585997fa7cc","2021-01-06 14:17:48.768"
"AEE","76.570","4","76.610","1","-156","76.61","667864ca-6ec8-49d2-a300-cbfd8dd181b0","2021-01-06 14:17:51.975"
"AEE","76.570","4","76.610","1","-156","76.61","5941bba3-da6b-4b4f-b729-e2dd8fd64879","2021-01-06 14:17:51.975"
"AEE","76.570","4","76.610","1","-156","76.61","3f1fd570-ad69-46fe-bdca-d3b3acb9ee17","2021-01-06 14:17:51.975"
"AEE","76.500","1","76.520","4","-156","76.52","a3772736-2252-475a-9c35-abda1b4e8d9e","2021-01-06 14:19:26.730"
"AEE","76.480","2","76.520","1","-156","76.52","1a946db3-1095-460d-8a03-1aeb6a37ad1d","2021-01-06 14:19:26.730"
"AEE","76.660","2","76.710","2","156","76.71","edb7acad-89fd-4b3a-ae51-d2611db1d057","2021-01-06 14:29:40.006"
"AEE","76.680","2","76.720","1","-156","76.72","55464ac7-0e4e-48a7-b49b-f039bda54d61","2021-01-06 14:30:16.336"
"AEE","76.770","2","76.820","3","156","76.63","3f00422e-7c94-4881-92f8-516f719a7364","2021-01-06 14:49:17.396"
"AEE","76.670","4","76.700","2","-156","76.70","bd63196f-1c0b-43e3-9dc8-a7ca4910e8c8","2021-01-06 14:50:30.394"
"AEE","76.800","3","76.850","2","156","76.59","ef17dffe-ddb7-43d8-a3ff-18fe529611a5","2021-01-06 14:51:18.636"
"AEE","76.770","2","76.810","2","156","76.59","f11c5399-2bd6-433c-92a7-6883144e6fea","2021-01-06 14:51:18.636"
"AEE","76.720","2","76.790","3","156","76.59","6bce1f3b-4573-41f9-beeb-cb5066f415a7","2021-01-06 14:51:18.636"
"AEE","76.720","2","76.790","3","156","76.59","5a42efbe-32aa-4e3b-9845-2758277705bd","2021-01-06 14:51:18.636"
"AEE","76.720","2","76.790","3","156","76.59","e24bc3a9-cff3-4df1-9d31-09bee86aaad1","2021-01-06 14:51:18.636"
"AEE","76.580","1","76.630","2","-156","76.64","7a4d1233-591a-423d-a3b1-1ad5d9d61441","2021-01-06 14:51:41.408"
"AEE","76.580","1","76.630","2","-156","76.64","050338a9-0083-4b88-91db-a1da47bea939","2021-01-06 14:51:41.408"
"AEE","76.580","1","76.630","2","-156","76.64","58aa5935-e673-447d-aa80-db156beb99a3","2021-01-06 14:51:41.408"
"AEE","76.600","3","76.640","2","-156","76.65","92279c05-13ec-4e63-bc46-aadb3316c442","2021-01-06 14:52:39.492"
"AEE","76.630","2","76.670","1","-156","76.67","8f4e7b1f-af61-470a-b935-c8466ef60f77","2021-01-06 14:52:40.898"
"AEE","76.950","3","77.000","1","156","76.51","6bf31fb5-3ada-4ca2-b8fe-d25976ef20ac","2021-01-06 15:02:40.057"
"AEE","76.910","1","76.960","2","156","76.51","2aa1e411-0f1b-45c2-837f-9a934eadb30c","2021-01-06 15:02:40.057"
"AEE","76.910","1","76.960","2","156","76.51","83944cbe-a7a4-45b4-b9e1-ffebed3d8063","2021-01-06 15:02:40.057"
"AEE","76.910","2","76.960","2","156","76.51","53805143-e39e-4175-9653-422304978d7a","2021-01-06 15:02:40.057"
"AEE","76.810","2","76.850","2","156","76.51","e287e8b8-8fe6-4e21-a25c-000f80258e06","2021-01-06 15:02:40.057"
"AEE","76.480","3","76.520","1","-156","76.52","e15568d9-1cae-46d2-ad22-5f32d076e675","2021-01-06 15:03:41.287"
"AEE","76.480","3","76.520","1","-156","76.52","98bafeaf-9112-4e65-bc7f-1bfbde660a98","2021-01-06 15:03:41.287"
"AEE","76.480","3","76.520","1","-156","76.52","6d5781a8-61b7-444c-afd3-13cb93ce6cd6","2021-01-06 15:03:41.287"
"AEE","76.470","2","76.510","2","-156","76.51","80999c07-b01d-427b-9f46-f1d61002c881","2021-01-06 15:04:03.797"
"AEE","76.520","1","76.540","1","-156","76.54","a0c31b56-dada-44dd-9e1d-1ff24d6e6b7e","2021-01-06 15:04:28.961"
"AEE","76.600","1","76.640","2","156","76.54","d6a7e4ce-0e28-482b-b6b1-7066aa66d14b","2021-01-06 15:16:07.282"
"AEE","76.560","1","76.560","1","-156","76.56","33eeec27-4b5e-4d24-9934-221f79bcae1c","2021-01-06 15:19:20.006"
"AEE","76.570","2","76.600","1","156","76.48","48f633fb-90ce-4372-b960-f62dc3f024e0","2021-01-06 15:21:51.280"
"AEE","76.260","1","76.320","2","-156","76.32","ca0a14d6-114c-4a5d-9dc3-46c889e1286d","2021-01-06 15:25:29.391"
"AGG","117.220","25","117.230","223","102","117.20","d6fff101-068c-4dbd-b803-ef055909c473","2021-01-06 10:10:15.571"
"AGG","117.220","25","117.230","220","102","117.20","d9e0d82a-8d4b-409b-9cd3-25f356ebf216","2021-01-06 10:10:15.571"
"AGG","117.200","21","117.210","109","-102","117.21","6eca660c-0b4c-49d5-81ba-0bb91ed4f497","2021-01-06 10:15:27.315"
"AGG","117.200","36","117.210","76","-102","117.21","4bba0357-1ffe-4b01-be10-dae89ced5738","2021-01-06 10:15:40.146"
"AGG","117.230","227","117.240","31","102","117.22","9110b6d3-db95-4e59-b745-3a8051acfc1f","2021-01-06 10:42:18.443"
"AGG","117.230","168","117.240","52","102","117.22","b9949dc0-1935-4cea-8db6-8da6d39d1704","2021-01-06 10:42:18.443"
"AGG","117.220","229","117.230","32","-102","117.23","496f1828-190c-4b0b-9627-69c26ae739aa","2021-01-06 10:42:42.457"
"AGG","117.220","245","117.230","32","-102","117.23","00f8dda3-ce9b-4b7e-a939-c474188405be","2021-01-06 10:42:50.072"
"AGG","117.360","113","117.370","59","102","117.34","0c114eea-e054-4e77-87e0-ec6cdf26d287","2021-01-06 12:18:00.341"
"AGG","117.360","98","117.370","63","102","117.34","5ac010ed-d8d8-4cd2-9b33-be8a670476bf","2021-01-06 12:18:00.341"
"AGG","117.360","126","117.370","59","102","117.34","91578a3d-d86e-44c9-a799-8e30a55f813f","2021-01-06 12:18:00.341"
"AGG","117.360","199","117.370","87","102","117.34","4c3e583d-18be-4e11-a2b9-4ba5522dbcf3","2021-01-06 12:18:00.341"
"AGG","117.360","235","117.370","70","102","117.34","6798fdd4-1444-4c4c-8ac5-b42ddcdbc8f0","2021-01-06 12:18:00.341"
"AGG","117.350","186","117.360","52","102","117.33","1ebf775f-fdad-4ad2-a7d3-c789a403b38c","2021-01-06 12:20:23.651"
"AGG","117.350","186","117.360","52","102","117.33","2097650f-09c8-457f-8a9a-acb3318e6e27","2021-01-06 12:20:23.651"
"AGG","117.360","94","117.370","96","102","117.33","d8c64480-a348-4efd-ae4c-f9df71477467","2021-01-06 12:20:23.651"
"AGG","117.360","97","117.370","123","102","117.33","953ae016-9ded-4434-a55e-de3d72eb1bd9","2021-01-06 12:20:23.651"
"AGG","117.320","205","117.330","78","-102","117.33","a8accfd4-0c60-45df-aebd-ba75ec6918b5","2021-01-06 12:21:57.616"
"AGG","117.300","20","117.310","158","-102","117.31","1b394a35-c210-4a75-a650-50f7902b7652","2021-01-06 12:26:23.754"
"AGG","117.300","20","117.310","158","-102","117.31","b2c5ccb2-b89b-4fea-b283-62728e83a88b","2021-01-06 12:26:23.754"
"AGG","117.300","20","117.310","158","-102","117.31","b64f05c5-286f-4bf5-80bc-13c4dbe99c07","2021-01-06 12:26:23.754"
"AGG","117.300","20","117.310","158","-102","117.31","fece610e-3c78-4047-980c-6a92a5f94b78","2021-01-06 12:26:23.754"
"AGG","117.300","9","117.310","168","-102","117.31","8c705c21-5180-4983-9a4b-d03c1620e195","2021-01-06 12:26:51.740"
"AGG","117.300","9","117.310","168","-102","117.31","a5f472d0-90b4-4cb4-8abc-5a26b8b00ed7","2021-01-06 12:26:51.740"
"AGG","117.300","7","117.310","209","-102","117.31","18b02584-cc2d-4317-8409-88318625237d","2021-01-06 12:26:51.740"
"AGG","117.300","14","117.310","197","-102","117.31","248d3a87-bd4c-4901-b487-db78445ad1cd","2021-01-06 12:26:51.740"
"AGG","117.310","105","117.320","67","102","117.29","5bfe5be4-3bc5-4901-b2fb-48263499041a","2021-01-06 13:40:43.356"
"AGG","117.300","82","117.310","42","-102","117.31","0361eee8-b073-4323-925e-811464ea240c","2021-01-06 13:49:40.050"
"AGG","117.310","28","117.320","134","102","117.28","49375b09-7195-4484-a652-dc15d200676c","2021-01-06 14:00:25.580"
"AGG","117.310","3","117.320","173","102","117.28","c3471c72-adb2-4994-9ee3-f042fab7316a","2021-01-06 14:00:25.580"
"AGG","117.310","7","117.320","164","102","117.28","dfe90b0b-85de-4f74-b8e5-96ab33bec251","2021-01-06 14:00:25.580"
"AGG","117.310","29","117.320","158","102","117.28","a176fcc9-3124-4c7c-b782-7ce666db73e3","2021-01-06 14:00:25.580"
"AGG","117.310","49","117.320","81","102","117.28","6cbebfca-a0ff-456c-86d4-c343b4585426","2021-01-06 14:00:25.580"
"AGG","117.310","51","117.320","83","102","117.28","7b22b182-a6fb-4906-b415-b188244e626d","2021-01-06 14:00:25.580"
"AGG","117.310","51","117.320","82","102","117.28","a59559c8-1396-4074-9dd9-d3322610a41e","2021-01-06 14:00:25.580"
"AGG","117.310","109","117.320","42","102","117.28","25a4bebb-db76-4adb-8a31-b4a62a4bc1f6","2021-01-06 14:00:25.580"
"AGG","117.310","111","117.320","49","102","117.28","b9eeba1b-7a32-4777-932d-800c4b8c61a3","2021-01-06 14:00:25.580"
"AGG","117.310","61","117.320","84","102","117.28","3760cba1-25f0-413f-8ba1-49b14b801264","2021-01-06 14:00:25.580"
"AGG","117.310","61","117.320","84","102","117.28","56357bd5-0c1a-48ae-9af4-74ce29b83560","2021-01-06 14:00:25.580"
"AGG","117.310","108","117.320","23","102","117.28","bb560886-2a4b-430b-8651-6eb27a71a3e1","2021-01-06 14:00:25.580"
"AGG","117.310","61","117.320","405","102","117.28","5c0db433-1693-42bf-a98e-068e937360f2","2021-01-06 14:00:25.580"
"AGG","117.310","61","117.320","405","102","117.28","7149f1da-f672-4cd4-ab04-8ccee8f93836","2021-01-06 14:00:25.580"
"AGG","117.310","60","117.320","405","102","117.28","18122039-f679-44d2-bcc4-3c11428968a5","2021-01-06 14:00:25.580"
"AGG","117.300","6","117.310","184","-102","117.31","30b1f5d2-083e-4010-b03d-1b2d83f40093","2021-01-06 14:01:15.423"
"AGG","117.300","6","117.310","184","-102","117.31","648dcc09-97a7-42bc-8cc9-6be039870333","2021-01-06 14:01:15.423"
"AGG","117.300","6","117.310","184","-102","117.31","d67afc64-2972-40f4-b08a-e2f21a5c3124","2021-01-06 14:01:15.423"
"AGG","117.300","6","117.310","184","-102","117.31","42acb9b2-4154-4f3d-923b-61ec6eeb53b1","2021-01-06 14:01:15.423"
"AGG","117.300","6","117.310","184","-102","117.31","2d485ef2-ce3c-4540-b66a-fce049f95aa7","2021-01-06 14:01:15.423"
"AGG","117.300","44","117.310","28","-102","117.31","d36bf024-b03d-461b-9a18-a71540520f58","2021-01-06 14:01:22.863"
"AGG","117.300","44","117.310","28","-102","117.31","68d03e6a-1652-4e8f-81f7-18bcc061c545","2021-01-06 14:01:22.863"
"AGG","117.300","44","117.310","28","-102","117.31","a5db81ec-64f6-41bb-811e-5cd932b02472","2021-01-06 14:01:22.863"
"AGG","117.300","44","117.310","28","-102","117.31","29aa8bdf-1955-40f1-ac19-49d8b151a52b","2021-01-06 14:01:22.863"
"AGG","117.300","44","117.310","28","-102","117.31","cac48112-d54a-4d4a-97ee-91cd1da26e44","2021-01-06 14:01:22.863"
"AGG","117.300","44","117.310","28","-102","117.31","f49f06db-08d6-4d46-aa35-b9e7208aa995","2021-01-06 14:03:06.472"
"AGG","117.300","44","117.310","28","-102","117.31","8a507cec-72ea-4d09-b050-66f339e93a17","2021-01-06 14:03:06.472"
"AGG","117.300","44","117.310","28","-102","117.31","6f440485-f8d8-4952-9c9e-a9dfa2ed7cdd","2021-01-06 14:03:06.472"
"AGG","117.300","7","117.310","105","-102","117.31","5c4cb44b-4059-48e4-a07c-c0af99c77510","2021-01-06 14:03:06.472"
"AGG","117.300","7","117.310","105","-102","117.31","b8ed5a34-945e-4b69-8a65-6347adf66c14","2021-01-06 14:03:06.472"
"AGG","117.340","92","117.350","201","102","117.33","0e796e38-1b21-4278-b8c8-799fb9c3dc1e","2021-01-06 14:51:47.416"
"AGG","117.340","3","117.350","343","102","117.33","eddfd006-4cd7-4423-8589-a5ad19be8d02","2021-01-06 14:51:47.416"
"AGG","117.340","13","117.350","336","102","117.33","4be889b6-50af-49b5-80e5-9e89d75d6200","2021-01-06 14:51:47.416"
"AGG","117.320","49","117.330","142","-102","117.33","557ffadb-f741-490a-bb73-50afa906a2ad","2021-01-06 14:52:15.311"
"AGG","117.310","132","117.320","55","-102","117.32","b08a9eb6-9dd9-4694-97b9-3d10c1294674","2021-01-06 14:53:10.274"
"AGG","117.310","136","117.320","55","-102","117.32","29d2453d-0474-4163-8884-f3b7d0001066","2021-01-06 14:53:20.219"
"AGG","117.370","17","117.380","225","102","117.34","f9782e67-4439-4cc8-884e-06a8c1e91ed2","2021-01-06 15:42:58.760"
"AGG","117.360","179","117.370","82","-102","117.36","5be83c42-4dac-40e8-ab02-914b772302bb","2021-01-06 15:48:00.006"
