"Symbol","Bid","Bid Sz","Ask","Ask Sz","Shares","Price","Order ID","Timestamp"
"AA","36.450","1","36.470","2","330","36.31","e056ba6a-aa0f-477b-9d5b-3f0856dc1ba3","2021-04-26 10:17:31.355"
"AA","36.270","1","36.290","6","-330","36.30","07822a13-9020-44b0-87e4-b7b9a6cb675b","2021-04-26 10:17:54.844"
"AA","36.730","4","36.740","3","327","36.61","4050a958-7ae8-4dac-b5cf-190d6738ca65","2021-04-26 10:49:51.153"
"AA","36.720","4","36.740","11","327","36.61","8b6b3520-6992-4709-af1e-4bbe60cf7bac","2021-04-26 10:49:51.153"
"AA","36.730","3","36.740","5","327","36.61","eed03a8a-562b-4e10-ad10-888ab42fd8b2","2021-04-26 10:49:51.153"
"AA","36.610","1","36.630","5","-327","36.63","5a454fdf-38fc-48d8-bede-00ab4cf6e6ce","2021-04-26 10:50:26.415"
"AA","36.610","1","36.630","5","-327","36.63","95a572ba-c4ee-4f46-b140-39ea5b18f371","2021-04-26 10:50:26.415"
"AA","36.630","3","36.660","1","-327","36.66","5807a360-92e8-4328-aa83-6f725fd57fcc","2021-04-26 10:50:33.138"
"AA","36.730","6","36.750","2","326","36.75","5a6be133-8b22-4d9d-a1c2-bda3754cf114","2021-04-26 10:53:40.006"
"AA","36.610","1","36.640","3","-326","36.64","1be4c487-1c9e-4732-bf8f-724cd797b184","2021-04-26 10:55:40.665"
"AA","36.950","4","36.960","1","325","36.85","4ba318ef-4e16-4de1-8490-ccd91b5a00fa","2021-04-26 11:30:09.362"
"AA","36.960","4","36.970","3","325","36.85","0a0d266c-a551-4795-811d-ab6babf039bd","2021-04-26 11:30:09.362"
"AA","36.970","5","36.980","1","325","36.85","391dac3b-fc79-4f04-82aa-2ba7576da2df","2021-04-26 11:30:09.362"
"AA","36.950","9","36.970","2","325","36.85","71c105fb-1c01-4c56-bb21-6660050310d7","2021-04-26 11:30:09.362"
"AA","36.950","7","36.970","1","325","36.85","24b867f5-c82f-4830-a0da-e9ae5e17cd72","2021-04-26 11:30:09.362"
"AA","36.960","5","36.970","2","325","36.85","fb89c849-262a-4e60-b5cf-226019cae54b","2021-04-26 11:30:09.362"
"AA","36.960","4","36.980","4","325","36.85","369d733c-e135-4a22-9bdd-c29723a73022","2021-04-26 11:30:09.362"
"AA","36.980","3","36.990","2","325","36.85","edbccfd8-40db-4b0e-8d97-2289752ddc6a","2021-04-26 11:30:09.362"
"AA","37.010","1","37.020","4","325","36.85","4cde26a8-a6f8-457f-a73a-9b841dd4341e","2021-04-26 11:30:09.362"
"AA","37.020","8","37.040","1","325","36.85","cf88184f-3099-4b04-83c5-4e8c7e891568","2021-04-26 11:30:09.362"
"AA","37.020","5","37.040","2","325","36.85","f9b39790-04b0-43d0-87bf-021a0645768c","2021-04-26 11:30:09.362"
"AA","36.990","1","37.000","1","325","36.85","b2e77d06-5b0f-4756-8465-00d04ce54267","2021-04-26 11:30:09.362"
"AA","36.990","1","37.000","3","325","36.85","db4a7ac8-8678-4d20-b67d-e09ed4f410f8","2021-04-26 11:30:09.362"
"AA","37.000","2","37.010","1","325","36.85","7b74daeb-793f-4c3b-83b7-82a84e74ad8e","2021-04-26 11:30:09.362"
"AA","37.020","1","37.030","1","325","36.85","ae4fa0f6-a3ec-48a1-8fee-f6e20ecb69fc","2021-04-26 11:30:09.362"
"AA","36.980","3","36.990","2","325","36.85","497fcccd-da3b-4035-a6b5-19b5f17d6766","2021-04-26 11:30:09.362"
"AA","36.820","4","36.830","8","-325","36.83","0b04ef47-73d1-4b80-a4c3-ea5b7ae94de6","2021-04-26 11:31:16.684"
"AA","36.820","4","36.830","8","-325","36.83","f1696f51-4ef3-4dc7-b7f5-78dc29ce513a","2021-04-26 11:31:16.684"
"AA","36.820","4","36.830","8","-325","36.83","d736ae43-710b-49de-947c-7fc18a3d6362","2021-04-26 11:31:16.684"
"AA","36.820","4","36.830","8","-325","36.83","c67bdc6c-9777-4aa6-91fd-52544fe5cca4","2021-04-26 11:31:16.684"
"AA","36.820","4","36.830","8","-325","36.83","02f903c6-54c1-43f2-be25-6baf3ff402cb","2021-04-26 11:31:16.684"
"AA","36.820","4","36.830","8","-325","36.83","78c51c0c-0925-4a47-9d58-ad094aa982d5","2021-04-26 11:31:16.684"
"AA","36.820","4","36.830","8","-325","36.83","03824552-fc5f-4dc7-9146-676f147313bd","2021-04-26 11:31:16.684"
"AA","36.820","4","36.830","8","-325","36.83","a626db20-ce9d-43dc-8514-9cea7dd498dd","2021-04-26 11:31:16.684"
"AA","36.800","2","36.810","3","-325","36.81","a75e51af-5b32-4466-8aa3-e08e346d0415","2021-04-26 11:32:11.725"
"AA","36.800","2","36.810","3","-325","36.81","74858712-acf8-4fc4-b3a1-37f807cfbf3d","2021-04-26 11:32:11.725"
"AA","36.800","2","36.810","3","-325","36.81","2d01918f-b8d4-4fa3-a306-90ff4b25fdcf","2021-04-26 11:32:11.725"
"AA","36.800","2","36.810","3","-325","36.81","7fe897d1-e674-4431-a3d5-f9f1b89f4dd7","2021-04-26 11:32:11.725"
"AA","36.810","4","36.820","3","-325","36.82","1be14d9b-d105-4a42-9c07-f807256519aa","2021-04-26 11:32:20.269"
"AA","36.810","4","36.820","3","-325","36.82","0406477a-f5ce-4c57-8acb-ae6ed01c1f2f","2021-04-26 11:32:20.269"
"AA","36.800","4","36.820","3","-325","36.82","76104eed-4be5-42c5-bf77-40c070a9d928","2021-04-26 11:32:38.271"
"AA","36.800","4","36.820","4","-325","36.82","8cb51158-2e87-442f-af37-bdb0e6de914f","2021-04-26 11:32:40.413"
"AA","36.880","2","36.890","2","326","36.77","5a8363d6-d873-4bce-a0e7-4c8b2a206fc8","2021-04-26 11:54:31.656"
"AA","36.880","2","36.900","3","326","36.77","c2c6ffbc-41f0-4eaf-8b50-0fa37c3f9894","2021-04-26 11:54:31.656"
"AA","36.840","6","36.870","2","326","36.76","f271177c-267b-41d6-af70-29db869d8cf8","2021-04-26 11:54:58.621"
"AA","36.850","3","36.860","1","326","36.76","c6bba998-b5b2-4175-b2a7-83f9b670f411","2021-04-26 11:54:58.621"
"AA","36.860","3","36.880","5","326","36.76","de65947f-eeeb-4c58-9f2c-0581b98c4ac3","2021-04-26 11:54:58.621"
"AA","36.850","2","36.880","4","326","36.76","728bf7cc-07a7-4306-a73b-17233ff2da3e","2021-04-26 11:54:58.621"
"AA","36.860","3","36.880","6","326","36.76","97688b1c-4eba-4407-98c1-c4be94a8427a","2021-04-26 11:54:58.621"
"AA","36.860","3","36.880","2","326","36.76","9448e84e-3a97-432c-b360-05adb25d3068","2021-04-26 11:54:58.621"
"AA","36.860","5","36.880","5","326","36.76","d2b109c6-8b3f-4432-9ee7-124fb46cf3f9","2021-04-26 11:54:58.621"
"AA","36.780","2","36.800","31","-326","36.80","dec34307-8812-48cf-bea4-d14bc3bce8d3","2021-04-26 11:55:55.667"
"AA","36.780","2","36.800","31","-326","36.80","aab5b151-98d5-4bab-a618-6a691987dfbb","2021-04-26 11:55:55.667"
"AA","36.780","2","36.800","31","-326","36.80","134eb33d-4db9-4934-ade0-13653ca6b7b4","2021-04-26 11:55:55.667"
"AA","36.780","2","36.800","31","-326","36.80","2e1766c6-3a5b-443b-a790-555d12fdb0b7","2021-04-26 11:55:55.667"
"AA","36.780","2","36.800","31","-326","36.80","126de4ac-90de-4ccc-be9f-1167a6a01771","2021-04-26 11:55:55.667"
"AA","36.790","4","36.800","25","-326","36.80","64196f56-f3ab-47da-8044-0dc5ca2d0b4e","2021-04-26 11:56:00.399"
"AA","36.790","4","36.800","25","-326","36.80","5993e9a6-f42c-4fda-b6ff-bce219fe8d7c","2021-04-26 11:56:00.399"
"AA","36.770","2","36.780","1","-326","36.78","18b9c0d2-c323-482d-a26b-dd268eb93137","2021-04-26 11:56:48.884"
"AA","36.810","2","36.820","1","-326","36.82","1145fba8-b079-4c34-b021-eec9df8cfbae","2021-04-26 11:57:40.575"
"AA","36.850","4","36.860","1","326","36.79","fc106c86-1fc1-4cce-b554-2143193b3bcb","2021-04-26 11:59:18.230"
"AA","36.850","4","36.870","24","326","36.79","a2ce1ffc-f497-49e3-b958-d9556ff4732f","2021-04-26 11:59:18.230"
"AA","36.820","3","36.840","2","-326","36.84","568be9a2-60b5-4fb8-9b18-431c46d36c21","2021-04-26 12:00:00.963"
"AA","36.870","4","36.880","1","-326","36.88","9232e8d8-7289-4b75-8596-79bc6bf06613","2021-04-26 12:00:11.972"
"AA","36.860","3","36.880","2","326","36.74","62de965d-d79e-4861-a30e-e992c45d39a4","2021-04-26 12:04:26.436"
"AA","36.850","2","36.870","3","326","36.74","5b3faf20-c6ed-4bea-936c-aa91fe853311","2021-04-26 12:04:26.436"
"AA","36.810","2","36.820","2","326","36.73","01885884-0e0a-4f59-a713-8baa5f170c94","2021-04-26 12:04:48.900"
"AA","36.810","3","36.830","3","326","36.73","ba35d156-9831-461b-bb42-33769189fccb","2021-04-26 12:04:48.900"
"AA","36.810","8","36.830","6","326","36.73","574c4cd0-0795-4631-bf99-b1b1755b18a2","2021-04-26 12:04:48.900"
"AA","36.800","2","36.820","3","326","36.73","c0269fc3-c890-4e30-bfab-ee1fb2253bbe","2021-04-26 12:04:48.900"
"AA","36.750","6","36.760","2","-326","36.76","67fd91ea-d5bd-432f-9076-abcae9b5a95b","2021-04-26 12:05:31.369"
"AA","36.750","6","36.760","2","-326","36.76","89aca4f5-dee0-4d12-b62f-4c98847d23b7","2021-04-26 12:05:31.369"
"AA","36.750","6","36.760","2","-326","36.76","b9bbe3d7-c525-4f91-951e-01162ebcfbfc","2021-04-26 12:05:31.369"
"AA","36.750","4","36.770","2","-326","36.77","c0aed7e2-35c3-4060-a778-dcf8ae0c10b5","2021-04-26 12:05:53.290"
"AA","36.720","1","36.740","1","-326","36.74","84396c1a-9406-4034-8d2f-a65ddceafbe6","2021-04-26 12:06:01.793"
"AA","36.710","3","36.750","4","-326","36.75","3efea13a-a383-422a-822a-f9b30198265f","2021-04-26 12:06:14.712"
"AA","36.880","2","36.890","3","326","36.79","62a0706e-c38c-4416-9498-892c8f8097c1","2021-04-26 12:21:14.028"
"AA","36.870","4","36.900","3","326","36.79","3b417fe0-963a-475a-a220-eb21327f53a2","2021-04-26 12:21:14.028"
"AA","36.830","3","36.850","4","-326","36.85","56f6665c-a170-45f5-bc73-e5f17b19f3bc","2021-04-26 12:24:49.554"
"AA","36.840","1","36.850","3","-326","36.85","44811f14-1f99-4f79-b073-885cc9c1c8ca","2021-04-26 12:24:54.946"
"AA","36.810","1","36.830","6","326","36.76","67776630-08b1-4307-bfdb-54b4194a2179","2021-04-26 12:34:19.033"
"AA","36.800","7","36.810","5","-326","36.81","fd1b03d6-ddcb-4c2c-b226-b0ffa2a8a8fe","2021-04-26 12:42:10.975"
"AA","36.900","4","36.920","4","326","36.72","cc250646-3ef7-49a7-a336-3dcb8f41931e","2021-04-26 12:45:13.005"
"AA","36.860","2","36.880","1","326","36.72","1fd5026f-7e61-4727-b7d4-ab9a1405d238","2021-04-26 12:45:13.005"
"AA","36.760","3","36.790","4","-326","36.79","f6c1a067-07b8-4cd7-b65e-c05386886ad2","2021-04-26 12:45:42.728"
"AA","36.770","2","36.790","3","-326","36.79","c6ce693d-3a86-4e20-8913-1901d7b46a70","2021-04-26 12:46:10.211"
"AA","36.860","4","36.880","5","327","36.65","46482411-40b3-4a68-8058-a6e5fdc92e28","2021-04-26 12:57:05.896"
"AA","36.860","2","36.870","2","327","36.65","884a7f17-b2dc-4448-88d8-02d38a1c6be3","2021-04-26 12:57:05.896"
"AA","36.860","3","36.870","1","327","36.65","d9bf00c7-6602-440c-a17f-79926bbfca4c","2021-04-26 12:57:05.896"
"AA","36.870","7","36.880","3","327","36.65","cc9d4896-a7b6-4dc9-8cfa-596ddd24a0c7","2021-04-26 12:57:05.896"
"AA","36.890","9","36.910","5","327","36.65","fba4d336-c308-4d16-bd45-8cff4a698d3a","2021-04-26 12:57:05.896"
"AA","36.900","4","36.910","1","327","36.65","52277c8d-c47f-4b24-92a4-fc67fd686ea6","2021-04-26 12:57:05.896"
"AA","36.890","3","36.900","1","327","36.65","48ca4837-4e95-43ca-b74e-844b95f6869e","2021-04-26 12:57:05.896"
"AA","36.890","1","36.910","2","327","36.65","25ffa73f-1fa6-4563-a12a-e8b8f8bae6bc","2021-04-26 12:57:05.896"
"AA","36.890","2","36.910","1","327","36.65","4d8826ba-af45-47a6-8753-adb33026f621","2021-04-26 12:57:05.896"
"AA","36.900","4","36.910","1","327","36.65","0665ae27-96b1-4ac8-af3d-d8f78a25b437","2021-04-26 12:57:05.896"
"AA","36.910","3","36.920","3","327","36.65","c803f773-755e-43bd-af21-33fafbc7a8bb","2021-04-26 12:57:05.896"
"AA","36.910","4","36.920","3","327","36.65","bf8cb086-9ea8-4695-8d65-e47ad5d86005","2021-04-26 12:57:05.896"
"AA","36.910","3","36.920","3","327","36.65","81d0b00e-7100-4043-9792-eddf09d72166","2021-04-26 12:57:05.896"
"AA","36.900","2","36.910","3","327","36.65","31be8998-e31c-437d-b945-ffb8cbd2b9fb","2021-04-26 12:57:05.896"
"AA","36.630","5","36.640","6","-327","36.64","31452553-e1f5-4630-ae13-60c8c56c329a","2021-04-26 12:57:42.763"
"AA","36.630","5","36.640","6","-327","36.64","c1755235-c316-4613-86af-36736a10a07a","2021-04-26 12:57:42.763"
"AA","36.630","9","36.640","3","-327","36.64","a9f47a23-e926-4279-9651-0d77e69678a3","2021-04-26 12:58:04.419"
"AA","36.630","9","36.640","3","-327","36.64","8b27fdbf-f197-41ac-9830-7861c9c86ee4","2021-04-26 12:58:04.419"
"AA","36.630","9","36.640","3","-327","36.64","d36541dd-15c4-458d-aced-2dc183b529be","2021-04-26 12:58:04.419"
"AA","36.630","9","36.640","3","-327","36.64","34ac022b-ef4b-4f5f-b9a7-fb3475811756","2021-04-26 12:58:04.419"
"AA","36.630","9","36.640","3","-327","36.64","d4e65185-a22c-4bab-83ad-163e6f2301a0","2021-04-26 12:58:04.419"
"AA","36.630","9","36.640","3","-327","36.64","9143845c-e9f4-4393-9701-b78c6211e769","2021-04-26 12:58:04.419"
"AA","36.640","7","36.650","3","-327","36.65","ac1540ed-19bb-44f9-9eac-74d65a59f75d","2021-04-26 12:58:04.419"
"AA","36.650","8","36.670","4","-327","36.67","573c6773-0b41-4e31-be48-579e4375454e","2021-04-26 12:58:11.155"
"AA","36.650","8","36.670","4","-327","36.67","07f07bf3-5570-4e24-8b12-ede026827f50","2021-04-26 12:58:11.155"
"AA","36.650","8","36.670","4","-327","36.67","4170dd13-cfa5-4278-b67b-f069330a5f2b","2021-04-26 12:58:11.155"
"AA","36.670","5","36.680","3","-327","36.68","9ef25dcb-6cdd-49aa-ba22-28cd798e864f","2021-04-26 12:58:27.162"
"AA","36.680","4","36.690","1","-327","36.70","8a90d900-dbea-452b-94a7-e87453854ae4","2021-04-26 12:58:36.426"
"AA","36.780","1","36.790","17","326","36.72","c6046a28-3840-4680-8328-0914f9c8dc1a","2021-04-26 13:09:22.595"
"AA","36.760","3","36.770","3","326","36.72","d84ef0ef-74ac-4e38-ac3b-baf37877e5f6","2021-04-26 13:09:22.595"
"AA","36.760","3","36.770","3","326","36.72","714d1aee-9934-4acb-b78e-0f11c33b327c","2021-04-26 13:09:22.595"
"AA","36.770","1","36.780","4","326","36.72","0340ecc6-d7e6-4b4f-a707-e12035ca9d7b","2021-04-26 13:09:22.595"
"AA","36.770","5","36.780","4","326","36.72","17327ea2-0939-4f17-92ac-17c5c334d828","2021-04-26 13:09:22.595"
"AA","36.770","2","36.780","4","326","36.72","f3c79db8-a0f9-4460-a2d9-83d44341b2c0","2021-04-26 13:09:22.595"
"AA","36.780","2","36.790","3","326","36.72","c297e6fa-68d5-40cf-af86-8bfc3e70b62c","2021-04-26 13:09:22.595"
"AA","36.770","3","36.780","2","326","36.72","36ac4506-539e-48fa-84f5-6bb135caf074","2021-04-26 13:09:22.595"
"AA","36.780","3","36.790","4","326","36.72","3576837a-4bee-42fb-94da-c032378edbff","2021-04-26 13:09:22.595"
"AA","36.680","5","36.690","5","-326","36.69","92116b94-830c-4673-8975-672dc6da2c37","2021-04-26 13:10:30.245"
"AA","36.680","5","36.690","5","-326","36.69","3c56b891-c884-4755-a4b7-5208c6bf5725","2021-04-26 13:10:30.245"
"AA","36.680","5","36.690","5","-326","36.69","cacb9b80-9efd-49ed-97a2-11c29419eb69","2021-04-26 13:10:30.245"
"AA","36.680","5","36.690","5","-326","36.69","924b704e-0012-43f4-82af-6d9a01590bce","2021-04-26 13:10:30.245"
"AA","36.680","5","36.690","5","-326","36.69","46e1429d-c1a9-49bf-b713-fe1b5117e0e4","2021-04-26 13:10:30.245"
"AA","36.710","3","36.730","3","-326","36.73","8dbf5006-5170-4f4f-982c-8776d534013e","2021-04-26 13:10:40.628"
"AA","36.710","3","36.730","3","-326","36.73","6d417f13-943a-4171-abda-fdf7210fea00","2021-04-26 13:10:40.628"
"AA","36.730","5","36.740","3","-326","36.74","5dc58a8d-93ef-432b-aaab-9cb369544b8c","2021-04-26 13:11:18.117"
"AA","36.730","5","36.740","3","-326","36.74","96476e34-e324-48cf-bfc6-c9a59872a57e","2021-04-26 13:11:18.117"
"AA","36.790","2","36.810","2","326","36.72","f6ce4a3c-40cf-46b9-a57a-330b1e4edd9f","2021-04-26 13:22:50.803"
"AA","36.790","2","36.810","1","326","36.72","5cb22835-7d3c-4925-aaad-368bd2862e3c","2021-04-26 13:22:50.803"
"AA","36.770","2","36.790","4","326","36.72","225f7aac-a6e3-4f14-8c4d-458fb731e13a","2021-04-26 13:22:50.803"
"AA","36.840","9","36.850","2","326","36.70","ebb62d22-3f9c-4cff-8e49-424f69ebc1a8","2021-04-26 13:23:03.627"
"AA","36.840","3","36.850","3","326","36.70","8245b57d-1581-4fcd-92a9-281368053866","2021-04-26 13:23:03.627"
"AA","36.840","3","36.860","2","326","36.70","41c6f20f-533c-4f8f-b090-3f2c55832639","2021-04-26 13:23:03.627"
"AA","36.840","1","36.860","4","326","36.70","0905ee44-e7ec-484d-b1cb-68ed12f5a963","2021-04-26 13:23:03.627"
"AA","36.820","4","36.830","4","326","36.70","2a342225-1843-4afb-9e0e-bf2d12f8e5d1","2021-04-26 13:23:03.627"
"AA","36.850","2","36.860","3","327","36.69","94c749c7-e9c4-4010-a3ad-ab52887859be","2021-04-26 13:23:09.623"
"AA","36.840","4","36.850","1","327","36.69","c8ad24ca-7c25-47de-a153-649ae797bf21","2021-04-26 13:23:09.623"
"AA","36.660","2","36.670","10","-326","36.67","8ef3828c-cdd7-42fd-b0f9-437b971e7fef","2021-04-26 13:24:00.718"
"AA","36.760","6","36.780","2","327","36.63","b4ce84d0-9a43-4c5b-89b5-752ee85e5a6b","2021-04-26 13:24:13.515"
"AA","36.620","4","36.630","5","-326","36.63","51867525-5b74-4d40-95e3-e0002f8c7152","2021-04-26 13:26:08.210"
"AA","36.620","4","36.630","4","-326","36.63","ae214b4b-a97e-4d8d-acf5-885bf1e15b12","2021-04-26 13:26:08.210"
"AA","36.610","3","36.620","4","-326","36.62","9d53b97c-5bd1-44e4-ab18-7a754b710d80","2021-04-26 13:26:37.692"
"AA","36.610","3","36.620","4","-326","36.62","cfbc17fc-d3d3-4392-b6bd-ffd6cedd8c4c","2021-04-26 13:26:37.692"
"AA","36.620","1","36.630","4","-326","36.63","f0d74034-646c-4b73-bfcc-c7fe0b8cd73f","2021-04-26 13:26:48.156"
"AA","36.620","1","36.630","4","-326","36.63","5e3827f7-4e8f-42ac-b7e7-4d631a944fdc","2021-04-26 13:26:48.156"
"AA","36.620","1","36.630","4","-327","36.63","7cee0a81-4d8c-487b-8a71-b6bb7cbb9810","2021-04-26 13:26:48.156"
"AA","36.620","1","36.630","4","-327","36.63","4f267351-daba-4131-a4e2-fb27388e2687","2021-04-26 13:26:48.156"
"AA","36.620","3","36.630","2","-327","36.63","3901bf91-ee0c-4d9c-88fe-3701a161b67d","2021-04-26 13:26:48.156"
"AA","36.640","7","36.660","6","-326","36.66","096d7e42-d0c7-47eb-a210-5c2da2060907","2021-04-26 13:26:56.512"
"AA","36.550","6","36.570","4","327","36.57","b42d19ea-63ea-493e-b9cf-857ef9cbbc48","2021-04-26 13:44:50.006"
"AA","36.570","5","36.590","3","-327","36.59","383c2bdc-5d27-4943-b1f8-7cb3176b6cc3","2021-04-26 13:49:34.189"
"AA","36.620","3","36.630","4","328","36.56","19509e2e-6291-4717-8759-37c406992338","2021-04-26 13:55:02.540"
"AA","36.610","5","36.630","7","328","36.56","e978f6da-1873-4191-88a0-f3399d45f449","2021-04-26 13:55:02.540"
"AA","36.590","1","36.610","5","328","36.56","61111d5a-b695-4cee-ba0b-69ffe5261212","2021-04-26 13:55:02.540"
"AA","36.590","1","36.600","5","328","36.55","cc244e8d-88f9-4fea-b54d-fd5d61df1161","2021-04-26 13:55:03.515"
"AA","36.570","3","36.580","4","-328","36.58","284e3dbf-d4b7-4ec6-8b3a-132411f4da58","2021-04-26 13:56:01.670"
"AA","36.570","3","36.580","4","-328","36.58","725e98e6-c7d6-4c6e-88da-e8f1bff84f57","2021-04-26 13:56:01.670"
"AA","36.560","4","36.570","8","-328","36.57","59c5c6ca-b4f7-46a9-9476-53ebd3defc3e","2021-04-26 13:56:27.791"
"AA","36.570","4","36.580","4","-328","36.58","4dc9f7da-61fd-4d26-90a9-07f7e04c4db7","2021-04-26 13:56:38.408"
"AA","36.600","3","36.610","4","328","36.57","dcd2908c-05c6-4c00-a9e8-7abfd3823001","2021-04-26 14:08:12.546"
"AA","36.590","2","36.600","5","328","36.56","208a066d-cd07-4229-9696-2275d06a8ca1","2021-04-26 14:08:13.094"
"AA","36.650","6","36.660","5","328","36.53","71a715a1-253a-4ec3-9c09-f65b6160632e","2021-04-26 14:13:03.475"
"AA","36.660","5","36.670","8","328","36.53","3fcfc94e-237d-4dec-82db-555906519fd0","2021-04-26 14:13:03.475"
"AA","36.630","2","36.640","5","328","36.53","9d23946d-fab6-4fbc-96ee-c9cd55b88905","2021-04-26 14:13:03.475"
"AA","36.600","1","36.620","5","328","36.53","ae4ceb66-ca1a-49d2-8dbb-b0f209293643","2021-04-26 14:13:03.475"
"AA","36.600","2","36.610","5","328","36.53","9b6ebe29-1361-4664-9159-e0fc4bf12937","2021-04-26 14:13:03.475"
"AA","36.590","3","36.600","4","328","36.53","88de95c3-fc21-4e0b-8232-d30fedb3d32e","2021-04-26 14:13:03.475"
"AA","36.650","5","36.660","9","328","36.52","73682310-06c4-42c7-90c5-c2fcc9f46982","2021-04-26 14:13:08.632"
"AA","36.650","5","36.660","4","328","36.52","9a7d5b88-cd0d-49e1-a10c-564cdde5df5c","2021-04-26 14:13:08.632"
"AA","36.650","5","36.660","4","328","36.52","a48309c9-1952-470f-b8b8-ee6e3c943260","2021-04-26 14:13:08.632"
"AA","36.650","5","36.660","4","328","36.52","b5c1d924-b481-49ca-8c4f-54a7fea26a5b","2021-04-26 14:13:08.632"
"AA","36.650","5","36.660","5","328","36.52","afa36b50-b020-4bea-acc3-ec9a8b2a312c","2021-04-26 14:13:08.632"
"AA","36.500","8","36.510","8","-328","36.51","d7c954d6-d5fa-4b05-8591-ea5d893b171a","2021-04-26 14:14:22.372"
"AA","36.500","8","36.510","8","-328","36.51","e63ccf77-9c0a-4837-8d39-e45f76869e16","2021-04-26 14:14:22.372"
"AA","36.500","8","36.510","8","-328","36.51","43fd7153-a825-4cc8-be92-8b073b40ee8f","2021-04-26 14:14:22.372"
"AA","36.480","3","36.490","2","-328","36.49","7fa44e1c-5908-46b0-b0d1-29c1bfa6a058","2021-04-26 14:14:42.706"
"AA","36.490","3","36.500","5","-328","36.50","d35a6e05-3778-4f84-b276-34f3c02d124f","2021-04-26 14:16:13.147"
"AA","36.490","3","36.500","5","-328","36.50","e5765161-150e-4431-a5c6-38cb0dbc02f1","2021-04-26 14:16:13.147"
"AA","36.490","3","36.500","5","-328","36.50","ff379c2d-aff3-4424-a7a6-94d03e715618","2021-04-26 14:16:13.147"
"AA","36.490","3","36.500","5","-328","36.50","966ed22e-7bab-4c1d-9fb5-22a37e364abc","2021-04-26 14:16:13.147"
"AA","36.490","3","36.500","5","-328","36.50","6ab74101-6a03-4fb8-af9c-ffea00a7eec9","2021-04-26 14:16:13.147"
"AA","36.480","36","36.500","5","-328","36.50","d7eb3a04-491d-4608-9a17-b9b200e60032","2021-04-26 14:16:40.583"
"AA","36.480","36","36.500","5","-328","36.50","075913df-c4b5-4261-88db-893d81c18190","2021-04-26 14:16:40.583"
"AA","36.490","1","36.500","5","-328","36.50","816258c0-4953-46f2-80dc-a422619743d5","2021-04-26 14:16:40.583"
"AA","36.490","2","36.500","5","-328","36.50","191218c5-d868-4184-84ce-3653fdbe290b","2021-04-26 14:16:40.583"
"AA","36.510","7","36.520","4","328","36.52","dc4ac543-3a90-4aa5-b190-e74b1f46c5c9","2021-04-26 14:28:20.006"
"AA","36.540","2","36.550","5","-328","36.55","6d170433-141e-471c-82c1-a37884f7e873","2021-04-26 14:31:02.462"
"AA","36.550","3","36.560","2","328","36.48","2a8f0bad-8efa-493c-b020-6dd8cd1375ea","2021-04-26 14:45:45.149"
"AA","36.500","7","36.510","4","328","36.48","15a9c5c7-ebb6-4c2e-828a-0217c903156b","2021-04-26 14:45:45.149"
"AA","36.470","5","36.480","1","-328","36.48","1fb8e51d-cb27-4f09-b197-0b22eb5bfe0b","2021-04-26 14:47:25.213"
"AA","36.450","3","36.470","2","-328","36.47","33255c3e-0cc5-49f8-8b63-abb21c54ee90","2021-04-26 14:47:30.673"
"AA","36.490","2","36.500","3","328","36.49","e8a4d712-b243-4991-b60b-68248e423f84","2021-04-26 14:49:41.354"
"AA","36.490","3","36.500","4","328","36.49","24880e9f-2b05-4ee1-9578-38c95a08a39e","2021-04-26 14:49:41.354"
"AA","36.500","2","36.510","4","-328","36.51","80f54585-98c4-4f1f-99ac-98aef200238a","2021-04-26 14:52:42.278"
"AA","36.500","14","36.510","2","-328","36.51","91ddf877-81f8-43fc-9670-4440916dd863","2021-04-26 14:52:50.601"
"AA","36.700","1","36.710","6","327","36.66","5e1eeccd-c2a4-4c65-8c10-239166ed7a5e","2021-04-26 15:29:28.892"
"AA","36.700","1","36.710","6","327","36.66","32352db3-a421-42ab-887d-4b2c9fb8e742","2021-04-26 15:29:28.892"
"AA","36.700","2","36.710","8","327","36.66","8745bc4e-f65f-4b93-9549-e99ab6eeb72b","2021-04-26 15:29:28.892"
"AA","36.670","7","36.680","2","327","36.62","bbeecbd7-e3a5-4a5f-9d5f-b9b59217e720","2021-04-26 15:29:33.325"
"AA","36.680","4","36.690","3","327","36.62","370176e9-bd3a-44ce-b012-2520aea38ca3","2021-04-26 15:29:33.325"
"AA","36.680","4","36.690","5","327","36.62","120de8e3-087e-4b35-b1a3-273ab7b5e3dd","2021-04-26 15:29:33.325"
"AA","36.680","5","36.690","6","327","36.62","715b4b9c-f086-440a-b869-97d85cf49e54","2021-04-26 15:29:33.325"
"AA","36.690","3","36.700","7","327","36.57","e9e0c2da-855e-40d0-bc72-16c729543352","2021-04-26 15:29:35.612"
"AA","36.680","10","36.690","3","328","36.50","3758c128-7081-4286-9b6e-1a025169a784","2021-04-26 15:29:47.405"
"AA","36.480","1","36.500","4","-327","36.50","4fe6edf2-a894-47aa-b7e0-9c58278b54a7","2021-04-26 15:29:50.501"
"AA","36.480","1","36.500","4","-327","36.50","3eed4390-61af-4eef-8afa-816cfbb46309","2021-04-26 15:29:50.501"
"AA","36.480","1","36.500","4","-327","36.50","95c32426-304f-4c33-b585-7b025334ba7c","2021-04-26 15:29:50.501"
"AA","36.480","1","36.500","4","-327","36.50","d5db4980-e4cf-4a95-ab03-ba319af1d3f3","2021-04-26 15:29:50.501"
"AA","36.700","5","36.710","6","-1,636","36.70","5722b1fb-7e7b-4af4-ae5b-afac76455b59","2021-04-26 15:48:00.006"
"AG","16.080","16","16.100","6","746","16.08","cf4b6ce5-bf7f-407f-8df0-080d1ded879f","2021-04-26 10:32:04.639"
"AG","16.090","2","16.100","8","746","16.08","5e74ca51-98f4-4516-bbf7-513a7755f4b8","2021-04-26 10:32:04.639"
"AG","16.100","3","16.110","10","746","16.08","fdfc3ed3-cb29-4c60-93cb-fce9489ddca6","2021-04-26 10:32:04.639"
"AG","16.110","4","16.120","11","746","16.08","fa27ca0f-7f86-4234-b3e0-dbb010b545b4","2021-04-26 10:32:04.639"
"AG","16.110","17","16.120","11","746","16.08","5557f96f-a26d-4fdb-82bd-adee3e24f94c","2021-04-26 10:32:04.639"
"AG","16.110","12","16.120","3","746","16.08","b554ac32-555b-4e96-9891-a5f0bc496b7a","2021-04-26 10:32:04.639"
"AG","16.110","3","16.120","7","746","16.08","2776c8d0-79d0-4d21-b3ed-00a4680c2725","2021-04-26 10:32:04.639"
"AG","16.110","1","16.120","7","746","16.08","b85e3697-1eab-4e79-bfce-c31a0ec44327","2021-04-26 10:32:04.639"
"AG","16.110","1","16.120","7","746","16.08","0ac241e5-a871-47e3-965d-80ef697f39e3","2021-04-26 10:32:04.639"
"AG","16.090","18","16.100","1","746","16.07","8c1c31c6-3b0b-41a4-b311-6a10fd59b8a8","2021-04-26 10:32:12.137"
"AG","16.100","6","16.110","3","746","16.07","9f291260-9258-400d-b84b-adf2ff00cec7","2021-04-26 10:32:12.137"
"AG","16.050","12","16.060","8","-746","16.06","1ebe91f3-a0d5-440f-a6a4-1cd8f4fec966","2021-04-26 10:33:36.112"
"AG","16.050","12","16.060","8","-746","16.06","c8eed3b7-0f58-45a3-8fab-c49434b3ef65","2021-04-26 10:33:36.112"
"AG","16.050","12","16.060","8","-746","16.06","ba319711-320d-4830-b436-e3f9da56596e","2021-04-26 10:33:36.112"
"AG","16.050","14","16.060","5","-746","16.06","5d8e37e9-190e-4374-8538-fdd0b178ee37","2021-04-26 10:33:36.112"
"AG","16.050","12","16.060","9","-746","16.06","2c19fb8a-db92-42c1-ad89-9792d29f2ef2","2021-04-26 10:33:36.112"
"AG","16.080","19","16.100","20","748","16.04","a6f90464-33cc-4d83-b584-ace0ec3b4f92","2021-04-26 10:34:05.017"
"AG","16.080","18","16.090","3","748","16.04","1982a983-8982-425f-b604-a42129ddfc4b","2021-04-26 10:34:05.017"
"AG","16.080","9","16.090","9","748","16.04","9f325a0e-2d61-4c61-ab60-ab433cfe38d1","2021-04-26 10:34:05.017"
"AG","16.080","1","16.090","16","748","16.04","8a667329-e47a-4b0d-a674-9f8a0866037e","2021-04-26 10:34:05.017"
"AG","16.060","25","16.070","8","-746","16.07","782f6819-56fa-4e12-9834-56a4eada9b69","2021-04-26 10:34:27.634"
"AG","16.060","25","16.070","8","-746","16.07","c50eba97-ec4f-4af7-b679-277c4930e42b","2021-04-26 10:34:27.634"
"AG","16.060","25","16.070","8","-746","16.07","7c5be984-2aec-4ac1-973c-aca18f080684","2021-04-26 10:34:27.634"
"AG","16.060","25","16.070","8","-746","16.07","b8be62da-f598-4ba5-a1a3-f408680a12f8","2021-04-26 10:34:27.634"
"AG","16.060","25","16.070","8","-746","16.07","f0e78f72-4512-4007-ae21-318b3365589a","2021-04-26 10:34:27.634"
"AG","16.060","25","16.070","8","-746","16.07","601434e5-94c8-464b-90a2-aacb6ee2ba8f","2021-04-26 10:34:27.634"
"AG","16.050","8","16.060","4","-748","16.06","3276e058-4779-4dc7-a71d-c09f0128b995","2021-04-26 10:34:40.696"
"AG","16.050","8","16.060","4","-748","16.06","add2b246-3bea-40cd-a6b3-60ca80923f15","2021-04-26 10:34:40.696"
"AG","16.030","32","16.040","16","-748","16.04","ca12931e-bd7e-4e62-b67a-5f68fd83ded1","2021-04-26 10:36:13.026"
"AG","16.030","34","16.040","2","-748","16.04","addc38f3-fb96-4941-ada2-70bc0cfbde55","2021-04-26 10:36:45.014"
"AG","16.080","11","16.090","2","749","16.01","3fb486e6-6ae1-439e-be64-47b2cd4de4fc","2021-04-26 10:49:54.506"
"AG","16.090","2","16.100","13","749","16.01","964bba11-b4ca-4b47-8d95-8ee0342a4ef3","2021-04-26 10:49:54.506"
"AG","16.110","8","16.120","7","749","16.01","56cfac71-9714-4ba7-b6f5-cd45bb237a86","2021-04-26 10:49:54.506"
"AG","16.110","15","16.120","3","749","16.01","af2baaed-b02d-496e-aa28-a2466f87e9e3","2021-04-26 10:49:54.506"
"AG","16.100","1","16.110","8","749","16.01","0f26e715-b1a7-46cb-9376-67c3889b0037","2021-04-26 10:49:54.506"
"AG","16.100","1","16.110","8","749","16.01","3f94a6ad-ea8a-4336-9d06-0563de547048","2021-04-26 10:49:54.506"
"AG","16.100","1","16.110","8","749","16.01","b8ef2dd6-1d34-4a80-afeb-0bf1e369830d","2021-04-26 10:49:54.506"
"AG","16.030","25","16.040","13","-749","16.04","613622b0-9a30-4831-8f5d-b9caa217e03c","2021-04-26 10:50:20.971"
"AG","16.030","25","16.040","13","-749","16.04","5dff4986-20f9-4403-add5-4e4ddf1aa2a9","2021-04-26 10:50:20.971"
"AG","16.030","25","16.040","13","-749","16.04","4fcb6890-277d-40fc-bbb4-a8a76b030d0b","2021-04-26 10:50:20.971"
"AG","16.030","25","16.040","13","-749","16.04","8e829e7e-5772-4988-a0c1-cba931dd5c21","2021-04-26 10:50:20.971"
"AG","16.040","7","16.050","11","-749","16.05","eae1340a-4881-4151-a6a0-d38b960abbba","2021-04-26 10:50:54.611"
"AG","16.040","10","16.050","16","-749","16.05","e840284c-439d-4276-b5a1-f0d65b97c922","2021-04-26 10:51:25.031"
"AG","16.030","25","16.040","13","-749","16.04","589b0a84-23ea-4372-9de1-ff01d8a8cf49","2021-04-26 10:51:58.799"
"AG","16.050","19","16.060","1","748","16.04","b6b9af3c-cf50-4197-8adf-4a7d86558a05","2021-04-26 10:57:33.283"
"AG","16.050","17","16.060","10","748","16.04","507ace39-d5cd-4772-9b12-3cdf27f6c5da","2021-04-26 10:57:33.283"
"AG","16.050","15","16.060","11","748","16.04","a97a9a2b-7141-48a1-a77c-fe4571ac3cd6","2021-04-26 10:57:33.283"
"AG","16.040","25","16.050","1","-748","16.05","6c165464-7abb-482f-8630-0e81145343c7","2021-04-26 10:57:50.233"
"AG","16.040","25","16.050","1","-748","16.05","82478045-efe1-4dcf-98e7-e7d388c5e8d7","2021-04-26 10:57:50.233"
"AG","16.040","20","16.050","6","-748","16.05","68e0988f-99c6-49dc-b870-c5f596c621fe","2021-04-26 10:58:08.103"
"AG","16.060","18","16.070","44","748","16.03","cfaf18a1-4051-4726-b5fb-d9180b906c0e","2021-04-26 10:58:34.818"
"AG","16.020","9","16.030","12","-748","16.03","cdcd1891-a0e9-487a-ac1c-7042753e30c0","2021-04-26 10:59:10.740"
"AG","15.990","38","16.000","3","751","15.97","729697ab-e0d6-47f1-8917-d070f549cfdf","2021-04-26 11:56:04.855"
"AG","15.990","34","16.000","2","751","15.97","c04e3bbf-db4e-448a-a29e-9d64e856819d","2021-04-26 11:56:04.855"
"AG","15.990","34","16.000","2","751","15.97","a0697f32-b3b6-4823-b012-bfe9f761cdb0","2021-04-26 11:56:04.855"
"AG","15.990","34","16.000","2","751","15.97","3902b85c-ef28-4ac4-a6f3-9429930a6d2a","2021-04-26 11:56:04.855"
"AG","15.990","1","16.000","15","-751","16.00","a6ce1e73-ead8-4687-9170-cfa8b42652a6","2021-04-26 11:56:45.680"
"AG","16.000","9","16.010","5","-751","16.01","db158cc8-92af-4902-8157-687042c3442f","2021-04-26 11:57:04.841"
"AG","16.010","2","16.020","17","-751","16.02","f9f160b2-c59f-4b32-9a49-5c6a835c6f0f","2021-04-26 11:57:13.036"
"AG","16.000","6","16.010","9","-751","16.01","44b3d537-0857-4407-a00e-b9adaf7a93e1","2021-04-26 11:58:07.451"
"AG","16.000","20","16.010","14","751","15.98","ce8f1f71-e427-4cf5-9fd8-9409a7e3b074","2021-04-26 12:01:24.414"
"AG","16.000","15","16.010","5","751","15.98","b1906b68-0696-4d5b-8da9-38084a1a4408","2021-04-26 12:01:24.414"
"AG","16.000","15","16.010","5","751","15.98","19a98964-37fd-4b8e-bf09-e895e9da41c8","2021-04-26 12:01:24.414"
"AG","16.000","17","16.010","6","751","15.98","b1466687-93d8-4e72-8d8e-9c65eb603477","2021-04-26 12:01:24.414"
"AG","15.990","26","16.000","8","751","15.96","669196d0-4b62-457c-b39b-7191fa5a9c1e","2021-04-26 12:03:02.003"
"AG","15.960","15","15.970","27","-751","15.97","49dcf86c-2a02-4137-a327-859182c170ed","2021-04-26 12:03:21.324"
"AG","15.960","25","15.970","10","-751","15.97","dbbeb6e5-af12-4ba6-85b8-63f0a4533040","2021-04-26 12:03:21.324"
"AG","15.970","1","15.980","31","-751","15.98","9d6f20e8-62fc-4821-b2b8-5f0cf6f7e76b","2021-04-26 12:03:21.329"
"AG","15.970","1","15.980","31","-751","15.98","63a0bd85-c785-4ea8-b0a5-a31fbe5885d9","2021-04-26 12:03:21.329"
"AG","15.950","30","15.960","17","-751","15.96","eec45484-ed3b-44ba-8776-1ab961d85373","2021-04-26 12:05:52.635"
"AG","15.970","22","15.980","9","752","15.94","f32b6a23-7f07-470c-8352-c2e82198b34f","2021-04-26 12:06:46.725"
"AG","15.980","13","15.990","18","752","15.94","39dc480e-ef3c-40fa-be05-ec6f1da7519d","2021-04-26 12:06:46.725"
"AG","15.970","14","15.980","14","752","15.94","889e4a95-23f6-4ea5-9fd4-c0fcc67fb1dd","2021-04-26 12:06:46.725"
"AG","15.970","14","15.980","10","752","15.94","c7041a11-c80e-43c2-93f9-37e924b78053","2021-04-26 12:06:46.725"
"AG","16.020","3","16.030","21","752","15.94","17f16841-474b-46d3-8bfd-72e9769db854","2021-04-26 12:06:46.725"
"AG","16.010","19","16.020","2","752","15.94","5629ca0a-f316-4bb8-a467-cdb43bab0ad1","2021-04-26 12:06:46.725"
"AG","16.030","24","16.050","20","752","15.94","9c2649a4-d3f6-4f11-9142-c9fb2dd53353","2021-04-26 12:06:46.725"
"AG","16.040","14","16.050","13","752","15.94","9bf13224-bb99-406b-ab21-a9d613bc1ee0","2021-04-26 12:06:46.725"
"AG","16.040","11","16.050","12","752","15.94","01b1c5ab-2f9e-43db-98f9-16e77dc9db63","2021-04-26 12:06:46.725"
"AG","16.040","21","16.050","6","752","15.94","2dc19fe6-2f03-4aba-9c43-4e2c3c355d8d","2021-04-26 12:06:46.725"
"AG","16.030","20","16.040","9","752","15.94","5b8727fc-e480-481e-8ffe-b177f2a8fcb2","2021-04-26 12:06:46.725"
"AG","16.030","12","16.040","8","752","15.94","55107317-8fe3-4bfb-9a0b-237a2d50849f","2021-04-26 12:06:46.725"
"AG","16.040","8","16.050","6","752","15.94","877e998a-e64f-42d8-ae63-3e22b94b9770","2021-04-26 12:06:46.725"
"AG","16.030","6","16.040","27","752","15.94","7c1bae2d-ad3b-4c76-81a9-a5231b5247a3","2021-04-26 12:06:46.725"
"AG","16.020","21","16.030","20","752","15.94","86725c8e-3aa9-411a-bb24-3993f7d2e3f4","2021-04-26 12:06:46.725"
"AG","16.020","21","16.030","20","752","15.94","6b30b434-7acf-4426-bb44-2faa22589b93","2021-04-26 12:06:46.725"
"AG","15.950","5","15.960","22","-752","15.96","7259e7f3-17d8-4a4b-bb10-f900d8a0fb16","2021-04-26 12:07:13.052"
"AG","15.950","5","15.960","22","-752","15.96","6ea498ec-5420-4148-bfaf-a7c81e74d1d8","2021-04-26 12:07:13.052"
"AG","15.950","5","15.960","22","-752","15.96","f41b00ec-c622-4dfb-badb-d2a995ac860c","2021-04-26 12:07:13.052"
"AG","15.950","5","15.960","22","-752","15.96","7ab81ddf-682b-4f04-aa1b-d79b7feff67a","2021-04-26 12:07:13.052"
"AG","15.950","5","15.960","22","-752","15.96","9721a7d9-6240-41b1-a340-8b5d3fc88222","2021-04-26 12:07:13.052"
"AG","15.950","5","15.960","22","-752","15.96","06163dce-46ad-42c9-a421-a61c2d0ccc2f","2021-04-26 12:07:13.052"
"AG","15.950","5","15.960","22","-752","15.96","19a7aae9-5a1d-47f4-9828-83f172066321","2021-04-26 12:07:13.052"
"AG","15.950","5","15.960","22","-752","15.96","8679136d-9a55-43d1-811c-29dbf3077a41","2021-04-26 12:07:13.052"
"AG","15.950","18","15.960","4","-752","15.96","cfcc88d0-9c47-4899-807b-3f0ac646d616","2021-04-26 12:07:32.897"
"AG","15.950","18","15.960","4","-752","15.96","9ea4ef19-ddd5-4093-91d0-0ff311693d71","2021-04-26 12:07:32.897"
"AG","15.950","18","15.960","7","-752","15.96","950dcea5-00aa-4e35-9a90-d1253d1a9979","2021-04-26 12:07:50.417"
"AG","15.950","18","15.960","7","-752","15.96","701ba65b-f7bc-4231-8a9e-d62301730368","2021-04-26 12:07:50.417"
"AG","15.950","17","15.960","10","-752","15.96","92f94895-6fb9-4dbc-be75-d59e09613951","2021-04-26 12:08:30.076"
"AG","15.950","17","15.960","5","-752","15.96","b39352f7-5397-4b15-bc37-466ac74b3ce1","2021-04-26 12:09:17.823"
"AG","15.940","11","15.950","16","-752","15.95","8f4ed54b-1d27-42a8-adfd-545861def52b","2021-04-26 12:10:12.027"
"AG","15.950","1","15.960","25","-752","15.96","d94bf5a2-c2cd-4d43-aa72-af59baed61c6","2021-04-26 12:10:12.567"
"AG","15.970","18","15.980","15","750","15.98","9f5dc1c4-5dc8-4b8c-b450-b2a9b042ba0f","2021-04-26 12:16:30.006"
"AG","15.970","12","15.980","12","-750","15.98","77a1881c-57e9-4923-bb16-2793dd518bc0","2021-04-26 12:21:03.427"
"AG","16.010","2","16.010","4","751","15.96","a0590e11-de1b-4c6f-81e6-210873cb4dac","2021-04-26 12:42:47.547"
"AG","16.000","24","16.010","17","752","15.96","8b78bbb3-bd36-4147-a39a-c57f14b5a934","2021-04-26 12:42:47.547"
"AG","16.000","24","16.010","17","751","15.96","32050f84-7cf9-4cbc-9a8a-0100925e7484","2021-04-26 12:42:47.547"
"AG","15.980","10","15.990","6","751","15.96","d938c4bc-2b89-44bb-a703-32f26661e76f","2021-04-26 12:42:47.547"
"AG","15.980","7","15.990","11","752","15.96","99e73f5b-2d96-48f7-9c45-752c81720ed9","2021-04-26 12:42:47.547"
"AG","15.980","8","15.990","11","752","15.96","9d075170-1f3f-4e44-8049-74f8e0e5a0eb","2021-04-26 12:42:47.547"
"AG","15.950","22","15.960","5","-751","15.96","186bb0ca-324b-4810-9fb0-45b5b5517e29","2021-04-26 12:43:42.055"
"AG","15.950","22","15.960","5","-752","15.96","ed910fc6-e5e8-47f1-bde1-bbe7031a4460","2021-04-26 12:43:42.055"
"AG","15.950","22","15.960","5","-752","15.96","ffc6d890-8f11-4970-a207-8d13e7ee43c9","2021-04-26 12:43:42.055"
"AG","15.960","9","15.970","9","-751","15.97","99be7a79-8163-4b59-9d9b-f45f75b4b23f","2021-04-26 12:47:20.184"
"AG","15.960","9","15.970","9","-752","15.97","4e342b11-2b93-4727-8f16-95fd991ba8ec","2021-04-26 12:47:20.184"
"AG","15.960","9","15.970","9","-751","15.97","fbd6f220-02e3-4c63-b54b-e733c6fb7bfd","2021-04-26 12:47:20.184"
"AG","15.950","20","15.960","10","752","15.96","75c977b5-9220-4044-b982-4c622b483102","2021-04-26 12:49:10.006"
"AG","15.950","20","15.960","9","-752","15.96","59784bf4-ffa7-4686-af08-d0125c15237b","2021-04-26 12:53:07.707"
"AG","15.960","1","15.970","22","752","15.94","9d95535f-0fbe-4822-904a-efc952f1d160","2021-04-26 12:54:28.999"
"AG","15.990","12","16.000","13","752","15.94","029f704e-924e-4d91-bf0f-0dd6a3e4ad93","2021-04-26 12:54:28.999"
"AG","15.990","12","16.000","12","752","15.94","12dfe889-7e9b-414e-8008-a9aa5cf5e1f9","2021-04-26 12:54:28.999"
"AG","15.990","8","16.000","13","752","15.94","719c6054-42c4-4b98-877f-596bd0d723fe","2021-04-26 12:54:28.999"
"AG","15.980","25","15.990","17","752","15.94","31e830e9-14da-4126-a884-d3275b6e73fa","2021-04-26 12:54:28.999"
"AG","15.990","1","16.000","16","752","15.94","9e46d5db-a7f2-4657-8d1f-8e9fc8c815df","2021-04-26 12:54:28.999"
"AG","15.970","23","15.980","1","752","15.94","fd5df0d9-e360-40ca-a12e-1c6d6265ac02","2021-04-26 12:54:28.999"
"AG","15.980","5","15.990","12","752","15.94","c11d5147-48a6-4e88-a07d-538fff29403e","2021-04-26 12:54:28.999"
"AG","15.980","7","15.990","23","752","15.94","03d7960c-3954-4af5-b906-4d2a6bc0b411","2021-04-26 12:54:28.999"
"AG","15.970","16","15.980","5","752","15.94","55f2c8bd-0a93-4a4b-9956-73d39e8fd508","2021-04-26 12:54:28.999"
"AG","15.970","16","15.980","5","752","15.94","6b99c9a4-b746-40e0-9a51-7d6080f24736","2021-04-26 12:54:28.999"
"AG","15.980","2","15.990","17","752","15.94","b3310037-aef6-4a4e-8a60-efc0684d671e","2021-04-26 12:54:28.999"
"AG","15.980","4","15.990","22","752","15.94","f45bb2f2-a68f-4542-8fdd-ff31b43007f8","2021-04-26 12:54:28.999"
"AG","15.980","4","15.990","23","752","15.94","28ba983f-c622-44e7-9dac-d59bfdedb3c3","2021-04-26 12:54:28.999"
"AG","15.970","19","15.980","5","753","15.94","0ced2252-b1d0-40a0-b326-a3357a0a2898","2021-04-26 12:55:15.008"
"AG","15.970","10","15.980","11","752","15.94","74b01270-7453-4330-b2d1-899f91ee3f61","2021-04-26 12:55:15.008"
"AG","15.960","20","15.970","31","-752","15.97","6c8472a3-86dc-4044-afbb-3540a35faee9","2021-04-26 12:56:03.223"
"AG","15.960","20","15.970","31","-752","15.97","6880f6bf-b6c1-47c2-b84c-3c773be7497a","2021-04-26 12:56:03.223"
"AG","15.960","20","15.970","31","-752","15.97","c2742f7d-41e2-4ed4-8b15-7c890f2ec25d","2021-04-26 12:56:03.223"
"AG","15.960","20","15.970","31","-752","15.97","6b5247d4-3d71-4dbb-b57f-2800e1d1aca2","2021-04-26 12:56:03.223"
"AG","15.960","20","15.970","31","-752","15.97","616e7a76-be92-4fff-860e-e778f26ea902","2021-04-26 12:56:03.223"
"AG","15.960","20","15.970","31","-752","15.97","de6a6bea-28ac-4e49-b4ec-4433117fcbff","2021-04-26 12:56:03.223"
"AG","15.950","5","15.960","24","-752","15.96","a4382cc3-09e6-4b05-8e63-0d4447b82013","2021-04-26 12:56:21.372"
"AG","15.950","5","15.960","24","-752","15.96","a0814d11-9a33-4479-b34f-ce8363e1ffa4","2021-04-26 12:56:21.372"
"AG","15.950","5","15.960","24","-752","15.96","7fc60c27-4dd3-4ddb-81aa-5668051b77cc","2021-04-26 12:56:21.372"
"AG","15.940","28","15.950","9","-753","15.95","71a3a456-1389-413b-9e5a-dad8f55a643a","2021-04-26 12:56:50.232"
"AG","15.940","28","15.950","9","-752","15.95","f7332723-79d8-4da5-a7b5-d66382d3335a","2021-04-26 12:56:50.232"
"AG","15.940","28","15.950","9","-752","15.95","3b6e3237-0230-43a6-a604-9e7fdd9019a1","2021-04-26 12:56:50.232"
"AG","15.970","7","15.980","8","753","15.93","922a6024-4ff9-4eee-96c2-dadd95fb3d51","2021-04-26 12:57:42.466"
"AG","15.970","11","15.980","1","753","15.93","50ebc7c8-bf2b-40ea-ba12-df7539dc219d","2021-04-26 12:57:42.466"
"AG","15.970","10","15.980","1","753","15.93","9005a0dd-7e28-4752-a2d9-eff7da1c6052","2021-04-26 12:57:42.466"
"AG","15.970","12","15.980","1","753","15.93","b8611d79-3836-46b8-943f-270cfe02aafd","2021-04-26 12:57:42.466"
"AG","15.980","12","15.990","10","753","15.93","7825caac-0c53-4d0e-a73e-5cce6c59d394","2021-04-26 12:57:42.466"
"AG","15.970","17","15.980","4","753","15.93","df4a5d98-1256-4fa1-b1b3-1080af9b4d13","2021-04-26 12:57:42.466"
"AG","15.980","3","15.990","12","753","15.93","58d6bf22-0472-430d-bfde-9eb244518d9c","2021-04-26 12:57:42.466"
"AG","15.920","19","15.930","18","-753","15.93","e217f457-09bc-4116-bd14-8190114c43e4","2021-04-26 13:00:50.430"
"AG","15.920","13","15.930","10","-753","15.93","8ad179de-21b2-4fe8-9d07-ab628b3619e6","2021-04-26 13:01:21.224"
"AG","15.920","13","15.930","10","-753","15.93","bea47136-57b4-4c77-9656-7eadf4563157","2021-04-26 13:01:21.224"
"AG","15.920","13","15.930","10","-753","15.93","0d11f31b-2c2d-494f-98bd-1ef9ddfdbc8a","2021-04-26 13:01:21.224"
"AG","15.920","13","15.930","10","-752","15.93","fa2095e8-8848-49b7-a343-c72eca11cfe4","2021-04-26 13:01:21.224"
"AG","15.920","13","15.930","10","-752","15.93","69ddd914-ee08-4ead-a658-277ef072dfe8","2021-04-26 13:01:21.224"
"AG","15.920","9","15.930","17","-753","15.93","679899fd-4fbc-47db-b6c7-e4dd77fa03fc","2021-04-26 13:01:21.224"
"AG","15.920","9","15.930","17","-753","15.93","de5a9209-2f20-4c25-9284-2d0374a2644c","2021-04-26 13:01:21.224"
"AG","15.920","9","15.930","17","-752","15.93","4fc33e6e-e252-47ca-92d4-e55a3828130b","2021-04-26 13:01:21.224"
"AG","15.940","16","15.950","15","-752","15.95","533f48d5-afc3-4360-a88e-b7395ad79125","2021-04-26 13:01:32.436"
"AG","15.930","1","15.940","32","-753","15.94","e7fe873d-dc11-4e22-8caf-e2db18ab04e2","2021-04-26 13:03:47.644"
"AG","15.990","18","16.000","6","753","15.93","bdad2c37-95a1-477a-91b5-a0dfc282f85a","2021-04-26 13:38:18.558"
"AG","15.950","8","15.960","7","753","15.92","96986dd1-ee4b-4a66-8bd8-499b42a450e0","2021-04-26 13:39:37.368"
"AG","15.950","8","15.960","7","753","15.92","078ed0e5-60af-4fb1-b700-59371868eb8d","2021-04-26 13:39:37.368"
"AG","15.950","10","15.960","4","753","15.92","66b65989-b688-4cf9-93d6-b494b5b0843e","2021-04-26 13:39:37.368"
"AG","15.960","5","15.970","32","753","15.92","274bc79c-c6dd-4177-b3ea-bf46fa2b475e","2021-04-26 13:39:37.368"
"AG","15.960","22","15.970","29","753","15.92","0a081a1b-ff4a-4c1c-8465-d872250a8118","2021-04-26 13:39:37.368"
"AG","15.960","13","15.970","30","753","15.92","1ba6782b-bdda-48f3-9d10-2d2e50cf2058","2021-04-26 13:39:37.368"
"AG","15.960","11","15.970","29","753","15.92","15bbcb73-4657-49c3-b7a8-5ada90c423aa","2021-04-26 13:39:37.368"
"AG","15.960","1","15.970","31","753","15.92","ffb0f2f1-fa49-472a-a3d5-b206644166d6","2021-04-26 13:39:37.368"
"AG","15.960","3","15.970","31","754","15.92","5b8fd8a6-b899-49d2-919a-5d57ae5edb06","2021-04-26 13:39:37.368"
"AG","15.950","8","15.960","14","753","15.92","c2095153-1a4a-4469-b911-a7f685b0076c","2021-04-26 13:39:37.368"
"AG","15.960","4","15.970","29","753","15.92","9f2ddca6-0eb6-4463-be12-ccbb4ebd9033","2021-04-26 13:39:37.368"
"AG","15.960","24","15.970","7","753","15.92","d8ac6105-1fb9-4dc0-88ec-dcdab45aeaef","2021-04-26 13:39:37.368"
"AG","15.930","22","15.940","13","-753","15.94","ce6e9abc-b9ed-4c94-b07a-7db888a12b2f","2021-04-26 13:40:49.846"
"AG","15.930","22","15.940","13","-753","15.94","c0453fd5-08ca-4ecf-a44b-2f802fffedd7","2021-04-26 13:40:49.846"
"AG","15.930","22","15.940","13","-753","15.94","e5ecc7e3-d9fa-449b-9d8a-8ef739eaf3b3","2021-04-26 13:40:49.846"
"AG","15.930","22","15.940","13","-753","15.94","2866fd2b-3b36-4974-bf43-8b4c7886b954","2021-04-26 13:40:49.846"
"AG","15.930","22","15.940","13","-753","15.94","776a08e4-4476-409a-bedf-732279f0babe","2021-04-26 13:40:49.846"
"AG","15.930","39","15.940","11","-753","15.94","e74611bb-f9de-41d7-b24a-bc8fba67dc10","2021-04-26 13:41:18.721"
"AG","15.930","39","15.940","11","-753","15.94","9ffedf54-1fcb-43c4-b65b-4c132be03995","2021-04-26 13:41:18.721"
"AG","15.930","39","15.940","11","-753","15.94","77e242ff-3638-480d-a3c7-33090871901f","2021-04-26 13:41:18.721"
"AG","15.930","41","15.940","12","-753","15.94","b7996034-c53c-4310-8217-21f987218298","2021-04-26 13:41:34.498"
"AG","15.930","39","15.940","10","-753","15.94","3a4c7c5d-6078-4e2f-b030-0153b2b0c43e","2021-04-26 13:42:34.396"
"AG","15.920","16","15.930","36","-753","15.93","e8a4ec73-84b1-4aaf-a954-af8188204ea7","2021-04-26 13:43:37.191"
"AG","15.920","16","15.930","15","-753","15.93","d7cf2bb0-5a7a-4939-b499-fda6e469749c","2021-04-26 13:43:37.191"
"AG","15.920","19","15.930","8","-754","15.93","96164019-1ac1-4e85-8148-2d72cdd0f35a","2021-04-26 13:44:28.078"
"AG","16.000","8","16.010","13","754","15.91","4262fcf1-51c7-40f4-839e-d7c4531d9283","2021-04-26 13:47:41.076"
"AG","15.990","4","16.000","17","754","15.91","8b991dfd-6f70-4926-9c16-f4ef35359f17","2021-04-26 13:47:41.076"
"AG","15.990","7","16.000","6","754","15.91","03e41a41-a4ec-4735-a8cd-9b1b0409f4f1","2021-04-26 13:47:41.076"
"AG","16.000","7","16.010","14","754","15.91","0917f384-0187-42de-a471-64bad7a92a9d","2021-04-26 13:47:41.076"
"AG","15.990","13","16.000","26","754","15.91","da91861f-f94e-4472-85c0-3cfbbd3a486b","2021-04-26 13:47:41.076"
"AG","15.990","13","16.000","26","754","15.91","a1030cb4-c47e-451e-9eb2-30264d1308e8","2021-04-26 13:47:41.076"
"AG","15.990","3","16.000","19","754","15.91","be54092b-ecfe-40a9-a8a2-3e95faee232c","2021-04-26 13:47:41.076"
"AG","15.980","24","15.990","15","754","15.91","c1d0804b-3f24-49c3-a0c0-67eedcdeeb4b","2021-04-26 13:47:41.076"
"AG","15.980","24","15.990","15","754","15.91","31190b45-0fd6-438a-b1a8-6cf1f9ef1641","2021-04-26 13:47:41.076"
"AG","15.980","24","15.990","13","754","15.91","fc757184-abc2-4a7a-8f31-1f6ddd522824","2021-04-26 13:47:41.076"
"AG","15.980","24","15.990","22","754","15.91","cf24d5bb-002c-4e39-8e58-120b63c7d5af","2021-04-26 13:47:41.076"
"AG","15.920","9","15.930","26","-754","15.93","2ef623fb-7df8-4988-bcfd-218c497ea486","2021-04-26 13:48:39.777"
"AG","15.920","9","15.930","26","-754","15.93","d359cd51-52eb-4231-9070-c96f072e0f40","2021-04-26 13:48:39.777"
"AG","15.920","9","15.930","26","-754","15.93","884c6be1-3864-424e-a647-4d6d62a9d762","2021-04-26 13:48:39.777"
"AG","15.920","9","15.930","26","-754","15.93","d65b3c4a-f529-40d0-bd06-11dd5ad59d0b","2021-04-26 13:48:39.777"
"AG","15.920","9","15.930","26","-754","15.93","e2b8c340-dd44-4332-a845-d1acb46cb431","2021-04-26 13:48:39.777"
"AG","15.920","9","15.930","26","-754","15.93","de3496c8-3887-4351-955e-fbc00af4274e","2021-04-26 13:48:39.777"
"AG","15.910","43","15.920","3","-754","15.92","9fd62557-7d58-4c49-9f27-bd203910ae3d","2021-04-26 13:49:36.153"
"AG","15.910","43","15.920","3","-754","15.92","711c1b68-1c5d-49f8-b267-f7db6eb2ff0a","2021-04-26 13:49:36.153"
"AG","15.910","43","15.920","12","-754","15.92","35c7b674-1717-44c2-a5c3-5292b92e993b","2021-04-26 13:49:36.153"
"AG","15.920","14","15.930","12","-754","15.93","f150688b-bf2d-475a-913a-ab61db77d7e1","2021-04-26 13:50:29.317"
"AG","15.920","18","15.930","22","-754","15.93","ad52517c-7758-4c2c-a9c3-13ea823972a8","2021-04-26 13:51:55.926"
"AG","16.060","11","16.070","16","747","16.06","ef61c792-2d03-495a-927c-d3c3e9541423","2021-04-26 15:09:52.494"
"AG","16.060","12","16.070","15","747","16.06","3a64129f-4b30-491c-af76-c82e79171f00","2021-04-26 15:09:52.494"
"AG","16.060","14","16.070","15","747","16.06","0571fdd4-7c31-41e4-bb7f-56def0269183","2021-04-26 15:09:52.494"
"AG","16.060","14","16.070","18","747","16.06","38f0dadb-79ac-4b6b-ac76-037aab29a24d","2021-04-26 15:09:52.494"
"AG","16.060","14","16.070","21","-747","16.07","1d784123-7119-49c5-a757-83ee3761281d","2021-04-26 15:11:05.005"
"AG","16.060","14","16.070","21","-747","16.07","547b854f-55c1-4c43-b84d-635fcd848ff8","2021-04-26 15:11:05.005"
"AG","16.060","11","16.070","20","-747","16.07","4fe4e637-c164-41c6-90e3-60d29521e4c7","2021-04-26 15:11:05.005"
"AG","16.070","20","16.080","13","747","16.05","a6450159-a56d-4227-9d25-a19f3b398d92","2021-04-26 15:12:27.242"
"AG","16.080","4","16.090","63","748","16.04","cc831218-bf88-47fc-bc7a-357725baf7b0","2021-04-26 15:13:17.845"
"AG","16.080","8","16.090","60","748","16.04","1b307fd7-b860-4534-af43-53427ba0790d","2021-04-26 15:13:17.845"
"AG","16.080","8","16.090","58","748","16.04","406a4bb6-b4ca-4e14-924e-bdecbcceca3a","2021-04-26 15:13:17.845"
"AG","16.080","8","16.090","58","748","16.04","b35c111e-1c53-425a-bed1-fdd31c7aa09b","2021-04-26 15:13:17.845"
"AG","16.080","19","16.090","23","748","16.04","032113f8-5221-41bc-bf55-81307b413af7","2021-04-26 15:13:17.845"
"AG","16.080","20","16.090","23","748","16.04","0ea9bf48-d234-4114-95e3-9be221f7715e","2021-04-26 15:13:17.845"
"AG","16.080","8","16.090","25","748","16.04","ce2cad26-4f07-4668-8eff-feb3335ce27b","2021-04-26 15:13:17.845"
"AG","16.080","8","16.090","25","748","16.04","24af29ad-97e3-47c7-a40b-20bf3d53afc5","2021-04-26 15:13:17.845"
"AG","16.050","33","16.060","13","-748","16.06","c6f6047b-c9aa-410e-a552-e3bd3dc4b2d4","2021-04-26 15:16:14.526"
"AG","16.050","33","16.060","13","-748","16.06","3b858a7a-b70c-4640-b96c-c8f86a8b828f","2021-04-26 15:16:14.526"
"AG","16.050","33","16.060","13","-748","16.06","fd0143d3-f864-45fe-8135-07ada7d708f1","2021-04-26 15:16:14.526"
"AG","16.050","16","16.060","26","-748","16.06","8e00ce8d-b3a7-4a0f-8e43-dbbe5a095a84","2021-04-26 15:19:37.333"
"AG","16.050","16","16.060","26","-748","16.06","90c50a86-3298-4cef-8a95-a123d4fb4cb6","2021-04-26 15:19:37.333"
"AG","16.050","12","16.060","26","-747","16.06","289037a1-a2b6-4f0e-83f3-202abf11ca36","2021-04-26 15:19:45.891"
"AG","16.050","12","16.060","26","-747","16.06","414589db-c15a-4b7e-88fe-d7fc6374edc8","2021-04-26 15:19:45.891"
"AG","16.050","12","16.060","26","-748","16.06","0278fd32-bf99-4fff-8329-1b0c8a09b525","2021-04-26 15:19:45.891"
"AG","16.080","14","16.090","54","748","16.03","068784ae-0d24-4fa8-8a0a-810fb4814065","2021-04-26 15:21:15.043"
"AG","16.030","18","16.040","25","-748","16.04","31cb592a-c5ca-44da-8411-a9c34c9b0e8b","2021-04-26 15:22:35.466"
"AG","16.030","18","16.040","25","-748","16.04","5e5b2ff9-7fae-49cc-b29e-82341102d5dc","2021-04-26 15:22:35.466"
"AG","16.030","24","16.040","24","-748","16.04","ee6e64d9-05c1-41cd-8c44-9a24588e0abf","2021-04-26 15:22:35.466"
"ABB","32.690","17","32.700","4","367","32.64","ac842931-d7da-4b68-853e-3efb362bda25","2021-04-26 09:52:40.288"
"ABB","32.690","18","32.700","3","367","32.64","54713525-7b5d-4c46-9969-37132eaa5617","2021-04-26 09:52:40.288"
"ABB","32.690","18","32.700","10","367","32.64","31d90a24-e88c-460f-a0b6-a63a58cc6567","2021-04-26 09:52:40.288"
"ABB","32.690","18","32.700","10","367","32.64","447968b3-4fca-49fc-b778-39ead4deba30","2021-04-26 09:52:40.288"
"ABB","32.620","12","32.630","13","-367","32.63","9db034af-ce95-4b90-aca5-84efe6c56792","2021-04-26 09:53:54.356"
"ABB","32.630","10","32.640","69","-367","32.64","46fd9108-58e9-4ace-a49b-1c576e773c88","2021-04-26 09:54:20.302"
"ABB","32.640","10","32.650","24","-367","32.65","e1a387f8-eeff-45ed-b808-50f8ac27ff2a","2021-04-26 09:54:34.411"
"ABB","32.640","10","32.650","24","-367","32.65","5c9be021-f874-48e8-9638-0644357609bf","2021-04-26 09:54:34.411"
"ABB","32.740","7","32.750","85","366","32.73","7649df82-0441-401e-9908-a74fa3f48e91","2021-04-26 10:58:58.751"
"ABB","32.740","7","32.750","85","366","32.73","37aa64ec-1a82-4f41-8bf7-ab62704508dd","2021-04-26 10:58:58.751"
"ABB","32.740","13","32.750","79","366","32.73","1bec768c-7bcf-42bc-bc94-6417cd6b64f7","2021-04-26 10:58:58.751"
"ABB","32.740","15","32.750","62","366","32.73","c3c204eb-04f0-4e61-bee0-3eefa9e27e9d","2021-04-26 10:58:58.751"
"ABB","32.740","15","32.750","62","366","32.73","0326a0c4-b678-4737-81a5-c3dd491db236","2021-04-26 10:58:58.751"
"ABB","32.750","9","32.760","59","366","32.72","86fff5e2-c169-42c7-995c-1afd63e382e4","2021-04-26 10:59:05.359"
"ABB","32.750","9","32.760","59","366","32.72","3f65738e-27de-4359-a5a3-75e52b023f7f","2021-04-26 10:59:05.359"
"ABB","32.730","18","32.740","70","366","32.72","61b16493-282f-42ea-8016-ee52be84fd27","2021-04-26 10:59:05.359"
"ABB","32.740","1","32.750","89","366","32.72","6be1b145-ee33-4bd5-b774-7172620a5c93","2021-04-26 10:59:05.359"
"ABB","32.740","1","32.750","93","366","32.72","f224dd68-daa4-4e04-93b6-b5580610170c","2021-04-26 10:59:05.359"
"ABB","32.750","9","32.760","42","366","32.71","afd721b5-ff9f-4182-a2e3-3bb7a7dde1b7","2021-04-26 10:59:16.554"
"ABB","32.750","9","32.760","61","366","32.71","b996248b-e108-46aa-9f70-4fd32a419ca9","2021-04-26 10:59:16.554"
"ABB","32.750","9","32.760","61","366","32.71","0929ef4f-6c6e-429a-89f5-f96330b7fffd","2021-04-26 10:59:16.554"
"ABB","32.750","14","32.760","16","366","32.71","be415f65-f678-469b-9bd0-2be0b0a3bd05","2021-04-26 10:59:16.554"
"ABB","32.750","14","32.760","16","366","32.71","ab39b08d-115b-4a51-a9cd-04f7c1229bf3","2021-04-26 10:59:16.554"
"ABB","32.700","23","32.710","15","-366","32.71","18b6b146-574e-4dcf-ae00-acd41b0c98d7","2021-04-26 10:59:23.917"
"ABB","32.700","23","32.710","22","-366","32.71","773c3aec-6b40-4bbb-8a20-9db2be1d9bf3","2021-04-26 10:59:59.777"
"ABB","32.710","11","32.720","68","-366","32.72","4c16bfaa-6e7b-4ac1-9ccf-3b3739b7a0af","2021-04-26 11:02:00.717"
"ABB","32.710","11","32.720","68","-366","32.72","56e8d9f9-c312-4498-ace3-b9eb0e60ef24","2021-04-26 11:02:00.717"
"ABB","32.710","11","32.720","68","-366","32.72","4424e591-2046-4661-8d0f-bb1291257107","2021-04-26 11:02:00.717"
"ABB","32.700","27","32.710","11","-366","32.71","c1c47889-1e19-434d-86a2-13a37d953881","2021-04-26 11:07:03.403"
"ABB","32.700","27","32.710","11","-366","32.71","7b66ab74-348d-472e-a366-0a2724470476","2021-04-26 11:07:03.403"
"ABB","32.690","16","32.700","23","-366","32.70","e349c077-e586-4119-ab0f-9613170b8f03","2021-04-26 11:10:41.477"
"ABB","32.690","16","32.700","23","-366","32.70","7c3ef403-00e3-4f8c-95d8-3bc7dc6bfa53","2021-04-26 11:10:41.477"
"ABB","32.690","16","32.700","23","-366","32.70","4e61c4bd-d51a-4ca1-835d-8d9f49685a51","2021-04-26 11:10:41.477"
"ABB","32.690","16","32.700","23","-366","32.70","fdacaed5-59ed-4718-af9f-7bb451da8dc8","2021-04-26 11:10:41.477"
"ABB","32.690","16","32.700","23","-366","32.70","b01dbc85-13a8-4697-a1bf-b7222c1b7364","2021-04-26 11:10:41.477"
"ABB","32.690","16","32.700","23","-366","32.70","524fc2e6-65ac-4738-9533-fc86f62abbc8","2021-04-26 11:10:41.477"
"ABB","32.690","20","32.700","8","-366","32.70","75c01cce-cab8-4630-8cc5-c0ca2d071624","2021-04-26 11:10:41.477"
"ABB","32.690","12","32.700","24","-366","32.70","8c83ff1f-267f-4bd1-a45d-4a7bac47b49e","2021-04-26 11:13:07.105"
"ABB","32.710","4","32.720","27","366","32.70","e543615d-710d-4e80-9f4f-24d2032c6a62","2021-04-26 11:29:02.738"
"ABB","32.710","6","32.720","18","366","32.70","3b8135b0-7167-425a-9396-0a5086e01ea0","2021-04-26 11:29:02.738"
"ABB","32.710","8","32.720","18","366","32.70","530d64e9-c7d9-4d05-872f-311857df664a","2021-04-26 11:29:02.738"
"ABB","32.710","8","32.720","18","366","32.70","d2a03314-daba-4736-b624-ed5bb4eb85da","2021-04-26 11:29:02.738"
"ABB","32.710","8","32.720","18","366","32.70","2a312f74-847e-4f98-9f1a-988b77ba5951","2021-04-26 11:29:02.738"
"ABB","32.710","14","32.720","14","366","32.70","43d28142-5008-4d8e-baa6-ec7a87635bc4","2021-04-26 11:29:02.738"
"ABB","32.710","14","32.720","14","366","32.70","1e95945c-bad2-4589-96f9-d0b9ed140021","2021-04-26 11:29:02.738"
"ABB","32.710","16","32.720","13","366","32.70","9ce7f7a9-5d35-4713-8fcc-cac92d3594ad","2021-04-26 11:29:02.738"
"ABB","32.710","14","32.720","13","366","32.70","045878a8-6526-4821-853b-a0b0754f4bfa","2021-04-26 11:29:02.738"
"ABB","32.710","17","32.720","13","366","32.70","31e91832-5d80-4325-9e91-7abdc542c066","2021-04-26 11:29:02.738"
"ABB","32.710","7","32.720","27","366","32.70","285bad95-b67c-4538-9349-f6531ffe78fc","2021-04-26 11:29:02.738"
"ABB","32.710","7","32.720","27","367","32.70","c792fed8-f9de-46a3-9087-7fa65ea39fa7","2021-04-26 11:29:02.738"
"ABB","32.710","7","32.720","27","366","32.70","868aee2b-ea95-4bca-9a60-08144b9b13d6","2021-04-26 11:29:02.738"
"ABB","32.700","20","32.710","10","-366","32.71","4e7c34b8-7dd4-43d5-aa36-a3845e466bf2","2021-04-26 11:32:26.802"
"ABB","32.700","20","32.710","10","-366","32.71","3436da2d-91ef-4beb-80b0-1da96e223db5","2021-04-26 11:32:26.802"
"ABB","32.700","20","32.710","10","-366","32.71","fd82f2f4-97ef-418f-8a2c-14a1e64449f1","2021-04-26 11:32:26.802"
"ABB","32.710","15","32.720","10","-366","32.72","09c23797-79f4-4dff-8e61-80884b83baa2","2021-04-26 11:32:49.814"
"ABB","32.710","15","32.720","10","-366","32.72","0a1f3f6a-89e7-479c-9761-6344ccd19eaf","2021-04-26 11:32:49.814"
"ABB","32.710","15","32.720","10","-366","32.72","9d7da84f-67bf-42bb-a607-61e73961a6e5","2021-04-26 11:32:49.814"
"ABB","32.720","15","32.730","21","-366","32.73","b290c987-84bd-405f-8734-4dad7d2bb716","2021-04-26 11:33:08.022"
"ABB","32.720","15","32.730","21","-366","32.73","fe362076-7743-4198-b284-27b09b05ce84","2021-04-26 11:33:08.022"
"ABB","32.720","6","32.730","28","-366","32.73","8700ab2b-5168-493d-8067-61c676dfabe7","2021-04-26 11:34:35.496"
"ABB","32.720","6","32.730","28","-366","32.73","4fd65b8e-391e-4c98-b7a7-0c4abc3b86d5","2021-04-26 11:34:35.496"
"ABB","32.710","12","32.720","25","-366","32.72","21741fb9-e6aa-4427-b18a-bc13bc51efa0","2021-04-26 11:39:38.364"
"ABB","32.710","12","32.720","25","-367","32.72","34aead32-c28b-4a85-aa29-5148e011c5b9","2021-04-26 11:39:38.364"
"ABB","32.710","13","32.720","24","-366","32.72","39a5dce5-5bcc-4374-b616-2667c4b7edb5","2021-04-26 11:39:38.364"
"ABB","32.710","10","32.720","12","367","32.64","a0aee663-5ec2-4dad-8570-2875f38fa4c4","2021-04-26 11:48:12.691"
"ABB","32.710","10","32.720","12","367","32.64","b3a9176a-e6ea-47ee-bef4-e62a7c489d27","2021-04-26 11:48:12.691"
"ABB","32.700","19","32.710","10","367","32.64","1a38f084-48ce-4ae8-b511-8bf93b487364","2021-04-26 11:48:12.691"
"ABB","32.640","15","32.650","17","-367","32.65","50bcc59b-6483-428e-b3c8-2613e8f24177","2021-04-26 11:52:34.537"
"ABB","32.640","15","32.650","17","-367","32.65","e92ac01d-35bd-4301-9522-8a15c5806193","2021-04-26 11:52:34.537"
"ABB","32.640","13","32.650","13","-367","32.65","4f39e464-e68d-4ed9-8977-572574f0d6e3","2021-04-26 11:54:33.115"
"ABB","32.660","11","32.670","25","367","32.63","495720e3-7ab0-4c3d-80f1-07aea6c67a55","2021-04-26 12:08:04.320"
"ABB","32.620","12","32.630","6","-367","32.63","a5534402-d086-4760-a834-e7c09cddd4ca","2021-04-26 12:09:56.260"
"ABB","32.670","20","32.680","7","367","32.62","444a5419-592c-4c01-8320-3297ff12b8a8","2021-04-26 12:11:47.350"
"ABB","32.670","16","32.680","13","367","32.62","0bd9a527-a750-49bb-ab3a-f68ecb179e8f","2021-04-26 12:11:47.350"
"ABB","32.680","16","32.690","43","367","32.62","846b2df0-50ed-447c-8f64-e2eb6f3ad82f","2021-04-26 12:11:47.350"
"ABB","32.680","16","32.690","43","367","32.62","3083720b-1f0a-43d2-9641-c24ced1be068","2021-04-26 12:11:47.350"
"ABB","32.690","15","32.700","22","367","32.62","616dcd9e-f0e1-4ef7-a4fb-5efb7e543d77","2021-04-26 12:11:47.350"
"ABB","32.680","12","32.690","16","367","32.62","13ac8f97-fe60-4179-8fc3-f62e1295b1a4","2021-04-26 12:11:47.350"
"ABB","32.690","17","32.700","43","367","32.62","f0ffda33-ce83-417d-bb7d-1ba5dcb6ddeb","2021-04-26 12:11:47.350"
"ABB","32.690","17","32.700","43","367","32.62","a8c69ec0-572b-4877-8e0e-91f18d250277","2021-04-26 12:11:47.350"
"ABB","32.620","8","32.630","17","-367","32.63","2f5606f7-4bcf-428e-b7ac-774ee3786d8e","2021-04-26 12:12:28.203"
"ABB","32.620","8","32.630","17","-367","32.63","00d42246-f132-4ba2-bc51-bd9bc46ebac7","2021-04-26 12:12:28.203"
"ABB","32.620","8","32.630","17","-367","32.63","6e2a53a2-bbbf-4795-b509-fe8740b58e9c","2021-04-26 12:12:28.203"
"ABB","32.620","8","32.630","17","-367","32.63","9c1fa524-f3b7-4a36-94a8-414c188b7588","2021-04-26 12:12:28.203"
"ABB","32.620","8","32.630","17","-367","32.63","97bdb231-d9c3-4ffb-be9b-1b1a88771362","2021-04-26 12:12:28.203"
"ABB","32.620","8","32.630","17","-367","32.63","4fe503df-a618-42b2-b970-52a48e4fb85d","2021-04-26 12:12:28.203"
"ABB","32.620","8","32.630","15","-367","32.63","1d399116-cc9b-4179-b0ab-d80f08819c7c","2021-04-26 12:14:18.144"
"ABB","32.620","16","32.630","14","-367","32.63","f51b792e-4616-4128-9787-f0f780789458","2021-04-26 12:14:18.144"
"ABB","32.690","4","32.700","20","367","32.68","9deb5357-dc3a-4b5b-ab39-1b9381aac770","2021-04-26 12:55:33.458"
"ABB","32.690","7","32.700","12","367","32.68","a8c69477-ccb0-4ef1-aa66-dfb92abca989","2021-04-26 12:55:33.458"
"ABB","32.690","7","32.700","12","367","32.68","5ea40243-c55d-49a9-bd5e-6156a3ce98e9","2021-04-26 12:55:33.458"
"ABB","32.690","5","32.700","14","367","32.68","8e0811c0-1526-4890-a78f-2e3e9ef8fb42","2021-04-26 12:55:33.458"
"ABB","32.660","6","32.670","11","-367","32.67","3d3d1587-7a6b-47fa-a71c-2d767e38cd0e","2021-04-26 12:58:01.544"
"ABB","32.660","6","32.670","11","-367","32.67","0bce2ec3-92ff-499b-b898-89ee481177e2","2021-04-26 12:58:01.544"
"ABB","32.660","2","32.670","24","-367","32.67","2bb7da3c-c85e-4e49-b235-668aceafcc2c","2021-04-26 12:58:29.695"
"ABB","32.660","2","32.670","24","-367","32.67","e24cfd15-7332-4771-8d43-779a58d32f4a","2021-04-26 12:58:29.695"
"ABB","32.660","14","32.670","11","367","32.62","815ada79-fbbc-477f-8b69-2655573aeacf","2021-04-26 13:22:51.309"
"ABB","32.660","15","32.670","11","367","32.62","6c339c63-1119-4afe-bb35-af5c8b1bae8f","2021-04-26 13:22:51.309"
"ABB","32.660","15","32.670","11","367","32.62","f8e42fea-a4e3-4c06-b580-a40010afac9a","2021-04-26 13:22:51.309"
"ABB","32.670","16","32.680","10","367","32.62","082c78b1-47f7-4081-8a8a-ebd14a2c03f6","2021-04-26 13:22:51.309"
"ABB","32.670","22","32.680","4","367","32.62","d3c3711f-d48e-407a-9a37-07969c8eff17","2021-04-26 13:22:51.309"
"ABB","32.670","22","32.680","6","367","32.62","82692fb3-ec6c-4602-ac8a-69856001c1c1","2021-04-26 13:22:51.309"
"ABB","32.680","12","32.690","14","367","32.62","e8296409-01c1-4ee1-9491-63cdf3b72217","2021-04-26 13:22:51.309"
"ABB","32.680","5","32.690","15","367","32.62","d4ffc919-9518-4aed-b01a-c3c305b01ed2","2021-04-26 13:22:51.309"
"ABB","32.680","5","32.690","15","367","32.62","b00f986a-923d-46e5-ab40-a18e9ec74085","2021-04-26 13:22:51.309"
"ABB","32.680","14","32.690","15","367","32.62","46d6b29d-3ae8-4aa8-b214-1c93df510af2","2021-04-26 13:22:51.309"
"ABB","32.680","5","32.690","16","367","32.62","aa3d2210-98d0-4106-98eb-b24b65e0b90d","2021-04-26 13:22:51.309"
"ABB","32.700","24","32.710","17","368","32.61","43f555bd-4cf2-4b65-b3fb-b50de01acda9","2021-04-26 13:23:37.556"
"ABB","32.700","24","32.710","17","368","32.61","958c1bc8-a6fe-47b6-8e5e-82f0a0b82200","2021-04-26 13:23:37.556"
"ABB","32.700","24","32.710","8","368","32.60","98e78506-0517-416f-93bd-589c3c83b83f","2021-04-26 13:26:44.011"
"ABB","32.700","29","32.710","2","368","32.60","3c1d153e-f916-463f-a9ac-d82dd956b838","2021-04-26 13:26:44.011"
"ABB","32.710","10","32.720","13","368","32.60","2b0fb1c6-d1c7-47ff-ae3b-219ca268c5ac","2021-04-26 13:26:44.011"
"ABB","32.710","10","32.720","13","368","32.60","f7826d81-a73b-4adf-b6cf-19d5a5a7b302","2021-04-26 13:26:44.011"
"ABB","32.710","10","32.720","13","368","32.60","f2e698e9-da1c-44f4-ba18-6d8a66baf526","2021-04-26 13:26:44.011"
"ABB","32.710","10","32.720","13","368","32.60","6383a939-cab2-4f85-be4b-bc43753abc56","2021-04-26 13:26:44.011"
"ABB","32.710","14","32.720","13","368","32.60","df294abc-2add-41ce-af0e-adfb318ca0df","2021-04-26 13:26:44.011"
"ABB","32.710","14","32.720","13","368","32.60","2285f8ec-c2be-4a91-940d-700ead0a57ab","2021-04-26 13:26:44.011"
"ABB","32.710","14","32.720","13","368","32.60","ab8d58d9-9110-4cf5-854f-56a7865710d3","2021-04-26 13:26:44.011"
"ABB","32.710","15","32.720","10","368","32.60","06984826-7d13-414d-b197-98826610b6be","2021-04-26 13:26:44.011"
"ABB","32.610","6","32.620","11","-367","32.62","93a399af-2e7d-49d4-9436-8bdebc573ccc","2021-04-26 13:26:48.904"
"ABB","32.610","6","32.620","11","-367","32.62","f06f9fbc-3051-4f8e-852b-3aee0120b961","2021-04-26 13:26:48.904"
"ABB","32.610","6","32.620","11","-367","32.62","fe10d4cd-9e16-47a3-bd9f-4e4b8f53b5b6","2021-04-26 13:26:48.904"
"ABB","32.610","6","32.620","11","-367","32.62","b8464884-b65f-418f-8b61-190004fd2328","2021-04-26 13:26:48.904"
"ABB","32.610","6","32.620","11","-368","32.62","1c1458c5-0cd0-4d25-9626-8ce27906b49e","2021-04-26 13:26:48.904"
"ABB","32.610","6","32.620","11","-368","32.62","15fb9fc8-1fdc-44d4-9ef5-876a1b4b725d","2021-04-26 13:26:48.904"
"ABB","32.610","3","32.620","25","-367","32.62","02d6320c-e46f-4b62-a56d-445a01720ac3","2021-04-26 13:26:48.904"
"ABB","32.610","3","32.620","25","-367","32.62","9b6ffdd2-adf9-4568-9cff-2ae7f058ec7e","2021-04-26 13:26:48.904"
"ABB","32.610","3","32.620","25","-367","32.62","77177a25-3d8a-4c61-a2b1-02c7e81f17c8","2021-04-26 13:26:48.904"
"ABB","32.610","3","32.620","25","-367","32.62","28f41c6a-4e19-4f39-a0ee-006bc704a171","2021-04-26 13:26:48.904"
"ABB","32.610","3","32.620","25","-367","32.62","073fdfe0-e0b2-4e24-92f3-adc7032663d0","2021-04-26 13:26:48.904"
"ABB","32.610","3","32.620","25","-367","32.62","c6c42a66-a991-4253-ac14-9f3e9a35aa9e","2021-04-26 13:26:48.904"
"ABB","32.610","25","32.620","4","-368","32.62","42636f0f-2e45-4cf2-b2d3-d1ce9e0698a8","2021-04-26 13:27:10.394"
"ABB","32.610","25","32.620","4","-368","32.62","f6cf4c05-d644-46de-a431-a3a234fe1a01","2021-04-26 13:27:10.394"
"ABB","32.610","25","32.620","4","-368","32.62","4dd17025-ece5-4105-b9bb-02fc3e9930e0","2021-04-26 13:27:10.394"
"ABB","32.620","12","32.630","10","-368","32.63","d71d7f31-25c8-42a2-9774-06a1da27e64b","2021-04-26 13:30:19.463"
"ABB","32.620","12","32.630","10","-368","32.63","57c3bb41-58c8-4046-af28-cefaf943c855","2021-04-26 13:30:19.463"
"ABB","32.620","12","32.630","10","-367","32.63","20f0fac2-d0ac-4ba5-bc1e-cca5a60ed651","2021-04-26 13:30:19.463"
"ABB","32.620","16","32.630","3","-368","32.63","7c90343e-d3dd-4070-a0be-7014300ac829","2021-04-26 13:30:55.174"
"ABB","32.620","16","32.630","3","-368","32.63","67b0b5db-4221-4ff3-b9d6-fa09bfa71f33","2021-04-26 13:30:55.174"
"ABB","32.610","18","32.620","25","-368","32.62","1769c1b9-c5a8-466d-b5a4-43a92f5fdc93","2021-04-26 13:32:41.985"
"ABB","32.610","9","32.620","22","-368","32.62","a9bd7fec-ac54-4030-9c1c-7a3534cba013","2021-04-26 13:32:41.985"
"ABB","32.590","15","32.600","8","-368","32.60","483fa2aa-0f6a-4e64-9620-319aa8aaa184","2021-04-26 13:42:25.590"
"ABB","32.600","10","32.610","7","368","32.61","e067bc1c-8665-4ade-affc-555bb69a4bd1","2021-04-26 13:46:40.006"
"ABB","32.610","18","32.620","11","-368","32.62","ecbe9bf5-a61c-4779-bf88-05c5e3f34a63","2021-04-26 13:53:00.522"
"ABB","32.620","12","32.630","20","367","32.62","cfdf455b-1969-4cc0-9ff7-f6f7788a1e98","2021-04-26 14:13:13.831"
"ABB","32.620","21","32.630","8","-367","32.63","a0124362-1ded-40f6-bacc-169204870bce","2021-04-26 14:16:27.437"
"ABB","32.620","13","32.630","21","367","32.62","68ae3474-8d83-4ed6-aae9-fd0d6826b059","2021-04-26 14:18:56.386"
"ABB","32.630","6","32.640","23","-367","32.64","50c28579-d813-47a0-92b3-e83ca9c64ae6","2021-04-26 14:20:44.185"
"ABB","32.750","35","32.760","20","366","32.71","2b987475-c5e7-4fb0-9921-ad25d9328e29","2021-04-26 15:29:43.101"
"ABB","32.750","30","32.760","18","366","32.71","6679c65a-293d-4161-a08f-771260ac6466","2021-04-26 15:29:43.101"
"ABB","32.750","30","32.760","18","366","32.71","480c6db6-4678-4bfd-bdc6-457c627928a0","2021-04-26 15:29:43.101"
"ABB","32.750","22","32.760","18","366","32.71","acc0b4e1-e1cd-434e-b449-d7c19ff607d3","2021-04-26 15:29:43.101"
"ABB","32.750","19","32.760","21","366","32.71","b8a9e0dc-a4fa-427c-b055-9a497df6bfd8","2021-04-26 15:29:43.101"
"ABB","32.750","29","32.760","18","366","32.71","192075bd-3844-4544-b7f3-2c47f585009d","2021-04-26 15:29:43.101"
"ABB","32.750","29","32.760","18","366","32.71","5f1f1020-0a25-42eb-8758-fc11f564552f","2021-04-26 15:29:43.101"
"ABB","32.750","29","32.760","19","366","32.71","e3d826b0-e078-46d7-b2bb-15223e83c768","2021-04-26 15:29:43.101"
"ABB","32.750","33","32.760","9","366","32.71","f62ea126-eea2-4b4b-9bb4-526241c23605","2021-04-26 15:29:43.101"
"ABB","32.750","33","32.760","16","366","32.71","59529e22-9c1f-43ff-a41b-5f89fc48fed9","2021-04-26 15:29:43.101"
"ABB","32.750","29","32.760","22","366","32.71","d1b6fb28-1560-4c60-8f59-ef02bd7027a9","2021-04-26 15:29:43.101"
"ABB","32.760","39","32.770","10","366","32.71","1b84a178-9ff1-4349-9ab5-2c17753a5799","2021-04-26 15:29:43.101"
"ABB","32.760","37","32.770","6","366","32.71","df718272-9f85-4f7b-ac54-b5eb56914eee","2021-04-26 15:29:43.101"
"ABB","32.760","26","32.770","16","366","32.71","8a53a54a-5cdf-4faf-acd8-d520895f7bbd","2021-04-26 15:29:43.101"
"ABB","32.750","9","32.760","27","366","32.71","5bea2201-fe11-4bdb-bf1f-490147cb9c87","2021-04-26 15:29:43.101"
"ABB","32.730","27","32.740","25","-5,490","32.73","6669d603-d08b-41c0-a8e7-76c22b866662","2021-04-26 15:48:00.006"
"ALB","166.350","1","166.630","3","72","165.36","f620922b-2c29-42ff-abf5-08c33f17dac7","2021-04-26 10:17:48.426"
"ALB","166.350","1","166.630","3","72","165.36","6ace782c-9c27-4537-812a-707045502a78","2021-04-26 10:17:48.426"
"ALB","166.350","1","166.620","2","72","165.36","6d519c7a-e912-4025-b3bf-4fe378f228d4","2021-04-26 10:17:48.426"
"ALB","166.100","1","166.520","3","72","165.36","9040e562-7ad7-4017-a30c-8a9f74e2f937","2021-04-26 10:17:48.426"
"ALB","166.110","1","166.480","2","72","165.36","39c6c42d-d916-4e4e-ac87-0b71d0b33973","2021-04-26 10:17:48.426"
"ALB","165.240","1","165.450","1","-72","165.45","ac120343-87f4-4c41-9685-2667078aedaa","2021-04-26 10:19:13.722"
"ALB","165.240","2","165.540","4","-72","165.56","37da86b3-a23f-4b7d-8d11-0dc8c18c3265","2021-04-26 10:19:13.723"
"ALB","165.240","2","165.540","4","-72","165.56","e35649a5-6a33-4657-8b88-cc8f8b02513f","2021-04-26 10:19:13.723"
"ALB","165.240","1","165.530","3","-72","165.56","3eb6dc4b-e3a3-4d2c-be18-23b907d5a62a","2021-04-26 10:19:13.723"
"ALB","165.240","1","165.530","3","-72","165.56","4eec8d67-c748-41b4-996c-370f70429ea7","2021-04-26 10:19:13.723"
"ALB","167.240","1","167.420","1","71","167.11","b72ffa9f-a647-4344-aec7-0e6f6c657720","2021-04-26 10:57:03.967"
"ALB","167.250","1","167.430","2","71","167.11","93136926-95db-4824-b68d-f808ce28161a","2021-04-26 10:57:03.967"
"ALB","167.270","1","167.430","1","71","167.11","2ac51597-5bbc-4ea0-953b-6f1ff00ff9d3","2021-04-26 10:57:03.967"
"ALB","167.280","1","167.440","1","71","166.86","d55581f1-cd4c-48db-90a3-adc750fe459e","2021-04-26 10:57:15.671"
"ALB","167.260","1","167.450","1","71","166.86","5fb55549-aa85-4872-8392-cd2ee18a39fb","2021-04-26 10:57:15.671"
"ALB","167.180","10","167.330","1","71","166.86","a70ce2c2-825c-4e86-b77a-9b7c9c6ca410","2021-04-26 10:57:15.671"
"ALB","167.260","1","167.480","2","71","166.86","fc07b67c-09bd-49cd-a96e-87f2fab5feb9","2021-04-26 10:57:15.671"
"ALB","167.250","1","167.470","2","71","166.86","60d0abc3-2fca-435b-9556-3a167681b023","2021-04-26 10:57:15.671"
"ALB","167.190","1","167.440","2","71","166.86","d78a532b-dc85-4797-b7ba-c61663bd38e0","2021-04-26 10:57:15.671"
"ALB","167.190","1","167.410","1","71","166.86","bc391dcc-5087-4eaa-b3b1-e776cd6662f1","2021-04-26 10:57:15.671"
"ALB","166.590","2","166.920","2","-71","166.92","0463e868-0025-46bd-b2a3-c1a5dc5bd209","2021-04-26 10:57:31.664"
"ALB","166.590","2","166.920","2","-71","166.92","be8d4026-2f7b-4edc-ae8b-86c77249c2d0","2021-04-26 10:57:31.664"
"ALB","166.590","2","166.920","2","-71","166.92","94321889-8d09-46c4-9db9-80b876262d9e","2021-04-26 10:57:31.664"
"ALB","166.590","2","166.920","2","-71","166.92","82e4cda6-ef70-49de-9f0b-0d16d3419b47","2021-04-26 10:57:31.664"
"ALB","166.590","2","166.920","2","-71","166.92","5a78f655-15c7-4e37-8cf7-a2ad59fbf8de","2021-04-26 10:57:31.664"
"ALB","166.580","1","166.910","2","-71","166.91","e5f04bd9-dc48-45c1-8a02-9a03a4a0ba21","2021-04-26 10:58:30.754"
"ALB","166.580","1","166.910","2","-71","166.91","2323a530-6727-42c8-9433-8cadd730a6f7","2021-04-26 10:58:30.754"
"ALB","166.580","1","166.910","2","-71","166.91","247c49ac-9d08-495b-af87-b925cf241ed2","2021-04-26 10:58:30.754"
"ALB","166.590","1","166.910","2","-71","166.91","0ac2724c-33a4-4006-a2aa-f11225ff4fc3","2021-04-26 10:58:30.754"
"ALB","166.590","1","166.910","2","-71","166.91","b4facd27-d99f-4c3e-8223-4fb04050c460","2021-04-26 10:58:30.754"
"ALB","167.960","1","168.240","1","71","167.99","6f8e442b-91ae-4c0d-beea-cb8f77f476ec","2021-04-26 11:29:34.960"
"ALB","168.030","2","168.230","1","71","167.92","bf2189c1-d717-4677-8693-017da401b6ee","2021-04-26 11:30:43.660"
"ALB","168.130","1","168.250","1","71","167.92","ee9c09b2-1f6d-454e-8196-4ea17701f527","2021-04-26 11:30:43.660"
"ALB","168.130","2","168.250","1","71","167.92","b89f9abc-2c69-4db0-a147-77eb0a41c42f","2021-04-26 11:30:43.660"
"ALB","167.960","3","168.110","1","-71","168.13","e950196b-b56c-403e-ac0b-da8d6984c88d","2021-04-26 11:31:18.765"
"ALB","167.960","3","168.110","1","-71","168.13","be6cd459-e9e1-4a55-ac8a-60569f2ef1f1","2021-04-26 11:31:18.765"
"ALB","168.010","1","168.190","1","-71","168.19","aba1edf6-fb53-462e-be9f-0baf70dc9067","2021-04-26 11:31:53.276"
"ALB","168.170","1","168.280","1","-71","168.28","43a119b8-fb3b-4173-ab8c-60d18f5a10c7","2021-04-26 11:32:05.128"
"ALB","170.280","3","170.400","1","70","170.12","5dc83fbb-3ee3-444a-9a8c-f843269c8556","2021-04-26 13:35:42.788"
"ALB","170.280","3","170.400","1","70","170.12","629675f8-b3b2-435e-97da-e4e7147e4114","2021-04-26 13:35:42.788"
"ALB","170.220","1","170.390","3","70","170.12","4af1e0a6-1944-4d37-acad-cbd1efc80f9d","2021-04-26 13:35:42.788"
"ALB","170.230","1","170.390","3","70","170.12","a8c69e00-9142-46ae-8b1b-b2767f2578fd","2021-04-26 13:35:42.788"
"ALB","170.230","1","170.390","3","70","170.12","659bb119-36a5-49ee-a72b-4f7dbbe08e30","2021-04-26 13:35:42.788"
"ALB","170.200","1","170.360","3","70","170.09","e1300ce5-ba91-4d06-ad0c-f3caed32e579","2021-04-26 13:35:45.083"
"ALB","170.290","4","170.490","1","70","170.04","87f0843b-9ac2-4e2f-be6e-ef3e35925146","2021-04-26 13:35:53.016"
"ALB","170.290","4","170.490","3","70","170.04","a24b7e88-83fc-4572-ab60-ce3b76422cc6","2021-04-26 13:35:53.016"
"ALB","170.070","3","170.250","1","-70","170.25","e9750de3-80fb-457a-bab2-a601bd170776","2021-04-26 13:39:20.028"
"ALB","170.070","3","170.250","1","-70","170.25","7bb39f99-0d6a-4024-a502-bfcad755583e","2021-04-26 13:39:20.028"
"ALB","170.070","3","170.250","1","-70","170.25","37cf1f4f-9681-4ae1-bde1-a96d36cbd027","2021-04-26 13:39:20.028"
"ALB","170.070","3","170.250","1","-70","170.25","92e127cc-5272-4a4e-9192-c954f302f14a","2021-04-26 13:39:20.028"
"ALB","170.070","3","170.250","1","-70","170.25","49297ddd-313c-4fdc-a750-1a32be6bfb82","2021-04-26 13:39:20.028"
"ALB","170.070","3","170.250","1","-70","170.25","42b8f8b6-5ea9-4cc6-b85c-44b7fe4927fa","2021-04-26 13:39:20.028"
"ALB","170.070","3","170.250","1","-70","170.25","96bedcd8-42c7-41f4-9276-7ffa332d31bb","2021-04-26 13:39:20.028"
"ALB","170.070","3","170.250","2","-70","170.25","cdd058e9-4048-481e-86b5-54367a9c7ecc","2021-04-26 13:39:20.028"
"ALB","170.220","6","170.430","1","70","170.00","e02f0fed-6fd1-4b60-9ef7-7e5e92e7e694","2021-04-26 13:42:09.648"
"ALB","170.150","4","170.220","4","-70","170.22","c95a0084-93e7-4e8b-925a-3f0aff52e2e1","2021-04-26 13:45:01.410"
"ALB","170.350","1","170.490","1","70","170.09","9ea1c037-f372-4876-914b-ef473b72c3d7","2021-04-26 13:54:01.063"
"ALB","170.350","1","170.490","1","70","170.09","1fa7b6b0-0557-4686-b094-5c0e28cc79b2","2021-04-26 13:54:01.063"
"ALB","170.310","1","170.490","2","70","170.01","6d884622-6271-4b5d-afe3-d4bb0101cf34","2021-04-26 13:54:48.042"
"ALB","170.080","1","170.220","2","-70","170.22","d25c003e-2cf7-4e4b-9f44-e91ece819e74","2021-04-26 13:58:15.649"
"ALB","170.100","1","170.230","1","-70","170.23","53452592-7049-445d-9a48-4376c8405706","2021-04-26 13:58:23.460"
"ALB","170.100","1","170.230","1","-70","170.23","6349a1c4-22d6-4542-8f4a-7c2a595b9ed6","2021-04-26 13:58:23.460"
"ALB","170.930","3","171.070","1","70","170.73","705420e0-1dc9-43d3-bd8b-7b5934e83126","2021-04-26 14:35:14.632"
"ALB","170.940","2","171.070","2","70","170.73","1ee7bb33-5a56-4db9-a9d3-fa772c232dd0","2021-04-26 14:35:14.632"
"ALB","170.940","1","171.070","2","70","170.73","0f706b37-9369-46b2-a490-cc1e7f1f9e16","2021-04-26 14:35:14.632"
"ALB","170.980","1","171.130","2","70","170.73","f4970f75-c284-4c36-933d-818e03cffb17","2021-04-26 14:35:14.632"
"ALB","170.980","2","171.130","1","70","170.73","c2fbf495-3467-4b88-be34-ff7a78b5fd27","2021-04-26 14:35:14.632"
"ALB","170.980","1","171.150","2","70","170.67","8db40134-089e-4f09-b17c-dfbdd17f9ebc","2021-04-26 14:35:16.655"
"ALB","171.040","1","171.130","1","70","170.67","053f11ea-f61f-4e65-897e-8faa1aabb0d7","2021-04-26 14:35:16.655"
"ALB","171.000","1","171.120","2","70","170.67","63f5331b-141f-4b3d-854b-8f64c4fa0820","2021-04-26 14:35:16.655"
"ALB","170.980","1","171.110","2","70","170.67","ac080418-cd67-4af0-8394-35c2cbbf6c30","2021-04-26 14:35:16.655"
"ALB","170.930","2","171.130","3","70","170.67","039e1ec7-e59b-4464-83a3-6c327ecda6d0","2021-04-26 14:35:16.655"
"ALB","170.950","1","171.110","2","70","170.67","5c153b84-515b-4f69-b2a1-945f9a4bafa2","2021-04-26 14:35:16.655"
"ALB","170.950","2","171.110","1","70","170.67","e076b208-723f-47a8-a905-93dff7629c2a","2021-04-26 14:35:16.655"
"ALB","170.900","2","171.000","1","70","170.67","3b9ee318-4494-405a-b444-c2e31f91e8ad","2021-04-26 14:35:16.655"
"ALB","170.750","2","170.970","1","70","170.67","3f7eb839-2311-4781-bbb4-ac3dc600054c","2021-04-26 14:35:16.655"
"ALB","170.460","1","170.640","2","-70","170.64","6e9149fa-903e-4070-be0f-d6b5aa60e2ad","2021-04-26 14:36:02.359"
"ALB","170.460","1","170.640","2","-70","170.64","13d7c72f-d067-4107-9f85-b8dad1c1d743","2021-04-26 14:36:02.359"
"ALB","170.460","1","170.640","2","-70","170.64","08a6eff2-e08e-43c2-8fd6-ea68424be7ba","2021-04-26 14:36:02.359"
"ALB","170.460","1","170.640","2","-70","170.64","faf86e88-af36-4c92-9374-ccf2c3a7c5d5","2021-04-26 14:36:02.359"
"ALB","170.460","1","170.650","2","-70","170.65","4291f49a-39bc-4587-a3e2-6b46d1c93c4d","2021-04-26 14:36:06.811"
"ALB","170.460","1","170.650","2","-70","170.65","475696e0-6f1f-431c-879b-4f771686d258","2021-04-26 14:36:06.811"
"ALB","170.460","1","170.650","2","-70","170.65","2b12f5bb-d26f-4892-80c0-a1955161de58","2021-04-26 14:36:06.811"
"ALB","170.460","1","170.650","2","-70","170.65","abd7e6d3-912c-41ee-b4ea-4dbe6128f29c","2021-04-26 14:36:06.811"
"ALB","170.460","1","170.650","2","-70","170.65","3e92fb90-a698-4c61-88ce-e881a25f72f2","2021-04-26 14:36:06.811"
"ALB","170.460","1","170.650","2","-70","170.65","828331a6-cad4-41d2-a197-cb4a9c4a7e3e","2021-04-26 14:36:06.811"
"ALB","170.460","1","170.650","2","-70","170.65","3416888f-15cb-4d0a-bde2-66d74526f0cd","2021-04-26 14:36:06.811"
"ALB","170.590","1","170.710","2","-70","170.71","5c0770be-7329-415d-bd35-c17021b44311","2021-04-26 14:36:24.252"
"ALB","170.590","1","170.710","2","-70","170.71","362ae5d6-295f-4f25-8ec3-9a7976de3970","2021-04-26 14:36:24.252"
"ALB","170.510","1","170.710","1","-70","170.71","dd3dc931-0d6d-48e2-8fee-c20f8b2a6c86","2021-04-26 14:36:24.252"
"ALB","171.200","2","171.310","1","70","171.00","27ee40f6-64dd-4d8d-85db-a4e8f9cc10c6","2021-04-26 14:43:57.134"
"ALB","171.200","2","171.310","1","70","171.00","86fe06a6-f61d-4155-a305-fabc7b461e93","2021-04-26 14:43:57.134"
"ALB","171.200","2","171.300","1","70","171.00","c30edfe9-679d-4af3-9336-fc0629e0f3bf","2021-04-26 14:43:57.134"
"ALB","171.200","2","171.300","1","70","171.00","f8a2f8d2-d07b-486f-9334-0d6ab690bb18","2021-04-26 14:43:57.134"
"ALB","170.910","1","171.020","2","70","170.84","4217b42c-f31b-47cd-a1f5-2ca87cb8020c","2021-04-26 14:47:15.036"
"ALB","170.750","1","170.940","1","-70","170.94","1042c094-77e3-4ab8-91aa-426df00b5692","2021-04-26 14:47:35.025"
"ALB","170.750","1","170.940","1","-70","170.94","ceecf465-79d5-440f-bf2c-dfe326aae974","2021-04-26 14:47:35.025"
"ALB","170.730","2","170.950","3","-70","170.95","66b719d4-e20b-4e28-bb2a-7d674669fb2a","2021-04-26 14:47:35.026"
"ALB","170.980","1","171.160","1","-70","171.17","8daa719f-d3f8-48e0-b606-589deb345fd6","2021-04-26 14:48:08.717"
"ALB","171.110","2","171.230","1","-70","171.23","0832b2b6-f38d-48c4-930c-ebf46ca0e91a","2021-04-26 14:48:27.806"
"ALB","171.530","2","171.640","2","70","171.08","95692d2e-1f51-48b7-9c81-1dec3f8b9326","2021-04-26 15:12:40.875"
"ALB","171.460","2","171.590","1","70","170.99","7b82ec89-e04c-4556-9d8c-640593f8e14c","2021-04-26 15:12:47.267"
"ALB","171.460","2","171.590","1","70","170.99","c9ab1349-b9bb-449a-9acc-97d74c029df0","2021-04-26 15:12:47.267"
"ALB","171.460","2","171.590","1","70","170.99","1acb238f-0aac-42d5-bff5-788db4429b39","2021-04-26 15:12:47.267"
"ALB","171.460","1","171.590","1","70","170.99","28f90791-b293-4b7f-8557-62b46e390dd8","2021-04-26 15:12:47.267"
"ALB","171.600","3","171.750","2","70","170.99","033af2f6-2daf-4dab-865a-06823930a36b","2021-04-26 15:12:47.267"
"ALB","171.600","3","171.750","2","70","170.99","210d5fe4-4d27-4daf-832c-be5eb2afe898","2021-04-26 15:12:47.267"
"ALB","171.600","2","171.740","1","70","170.99","894f6e1c-3a2a-44c9-9b4d-cdb418ff5944","2021-04-26 15:12:47.267"
"ALB","171.600","2","171.730","1","70","170.99","ee818bfa-b532-4a14-9cbd-728cd2794a14","2021-04-26 15:12:47.267"
"ALB","171.640","1","171.760","1","70","170.99","8a81cc42-7110-4fdc-8132-c97c9653d45d","2021-04-26 15:12:47.267"
"ALB","171.620","1","171.830","1","70","170.99","80975bff-0fbb-4353-9bbd-a848468cb5dd","2021-04-26 15:12:47.267"
"ALB","171.620","1","171.830","2","70","170.99","9ad7c196-c415-4924-a990-701d36b80c20","2021-04-26 15:12:47.267"
"ALB","171.620","1","171.830","2","70","170.99","354eaaee-abf6-472b-a85b-dd14b5955019","2021-04-26 15:12:47.267"
"ALB","171.620","1","171.830","1","70","170.99","b5770f51-6ab3-4c5d-9e75-98f6119f5e3b","2021-04-26 15:12:47.267"
"ALB","171.530","2","171.640","1","70","170.99","881b4c87-c39e-48ad-92ee-05ee906cb859","2021-04-26 15:12:47.267"
"ALB","170.920","2","171.080","2","-70","171.08","a5872ecd-fb0d-49ca-9970-92e753e06400","2021-04-26 15:16:43.746"
"ALB","170.920","2","171.080","2","-70","171.08","603efe7d-cf18-47af-b23e-f07e25bf6980","2021-04-26 15:16:43.746"
"ALB","170.920","2","171.080","2","-70","171.08","bbc8083e-6a57-4ce0-961f-2d3251bdb456","2021-04-26 15:16:43.746"
"ALB","170.920","2","171.080","2","-70","171.08","53e14f5d-0fbe-44ba-9e57-a9562e5032e1","2021-04-26 15:16:43.746"
"ALB","170.920","2","171.080","2","-70","171.08","7297d3d5-4f87-495d-8bbe-2a9fb0cf7580","2021-04-26 15:16:43.746"
"ALB","170.920","2","171.080","2","-70","171.08","38e0680c-3385-4734-95cd-b24877abed39","2021-04-26 15:16:43.746"
"ALB","170.920","2","171.080","2","-70","171.08","42e30a4d-243b-47f5-8a08-87192a539324","2021-04-26 15:16:43.746"
"ALB","170.920","2","171.080","2","-70","171.08","5460d510-b974-42fa-bd05-c8227e592f85","2021-04-26 15:16:43.746"
"ALB","170.920","2","171.060","1","-70","171.06","4ed5705d-7804-4d21-aa81-a13a3fe3ce84","2021-04-26 15:17:40.832"
"ALB","170.920","2","171.060","1","-70","171.06","87423734-a6b4-4477-a8a7-c9b7c6da87b6","2021-04-26 15:17:40.832"
"ALB","170.920","3","171.060","1","-70","171.06","c5718e5e-7129-44d1-ad83-3f077e4e5e79","2021-04-26 15:17:40.832"
"ALB","170.920","5","171.060","1","-70","171.06","f17ceed9-ff3c-4005-97a1-baa58ed6c7c9","2021-04-26 15:17:51.951"
"ALB","170.920","2","171.090","1","-70","171.09","ec2ee776-e19d-4db0-b46b-b6d3441201db","2021-04-26 15:17:58.930"
"ALB","170.920","2","171.090","1","-70","171.09","983f60a2-93fd-47a8-aa42-db08843d2326","2021-04-26 15:17:58.930"
"ALB","170.920","2","171.090","1","-70","171.09","a6fd0449-4627-4b7f-9825-11529c604e3d","2021-04-26 15:17:58.930"
"ALB","171.280","1","171.440","1","70","171.25","69fcafbe-1c92-4b77-ad1a-44757c9ae60d","2021-04-26 15:29:26.739"
"ALB","171.310","1","171.440","1","70","171.25","532533dc-2204-4675-83a8-ffdb10049c36","2021-04-26 15:29:26.739"
"ALB","171.530","2","171.630","2","70","171.25","3ea43c9f-549c-4d53-ac2b-2a0b6ee30644","2021-04-26 15:29:26.739"
"ALB","171.500","2","171.570","1","70","171.25","b2ea0c22-594c-4175-b22b-1a9b309fb56d","2021-04-26 15:29:26.739"
"ALB","171.500","2","171.570","1","70","171.25","9c12d3ab-c383-48a2-a470-993d2f9a9870","2021-04-26 15:29:26.739"
"ALB","171.540","1","171.630","1","70","171.25","5050955e-9fd0-49d7-840c-5404c4049d7b","2021-04-26 15:29:26.739"
"ALB","171.610","1","171.740","1","70","170.64","70b91470-68f2-45d3-84ab-7d81ccdd5855","2021-04-26 15:29:47.386"
"ALB","170.480","8","170.760","1","-70","170.76","476f406e-8bc5-40b9-86ad-4d0b0fb211d8","2021-04-26 15:40:12.183"
"ALB","170.480","8","170.760","1","-70","170.76","3ef1f2fa-d238-4d4c-850f-a58e5438c5da","2021-04-26 15:40:12.183"
"ALB","170.460","2","170.540","1","-350","170.46","9d42cd89-1814-4fa8-ba23-2ce69bacecbf","2021-04-26 15:48:00.006"
"ALC","76.000","4","76.040","1","158","75.90","b95e94dc-497d-43ae-bf85-997be559e2d9","2021-04-26 10:28:49.699"
"ALC","76.000","4","76.060","4","158","75.90","56f5644b-3cbe-4447-8b22-cfb20db48dca","2021-04-26 10:28:49.699"
"ALC","76.000","4","76.060","4","158","75.90","3fd8b881-5600-433d-afa4-91548175eff5","2021-04-26 10:28:49.699"
"ALC","75.980","7","76.050","4","158","75.90","2dd57589-0ff0-414d-aaad-2e9d18acb8e1","2021-04-26 10:28:49.699"
"ALC","75.980","4","76.040","3","158","75.90","98a9246d-2b35-46ed-8e98-bc962a456c8b","2021-04-26 10:28:49.699"
"ALC","75.980","2","76.030","1","158","75.90","adc32eb1-6fde-4cf5-8ccb-c4da39ae7d95","2021-04-26 10:28:49.699"
"ALC","75.980","2","76.030","1","158","75.90","b6b7af45-9194-46b1-b634-21f2dceb569b","2021-04-26 10:28:49.699"
"ALC","75.980","2","76.030","1","158","75.90","02f0aca9-806e-4d45-b0a4-c0847193e28e","2021-04-26 10:28:49.699"
"ALC","75.980","2","76.030","1","158","75.90","d7547bf1-d529-4d01-b956-8ca8b33047d5","2021-04-26 10:28:49.699"
"ALC","75.980","2","76.030","1","158","75.90","c6e47362-fe17-4b85-ad2d-8556a6d3a283","2021-04-26 10:28:49.699"
"ALC","75.910","2","75.950","1","-158","75.96","2dd5121c-9dcc-4493-9f53-2ba68c7369cd","2021-04-26 10:30:34.986"
"ALC","75.910","2","75.950","1","-158","75.96","d322f7f8-fe76-4ae2-936d-b50738bbb002","2021-04-26 10:30:34.986"
"ALC","75.910","2","75.950","1","-158","75.96","0c1efad7-8a8f-4ac8-9e08-4ca6fbc8472f","2021-04-26 10:30:34.986"
"ALC","75.950","1","76.020","6","-158","76.02","233d46a9-e2c3-4438-b1d6-ee51e10128a6","2021-04-26 10:33:09.539"
"ALC","75.950","1","76.020","6","-158","76.02","57c1b27a-77d9-467f-ad18-6dc60ad4c977","2021-04-26 10:33:09.539"
"ALC","75.950","1","76.020","6","-158","76.02","dfe49997-2ace-4e76-af10-4599445dd662","2021-04-26 10:33:09.539"
"ALC","75.970","1","76.020","3","-158","76.02","f1d31ada-f1a7-4051-95f2-df79aeb30a95","2021-04-26 10:34:15.175"
"ALC","75.970","1","76.020","3","-158","76.02","67101463-e141-4bcc-9045-e9d3da9c3254","2021-04-26 10:34:15.175"
"ALC","75.970","12","76.050","1","-158","76.05","a10e177a-9dbd-4ee0-8fb1-494fe35e72c9","2021-04-26 10:35:05.097"
"ALC","76.020","2","76.060","1","-158","76.06","9b5bf176-9e39-4468-a23c-e483ff3ae63b","2021-04-26 10:36:37.866"
"ALC","76.030","3","76.090","1","157","75.97","563cb987-8104-4e60-86a2-ae19b168c6e6","2021-04-26 10:44:33.851"
"ALC","75.970","8","76.010","1","-157","76.01","75989469-80e4-42fa-bbd3-f451e27794d8","2021-04-26 10:45:20.638"
"ALC","76.050","1","76.100","6","157","75.99","5ed19c23-05a8-40f2-ae69-73399127420f","2021-04-26 10:56:23.562"
"ALC","76.050","1","76.100","6","157","75.99","6adc58bf-809f-4cf1-9837-77118d03410b","2021-04-26 10:56:23.562"
"ALC","76.050","1","76.100","6","157","75.99","2cd13f70-821d-4708-a5f5-04b5c46f591f","2021-04-26 10:56:23.562"
"ALC","76.030","1","76.080","6","157","75.99","7359409e-faed-483a-b51c-9e8811613365","2021-04-26 10:56:23.562"
"ALC","75.990","7","76.050","2","-157","76.05","3e7de34d-4026-4b6a-a557-47ed097e98c2","2021-04-26 10:57:35.177"
"ALC","75.990","7","76.050","2","-157","76.05","93b56dba-c8d0-4dc6-8c4f-7b2f94be658f","2021-04-26 10:57:35.177"
"ALC","76.010","6","76.060","1","-157","76.06","d0b233c8-291c-48e5-920e-16b8536fcb22","2021-04-26 10:58:20.532"
"ALC","76.010","6","76.060","1","-157","76.06","cdc90bc7-8c88-48f6-b4cf-52b50bf4fb92","2021-04-26 10:58:20.532"
"ALC","76.030","3","76.070","1","157","75.98","29d86ac4-3f51-4d49-8cfd-170d84218d8f","2021-04-26 11:09:01.924"
"ALC","76.010","1","76.070","4","157","75.98","2f4498c8-6988-4650-9516-2aa12c670575","2021-04-26 11:09:01.924"
"ALC","76.010","1","76.070","4","157","75.98","dd119729-ea2a-4e4b-ab05-6a3e4125b331","2021-04-26 11:09:01.924"
"ALC","76.010","1","76.070","4","157","75.98","bb9edd31-276d-4a61-a5f2-d36e9ed7a47d","2021-04-26 11:09:01.924"
"ALC","76.020","1","76.070","3","157","75.96","834d83e8-a004-434c-b530-b5b2d0b1c250","2021-04-26 11:15:49.607"
"ALC","76.020","1","76.070","3","157","75.96","dacc19f4-5ec7-4331-86c8-b29667e2a6b0","2021-04-26 11:15:49.607"
"ALC","76.020","1","76.070","3","157","75.96","23dec570-7913-484a-8dd1-79b19ef177cb","2021-04-26 11:15:49.607"
"ALC","76.030","4","76.070","3","157","75.96","41eb6d0f-2fc2-4265-b489-10a2375af0e2","2021-04-26 11:15:49.607"
"ALC","76.040","2","76.070","1","157","75.96","1d610c50-86f0-42df-9c61-6fe372f95548","2021-04-26 11:15:49.607"
"ALC","76.040","2","76.070","1","157","75.96","b654d929-ebd5-4325-9b4b-08ef5fe9fe28","2021-04-26 11:15:49.607"
"ALC","76.040","2","76.070","1","157","75.96","f41bee79-0c79-4885-adea-76add2b32599","2021-04-26 11:15:49.607"
"ALC","76.040","2","76.070","1","157","75.96","5f8ed8ff-1c20-42bf-8d18-140df69ceba5","2021-04-26 11:15:49.607"
"ALC","76.010","4","76.050","1","157","75.96","adffc325-f831-41e2-9432-ec072cae8b19","2021-04-26 11:15:49.607"
"ALC","76.010","2","76.070","2","157","75.96","7aa2d855-9946-4a2f-b3d7-e2204083da75","2021-04-26 11:15:49.607"
"ALC","76.010","2","76.070","2","157","75.96","6027b1e0-b858-4ac8-ad78-2d0f01127bd4","2021-04-26 11:15:49.607"
"ALC","76.010","2","76.040","1","157","75.96","9020622c-e024-4c80-8166-9ea56402917b","2021-04-26 11:15:49.607"
"ALC","75.920","4","75.970","3","-157","75.97","e2a56000-01fa-4ed9-9565-3b2b997faa4e","2021-04-26 11:16:38.655"
"ALC","75.920","4","75.970","3","-157","75.97","a16489aa-0749-40ef-9b80-1b0e43f1dace","2021-04-26 11:16:46.054"
"ALC","75.920","1","75.990","4","-157","75.99","becf453d-a838-4ade-9717-d2f23c62a8fc","2021-04-26 11:16:48.468"
"ALC","75.920","1","75.990","4","-157","75.99","38837068-ff7c-47cb-9498-5062eb88a117","2021-04-26 11:16:48.468"
"ALC","75.940","5","76.000","2","-157","76.02","d0cabcf9-d27c-403a-ad30-0ec374208a64","2021-04-26 11:17:24.008"
"ALC","75.940","5","76.000","2","-157","76.02","3a70e05d-b485-4434-824d-e3fd0b878512","2021-04-26 11:17:24.008"
"ALC","75.940","5","76.000","2","-157","76.02","15999aae-97cb-4c36-a0c8-af9d39e0c2d1","2021-04-26 11:17:24.008"
"ALC","75.940","5","76.000","2","-157","76.02","86e6a664-120b-438e-ba00-28fc0ce68802","2021-04-26 11:17:24.008"
"ALC","75.940","5","76.000","2","-157","76.02","a2049cf4-b7d1-4768-8b40-107a68961478","2021-04-26 11:17:24.008"
"ALC","75.940","5","76.000","2","-157","76.02","4fd99fd7-7d33-45c2-ac05-028d59c6af23","2021-04-26 11:17:24.008"
"ALC","75.940","5","76.000","2","-157","76.02","f7f0c792-8662-4e5b-8d70-51c931758dc8","2021-04-26 11:17:24.008"
"ALC","75.940","5","76.000","2","-157","76.02","d9179b68-aa0b-4ccd-817c-28f00c7563a4","2021-04-26 11:17:24.008"
"ALC","75.940","5","76.000","2","-157","76.02","5204a1dd-4709-4cbf-8d76-725980d5f858","2021-04-26 11:17:24.008"
"ALC","75.940","5","76.000","2","-157","76.02","fb15631e-be21-4066-a53a-c942c071aea6","2021-04-26 11:17:24.008"
"ALC","75.940","5","76.000","2","-157","76.02","163f5c78-8457-4621-b85b-08d8d6c5c9ab","2021-04-26 11:17:24.008"
"ALC","75.940","5","76.000","2","-157","76.02","439bc509-04a7-49e9-95a6-aa686215a649","2021-04-26 11:17:24.008"
"ALC","75.940","2","76.020","3","157","75.97","88a0c1fb-8a31-44f3-8c87-3962616b2103","2021-04-26 11:29:19.755"
"ALC","75.800","5","75.840","1","158","75.75","3d3b9890-c240-4a5f-bbd4-344bb2a03c80","2021-04-26 11:34:22.023"
"ALC","75.810","5","75.840","2","158","75.75","d5a434c5-171f-49f7-8a35-1f1b3bd24d49","2021-04-26 11:34:22.023"
"ALC","75.860","2","75.910","1","158","75.75","1cd5706e-51aa-4945-99fd-6468eed5f555","2021-04-26 11:34:22.023"
"ALC","75.860","2","75.910","1","158","75.75","5c76b4c2-fc37-4ac0-983e-3121d41c7db2","2021-04-26 11:34:22.023"
"ALC","75.860","2","75.910","1","158","75.75","59085ea5-596b-42bd-a1a9-91b4f083e6af","2021-04-26 11:34:22.023"
"ALC","75.870","8","75.940","1","158","75.75","a40eb4a6-d36f-4f01-81c3-596d85709018","2021-04-26 11:34:22.023"
"ALC","75.870","8","75.930","5","158","75.75","8d04e12c-e954-4303-95e0-5f17c5c4b4cb","2021-04-26 11:34:22.023"
"ALC","75.870","8","75.910","1","158","75.75","b2920faf-9d0b-430d-997b-d7645b5cc212","2021-04-26 11:34:22.023"
"ALC","75.890","8","75.950","2","158","75.75","2960256e-b5cf-4a52-9f59-f33c4b1be5a0","2021-04-26 11:34:22.023"
"ALC","75.890","7","75.950","1","158","75.75","5682bf4f-8a02-46da-960c-b366b7a4f280","2021-04-26 11:34:22.023"
"ALC","75.920","2","75.960","1","158","75.75","ff36a0f3-4ad9-4ed4-862a-502ea302cf64","2021-04-26 11:34:22.023"
"ALC","75.550","4","75.670","2","-158","75.67","decec987-b131-4e24-9902-9e7fe636a4aa","2021-04-26 11:37:15.216"
"ALC","75.580","3","75.720","2","-158","75.76","f31e6926-53c0-4080-a412-94c10ba8399d","2021-04-26 11:37:20.318"
"ALC","75.580","3","75.720","2","-158","75.76","b79942e3-1460-431e-a94d-dd8e7f2a21a7","2021-04-26 11:37:20.318"
"ALC","75.580","3","75.720","2","-158","75.76","d5e33b39-4ea1-45a1-8f51-f42f7bf9c317","2021-04-26 11:37:20.318"
"ALC","75.580","3","75.720","2","-158","75.76","d21a013f-7d52-4e97-bf7d-6d6235850714","2021-04-26 11:37:20.318"
"ALC","75.580","3","75.720","2","-158","75.76","d9015dfb-8743-4706-883e-f488dd649157","2021-04-26 11:37:20.318"
"ALC","75.580","3","75.720","2","-158","75.76","64b92c5f-4943-4cc6-847d-aff60c510753","2021-04-26 11:37:20.318"
"ALC","75.580","3","75.720","2","-157","75.76","d6937c9a-0c35-4f08-9e54-cb34d85a1cf2","2021-04-26 11:37:20.318"
"ALC","75.580","3","75.720","2","-158","75.76","ae079de5-e233-4c0e-b02f-0e7217f5e48e","2021-04-26 11:37:20.318"
"ALC","75.580","3","75.720","2","-158","75.76","3942d81a-58c9-4498-a8de-54d2d1f4876c","2021-04-26 11:37:20.318"
"ALC","75.580","3","75.720","2","-158","75.76","b7b809b2-dbae-457e-a199-aacf7520fa5f","2021-04-26 11:37:20.318"
"ALC","75.580","3","75.720","2","-158","75.76","dfd4dee7-71d5-4b09-83f5-339ccd1c49f3","2021-04-26 11:37:20.318"
"ALC","75.760","7","75.850","4","158","75.64","4030345b-6a8c-4bd8-9c5a-f9d363bfa292","2021-04-26 11:56:43.031"
"ALC","75.760","7","75.850","4","158","75.64","512e8b32-ae2b-4179-a998-d4289140b0c2","2021-04-26 11:56:43.031"
"ALC","75.760","7","75.850","4","158","75.64","f6db3b70-01d8-4c1c-ad5d-fa0b607db8d0","2021-04-26 11:56:43.031"
"ALC","75.760","7","75.850","4","158","75.64","f9fcf27e-7709-4fcb-86b8-88fb7bb5d3f2","2021-04-26 11:56:43.031"
"ALC","75.760","7","75.850","4","158","75.64","4ffb2d98-81e6-4eef-9387-c3d421190987","2021-04-26 11:56:43.031"
"ALC","75.760","7","75.850","4","158","75.64","fc477ea2-d7e6-4f5d-80af-43dd98162a0b","2021-04-26 11:56:43.031"
"ALC","75.690","1","75.760","2","-158","75.76","cff4f9e0-6a8a-4a3e-9bdb-a353a3c34ee7","2021-04-26 12:01:59.224"
"ALC","75.690","1","75.760","2","-158","75.76","74aafaac-887f-464b-8a20-7b59db8c402a","2021-04-26 12:01:59.224"
"ALC","75.690","4","75.760","3","-158","75.76","5534710e-ff69-4cd6-87b8-ff4bccd127b3","2021-04-26 12:08:19.792"
"ALC","75.690","3","75.760","3","-158","75.76","e978aa20-97c0-4fcc-9604-08196f6577b7","2021-04-26 12:09:18.064"
"ALC","75.700","2","75.760","2","-158","75.76","62c7c156-e924-4246-af0e-0618cdc69035","2021-04-26 12:12:42.733"
"ALC","75.700","2","75.760","2","-158","75.77","df032c06-87c3-4ccf-bc4a-2d5adb63ddf9","2021-04-26 12:15:39.188"
"ALC","75.730","4","75.780","3","158","75.72","1b7984fa-316d-4935-b4a1-794dbb82a495","2021-04-26 12:37:03.227"
"ALC","75.730","4","75.780","3","158","75.72","110f8a92-d7ae-4cc8-a349-0c7f8f2461b1","2021-04-26 12:37:03.227"
"ALC","75.760","2","75.840","3","158","75.72","0ff7c0f1-9091-44e1-9a23-80a884333fcf","2021-04-26 12:37:03.227"
"ALC","75.750","3","75.800","1","-158","75.80","0b625cb7-235e-4928-94cc-dd2edc815590","2021-04-26 12:39:46.098"
"ALC","75.750","3","75.800","1","-158","75.80","bc9f8b5b-9027-45a5-be3a-cf891dbc8c51","2021-04-26 12:39:46.098"
"ALC","75.750","4","75.800","1","-158","75.80","5ca68014-d66f-421c-b633-8582084fbe2d","2021-04-26 12:41:00.526"
"ALC","75.800","1","75.850","5","158","75.72","61c106a9-bcf9-41af-a56d-399672600cda","2021-04-26 13:06:43.673"
"ALC","75.800","1","75.850","5","158","75.72","49352776-9784-4a9e-8d42-7390e2af9b3f","2021-04-26 13:06:43.673"
"ALC","75.800","1","75.850","5","158","75.72","c4ef3cd8-ea96-4ad5-9294-36270c44e9f9","2021-04-26 13:06:43.673"
"ALC","75.800","1","75.850","5","158","75.72","a53b3e80-8e2c-424b-a0a4-f278fe45dcea","2021-04-26 13:06:43.673"
"ALC","75.790","1","75.840","4","158","75.72","5622867f-e7b1-4353-a66f-2147d4933297","2021-04-26 13:06:43.673"
"ALC","75.790","1","75.840","4","158","75.72","ef3edfee-95a4-4d4f-a984-dbc2b1e7b83c","2021-04-26 13:06:43.673"
"ALC","75.790","2","75.830","3","158","75.72","337376ad-dee0-4d46-80bc-d6003cb414ba","2021-04-26 13:06:43.673"
"ALC","75.790","3","75.830","3","158","75.72","b84976a0-dcf6-46e8-9f38-7f2b976919f3","2021-04-26 13:06:43.673"
"ALC","75.790","3","75.830","3","158","75.72","e24589c5-4c00-4397-aa0c-d8bdfba8339c","2021-04-26 13:06:43.673"
"ALC","75.730","4","75.780","2","158","75.70","857fd1c6-2d42-4cc4-93c3-6e620c6b40a7","2021-04-26 13:06:54.258"
"ALC","75.730","4","75.770","2","158","75.70","8a67669a-c8e9-49de-bde8-0bd9dfde453c","2021-04-26 13:06:54.258"
"ALC","75.700","4","75.750","3","-158","75.75","2463596a-3435-491a-be60-b12fc6f1051f","2021-04-26 13:14:29.479"
"ALC","75.700","4","75.750","3","-158","75.75","4b7fd52d-d9ad-414b-96e1-f79abfba7b4c","2021-04-26 13:14:29.479"
"ALC","75.700","4","75.750","3","-158","75.75","55890d86-0ada-4cc8-b330-8bbca7e10dee","2021-04-26 13:14:29.479"
"ALC","75.700","4","75.750","3","-158","75.75","6dada179-3f65-4268-86a4-7a685089b33f","2021-04-26 13:14:29.479"
"ALC","75.700","4","75.750","3","-158","75.75","040a2187-4f6c-440e-bf94-56a146ab18e2","2021-04-26 13:14:29.479"
"ALC","75.700","4","75.750","3","-158","75.75","9e3e49e9-fe76-4aee-a670-e6899fa44446","2021-04-26 13:14:29.479"
"ALC","75.700","4","75.750","3","-158","75.75","1ff93b62-409b-41b1-aafd-ad01be316786","2021-04-26 13:14:29.479"
"ALC","75.700","4","75.750","3","-158","75.75","f8748011-dc43-4e97-8463-54a37e469c20","2021-04-26 13:14:29.479"
"ALC","75.700","4","75.750","2","-158","75.75","eb69ee94-892a-4460-a005-a9b3367176c0","2021-04-26 13:14:29.479"
"ALC","75.700","4","75.750","2","-158","75.75","fd6f063e-f251-43b7-a1f0-ce7dd7e47dd3","2021-04-26 13:14:29.479"
"ALC","75.700","4","75.750","2","-158","75.75","d4258247-318b-41a4-acfb-d8df177ea73f","2021-04-26 13:14:29.479"
"ALC","76.280","1","76.360","1","157","76.31","f0a21603-fdf1-4fa6-8460-f399bfa3ee77","2021-04-26 14:52:05.252"
"ALC","76.280","1","76.360","1","157","76.31","6204158d-c0e5-4f20-8b74-ae15d1a1a61b","2021-04-26 14:52:05.252"
"ALC","76.280","1","76.360","1","157","76.31","d3f3fa1e-484b-41a6-99ff-f44669ab650a","2021-04-26 14:52:05.252"
"ALC","76.280","1","76.360","1","157","76.31","bb6ac834-1528-4469-bd8d-1f96e3f99da7","2021-04-26 14:52:05.252"
"ALC","76.290","1","76.350","1","-157","76.35","b420496d-9791-4474-8747-2dad6643458e","2021-04-26 14:54:44.530"
"ALC","76.290","1","76.350","1","-157","76.35","9cae1617-1142-4ea0-8a4f-17835a7f47c6","2021-04-26 14:54:44.530"
"ALC","76.330","1","76.360","4","-157","76.37","646c2634-bda0-436e-92c8-c9fcba1e45e8","2021-04-26 14:56:45.852"
"ALC","76.330","1","76.360","4","-157","76.37","241ccf5b-18e1-4619-b971-b30895b9551d","2021-04-26 14:56:45.852"
