"Symbol","Bid","Bid Sz","Ask","Ask Sz","Shares","Price","Order ID","Timestamp"
"AA","49.830","2","49.860","1","7","49.86","14bbf86b-dcca-49c3-b3fb-f92f4a30160e","2021-11-23 10:12:30.006"
"AA","49.790","1","49.830","1","-7","49.83","a98e22cc-56a6-4414-8bcc-38b1d6d31fd4","2021-11-23 10:13:17.182"
"AA","49.780","1","49.830","1","7","49.83","419c622e-d5bd-4007-8932-2cef99e5fc20","2021-11-23 10:14:00.006"
"AA","49.820","6","49.870","4","-7","49.87","158c5b48-7c2c-43cd-b238-926ce2bb3b26","2021-11-23 10:15:21.359"
"AA","49.980","1","50.000","2","7","49.84","516b6f83-306a-4dd3-94a0-3d9b70f51d8a","2021-11-23 10:21:03.136"
"AA","49.920","1","49.960","2","7","49.84","6fce8c9e-b05c-477d-aa61-e1b9ffa93b94","2021-11-23 10:21:03.136"
"AA","49.750","1","49.770","1","-7","49.77","69a90f1d-ea82-41fd-999b-c36f34b32745","2021-11-23 10:21:29.519"
"AA","49.730","2","49.760","1","-7","49.76","34b17b12-1654-4165-bfb5-a4702edb8171","2021-11-23 10:21:32.510"
"AA","50.050","2","50.100","20","7","49.63","1c51e000-2119-413d-89bf-0048ced291f3","2021-11-23 10:24:43.026"
"AA","49.800","1","49.830","1","-7","49.83","5391a212-6671-4d48-a204-2aaacb786f4b","2021-11-23 10:26:17.393"
"AA","49.650","2","49.670","2","7","49.54","27a1d777-9cc2-4d77-928f-0775f6bbce81","2021-11-23 10:48:29.616"
"AA","49.650","1","49.660","1","7","49.54","152db647-f02b-4f42-8ee4-1f778b155cc3","2021-11-23 10:48:29.616"
"AA","49.650","1","49.670","1","7","49.54","65229510-14c1-4e4b-a804-b3fd86880d38","2021-11-23 10:48:29.616"
"AA","49.640","1","49.670","1","7","49.54","df2c14bc-3a35-43d4-a74b-554bc08867d8","2021-11-23 10:48:29.616"
"AA","49.620","3","49.650","1","7","49.54","9c655df1-a38e-4876-bc40-ca701c5bb481","2021-11-23 10:48:29.616"
"AA","49.660","3","49.700","3","7","49.44","9cb14a1d-6d60-49b2-8824-8d49fc2f98d5","2021-11-23 10:51:36.742"
"AA","49.690","2","49.730","4","7","49.44","385e0a45-5d6e-44f4-9737-e9101dc63c8e","2021-11-23 10:51:36.742"
"AA","49.720","2","49.750","1","7","49.44","0031eeff-e82f-46e0-a5fa-822537f2d6bf","2021-11-23 10:51:36.742"
"AA","49.710","2","49.730","2","7","49.44","a1a4b499-0830-4699-901d-8a8f62b11f34","2021-11-23 10:51:36.742"
"AA","49.310","2","49.340","1","-7","49.35","de73cfbb-fff5-4486-adbb-ac8bef7b6072","2021-11-23 10:52:00.311"
"AA","49.310","2","49.340","1","-7","49.35","7c196458-f20f-476c-abd9-205e8f47b8b4","2021-11-23 10:52:00.311"
"AA","49.310","2","49.340","1","-7","49.35","14bfe759-944f-4a6f-a79f-bd570f4abe87","2021-11-23 10:52:00.311"
"AA","49.310","2","49.340","1","-7","49.35","38b4a8c6-336b-4b90-89b8-b73f25081148","2021-11-23 10:52:00.311"
"AA","49.310","2","49.340","1","-7","49.35","079924f8-0aef-4aed-b4bd-994d347d8e94","2021-11-23 10:52:00.311"
"AA","49.170","4","49.200","3","-7","49.20","70d62dc9-326c-4058-b0de-4558506767f0","2021-11-23 10:54:01.937"
"AA","49.170","4","49.200","3","-7","49.20","a5acf1ce-9fd5-4b45-b1cb-eb24b5d35f13","2021-11-23 10:54:01.937"
"AA","49.140","53","49.150","1","-7","49.15","99bc7d5a-1818-41ea-af3b-d7e95dfe736d","2021-11-23 10:54:10.268"
"AA","49.090","3","49.120","2","-7","49.12","1aa69357-60a9-4104-96fa-09fd468b09ac","2021-11-23 10:55:11.558"
"AA","49.900","2","49.950","2","7","48.81","0a76817a-f5c3-47e4-89e2-26f307f49cd8","2021-11-23 10:59:44.151"
"AA","49.860","1","49.910","3","7","48.81","5f816e42-2a98-414e-9a07-f76880eae260","2021-11-23 10:59:44.151"
"AA","49.840","1","49.860","1","7","48.81","1b8c7eb5-b38b-4f35-b6ab-70c720c89f22","2021-11-23 10:59:44.151"
"AA","49.850","1","49.910","5","7","48.81","382e437b-6dfe-4d91-80be-04cf9f4b983e","2021-11-23 10:59:44.151"
"AA","49.900","2","49.940","1","7","48.81","abf00390-0dca-45da-bc7b-4c6e3cf8cca2","2021-11-23 10:59:44.151"
"AA","50.060","7","50.120","1","7","48.81","b47a7c98-6529-48b8-a027-aad47c3661ff","2021-11-23 10:59:44.151"
"AA","50.030","3","50.060","1","7","48.79","374a0b77-4aec-4ef8-a72b-e155847d6075","2021-11-23 10:59:45.467"
"AA","50.050","6","50.090","1","7","48.79","903f618b-59e1-4c9d-bd91-bf51a031f88e","2021-11-23 10:59:45.467"
"AA","48.860","1","48.900","2","-7","48.90","2e1f9159-ef6a-4cdc-8c7d-9dbefdc13351","2021-11-23 11:00:25.593"
"AA","48.860","1","48.900","2","-7","48.90","993a4702-a9eb-4979-b30a-327896c2530b","2021-11-23 11:00:25.593"
"AA","48.860","1","48.900","2","-7","48.90","0964d908-94fd-4c13-9bec-1b47529726b6","2021-11-23 11:00:25.593"
"AA","48.860","1","48.900","2","-7","48.90","a57024e4-7553-4abd-9db1-03bebd548470","2021-11-23 11:00:25.593"
"AA","50.060","2","50.080","1","7","48.76","ea53a951-4c68-4811-a142-ed8b610e958a","2021-11-23 11:01:13.640"
"AA","50.030","1","50.050","1","7","48.76","45eeafcc-5a29-439b-b183-a941bf4cff1c","2021-11-23 11:01:13.640"
"AA","50.100","6","50.130","1","7","48.76","bd573adb-c3b4-49ed-b3e3-41a18575b572","2021-11-23 11:01:13.640"
"AA","48.750","5","48.770","5","-7","48.77","ff7b73f2-6a04-49a9-bfef-107b761703e4","2021-11-23 11:01:25.092"
"AA","48.660","2","48.690","6","-7","48.69","80e3e5f2-fcf0-465e-8401-9f2a6e639169","2021-11-23 11:02:41.072"
"AA","48.700","2","48.710","1","-7","48.71","a888f09f-b328-45ad-9500-553c54d5a6a9","2021-11-23 11:03:28.282"
"AA","48.620","3","48.660","1","-7","48.66","f5b376b3-e26c-438c-9731-037876af413d","2021-11-23 11:04:18.102"
"AA","48.710","5","48.720","1","-7","48.72","e3aacb7c-7a80-4306-84a2-11ca5e45fcbc","2021-11-23 11:04:30.048"
"AA","48.710","5","48.720","1","-7","48.72","991c0087-d6b7-4870-992d-d0e132c9e4c4","2021-11-23 11:04:30.048"
"AA","48.680","5","48.720","1","-7","48.74","f534c84c-8d1f-4288-bb4f-6c1131a09c89","2021-11-23 11:04:40.666"
"AA","48.750","2","48.780","4","7","48.78","a322a1a8-63a4-46ab-8e0c-78d48580b843","2021-11-23 11:13:00.006"
"AA","48.820","3","48.860","1","-7","48.87","d75b53b9-cc81-427b-af0c-8aa16aa186c4","2021-11-23 11:15:40.651"
"AA","48.900","2","48.920","2","7","48.72","a98fedd0-f157-4c12-b82a-677feade1c31","2021-11-23 11:20:06.994"
"AA","48.900","2","48.920","2","7","48.72","0cb0a17b-5de8-4e9e-a728-6a6e4cae0d06","2021-11-23 11:20:06.994"
"AA","48.880","3","48.910","4","7","48.72","9c00ee28-d023-46f1-9b50-a274ff9fdf9d","2021-11-23 11:20:06.994"
"AA","48.880","1","48.910","1","7","48.72","529fd469-d7e0-4f09-ae4a-65bbd217976c","2021-11-23 11:20:06.994"
"AA","48.750","1","48.790","2","-7","48.79","249c34fa-9b85-44c9-8b83-ef0b323cf6d4","2021-11-23 11:20:37.524"
"AA","48.750","1","48.790","2","-7","48.79","c6fad26c-c958-4366-b524-7108aa548f82","2021-11-23 11:20:37.524"
"AA","48.740","1","48.780","3","-7","48.78","c2065473-cd5e-4d45-b16d-bf42b6d73b28","2021-11-23 11:21:06.476"
"AA","48.770","5","48.780","1","-7","48.80","ae4c4436-db21-49e9-9691-ffb0671ceee0","2021-11-23 11:21:12.182"
"AA","48.890","3","48.910","1","7","48.68","165e519d-51b5-4549-9e3b-f6dedcbeab20","2021-11-23 11:25:33.176"
"AA","48.840","15","48.890","1","-7","48.89","b1292edc-711c-4af9-9823-048eaa7b6ed8","2021-11-23 11:26:12.440"
"AA","48.840","1","48.890","1","7","48.76","88ac3449-dfeb-4c67-a172-b82c444d88ed","2021-11-23 11:34:30.151"
"AA","48.840","1","48.890","1","7","48.76","3238903b-05b3-4e7f-8f62-50f05f27e809","2021-11-23 11:34:30.151"
"AA","48.870","3","48.900","1","7","48.76","171fd23a-1f5b-4518-b95f-dbd06a29b292","2021-11-23 11:34:30.151"
"AA","48.840","2","48.890","1","7","48.76","63ce0c54-50ff-473f-9f37-b8b1a4073364","2021-11-23 11:34:30.151"
"AA","48.840","2","48.890","1","7","48.76","1aa72f8a-290a-4fe8-94ec-21bb4fde7239","2021-11-23 11:34:30.151"
"AA","48.820","1","48.850","1","7","48.76","62fd9463-a540-4ab3-aa80-e1ca0c0d36eb","2021-11-23 11:34:30.151"
"AA","48.820","3","48.860","2","7","48.69","34df69d3-c646-4d35-a824-5a9fa733738f","2021-11-23 11:34:51.314"
"AA","48.850","1","48.880","1","7","48.69","33dcf8da-2ce4-4a36-b266-031430e79d5e","2021-11-23 11:34:51.314"
"AA","48.680","1","48.700","1","-7","48.70","a7a9a3c0-17e8-411f-8c62-fe2c0b1a9e44","2021-11-23 11:35:21.439"
"AA","48.680","1","48.700","1","-7","48.70","77a8efcf-9155-4f1a-bdc3-97ae71923810","2021-11-23 11:35:21.439"
"AA","48.680","1","48.700","1","-7","48.70","1c5228c6-abe8-4558-976f-61ae494a87ec","2021-11-23 11:35:21.439"
"AA","48.680","1","48.700","1","-7","48.70","34b61df3-dd02-432a-8890-7eb0f8ee2965","2021-11-23 11:35:21.439"
"AA","48.640","2","48.660","2","-7","48.66","8e28f434-f0fc-42a7-b44c-3e7c1aa76f1e","2021-11-23 11:35:41.412"
"AA","48.770","1","48.790","1","7","48.60","94b48323-74fe-40a3-b634-ece46773a239","2021-11-23 11:35:46.250"
"AA","48.760","2","48.800","3","7","48.60","0950be08-dbab-420c-8e7b-0d6f83ddbdf8","2021-11-23 11:35:46.250"
"AA","48.780","1","48.800","1","7","48.60","b4f17a01-e692-4beb-bf97-d6f559268d93","2021-11-23 11:35:46.250"
"AA","48.750","1","48.780","1","7","48.60","90741161-c408-4492-846b-0c2aeb3899ac","2021-11-23 11:35:46.250"
"AA","48.750","6","48.780","1","7","48.60","83090814-e648-4acc-b780-e6441d070c97","2021-11-23 11:35:46.250"
"AA","48.780","1","48.800","1","7","48.60","4611c909-861f-49bd-955c-14a448be8c6c","2021-11-23 11:35:46.250"
"AA","48.750","5","48.800","6","7","48.60","f13b7682-66b8-4f9d-b9b9-dcf54a4d9364","2021-11-23 11:35:46.250"
"AA","48.750","6","48.800","6","7","48.60","a0a83dc1-37ee-444a-a655-2b7dc68fa256","2021-11-23 11:35:46.250"
"AA","48.750","6","48.800","6","7","48.56","036b3498-1299-43ed-b7b3-cd0c0a38553d","2021-11-23 11:35:48.244"
"AA","48.770","1","48.800","3","7","48.56","976d8fe7-2520-4595-81f2-c166469d3227","2021-11-23 11:35:48.244"
"AA","48.770","1","48.800","3","7","48.56","cf844fff-7b64-4425-b7eb-f8335aeebee8","2021-11-23 11:35:48.244"
"AA","48.560","1","48.580","1","-7","48.58","18ffd84c-b2ac-48ef-aedc-40ca69019369","2021-11-23 11:35:50.994"
"AA","48.560","1","48.580","1","-7","48.58","eef009b9-494b-4922-9bd9-3bd46f8b6f35","2021-11-23 11:35:50.994"
"AA","48.580","2","48.600","1","-7","48.60","28732598-14ca-49ac-9834-4af467967cc5","2021-11-23 11:36:03.922"
"AA","48.580","2","48.600","1","-7","48.60","914d1c54-54ad-4232-a5d5-860ac7d90f52","2021-11-23 11:36:03.922"
"AA","48.580","2","48.600","1","-7","48.60","ca839fd6-d67c-4ae4-b14a-22718c650a5a","2021-11-23 11:36:03.922"
"AA","48.580","2","48.600","1","-7","48.60","bd210735-c9fb-47f7-a440-caf90dee69d1","2021-11-23 11:36:03.922"
"AA","48.580","2","48.600","1","-7","48.60","58bbfaeb-bda1-41cc-b958-d27073ff1b13","2021-11-23 11:36:03.922"
"AA","48.580","2","48.600","1","-7","48.60","d09face8-d53b-4346-af0f-44fef0b64ed1","2021-11-23 11:36:03.922"
"AA","48.840","16","48.880","1","7","48.53","49ada6a1-3991-4e8d-b7b6-7d78113f0563","2021-11-23 11:36:09.166"
"AA","48.860","1","48.890","1","7","48.53","d4b69aba-942e-4744-b6cb-53bcfe636bb5","2021-11-23 11:36:09.166"
"AA","48.860","1","48.890","2","7","48.53","ae04c62e-9160-45d0-826f-106d7a66e2e0","2021-11-23 11:36:09.166"
"AA","48.880","1","48.890","1","7","48.53","954d176c-f687-4a8a-929d-60efb593edd0","2021-11-23 11:36:09.166"
"AA","48.840","21","48.880","1","7","48.53","8c0ff4c1-7980-42cf-91af-65e9a6e80cdc","2021-11-23 11:36:09.166"
"AA","48.860","1","48.890","2","7","48.53","761ebfdf-e5ab-48b2-a8bd-fc9dddb5e0cb","2021-11-23 11:36:09.166"
"AA","48.800","3","48.840","2","7","48.53","e0d144c2-dee9-4a3a-966c-a5a699fb8df9","2021-11-23 11:36:09.166"
"AA","48.520","1","48.540","1","-7","48.54","fa062e03-8457-4bbf-9621-118a7902c0b3","2021-11-23 11:36:11.112"
"AA","48.520","1","48.540","1","-7","48.54","23b83168-e1c3-4024-a22f-5ae48fd776dc","2021-11-23 11:36:11.112"
"AA","48.520","1","48.540","1","-7","48.54","975cc730-b328-4a65-a653-f9cee1e39388","2021-11-23 11:36:11.112"
"AA","48.550","1","48.570","1","-7","48.57","3f2cc7df-f712-40f3-92fd-d9d217604276","2021-11-23 11:36:35.011"
"AA","48.550","1","48.570","1","-7","48.57","57ef0e50-561c-41e0-a785-3cf16a057d88","2021-11-23 11:36:35.011"
"AA","48.550","1","48.570","1","-7","48.57","2092a144-bed0-4632-ac7f-b07796ca215a","2021-11-23 11:36:35.011"
"AA","48.550","1","48.570","1","-7","48.57","41366d57-6a5b-44e9-93f8-2672fa8ec947","2021-11-23 11:36:35.011"
"AA","48.540","1","48.580","4","-7","48.58","78f9a1d7-6ecc-42de-b9fb-f8cecbeb4a70","2021-11-23 11:36:51.033"
"AA","48.540","1","48.580","4","-7","48.58","3151eb30-62e2-43fd-858d-2ccdd0bba531","2021-11-23 11:36:51.033"
"AA","48.520","10","48.560","1","-7","48.58","e3820d7d-088b-4adf-9783-ad201b3675fc","2021-11-23 11:37:00.153"
"AA","48.520","10","48.560","1","-7","48.58","d8eec08e-75e7-420e-837b-9c40a59e55a0","2021-11-23 11:37:00.153"
"AA","48.590","1","48.620","1","-7","48.62","f9e12ab2-821f-47cb-a65f-e47e928d12da","2021-11-23 11:37:18.015"
"AA","48.620","5","48.660","1","-7","48.66","5b99e625-b47d-46dc-8172-652512fd57a7","2021-11-23 11:37:20.369"
"AA","48.800","2","48.830","5","7","48.72","d6bb9517-832f-44fb-88f2-d71907cb4f55","2021-11-23 11:44:31.903"
"AA","48.760","3","48.790","1","7","48.71","9a54a398-bf3e-4813-a79b-1f971f3316d3","2021-11-23 11:44:31.905"
"AA","48.640","1","48.670","1","-7","48.67","76a016b0-5b9f-42b8-a101-ce5c8637df17","2021-11-23 11:45:03.602"
"AA","48.680","1","48.730","11","-7","48.73","2aa9c83e-35dd-40cb-a304-bf1183e8ae19","2021-11-23 11:45:39.787"
"AA","48.910","2","48.960","1","7","48.78","f7f264ab-605b-478e-8262-afd9b2610a9e","2021-11-23 11:53:42.686"
"AA","48.870","3","48.910","7","7","48.78","6b3c90dd-0cff-4ec3-bf37-07192d914743","2021-11-23 11:53:42.686"
"AA","48.870","3","48.930","1","7","48.78","d67cbec1-31bc-4225-9cf9-7cc824b43141","2021-11-23 11:53:42.686"
"AA","48.910","1","48.950","1","7","48.78","e62da246-8d58-4ebd-9a08-829f4b0447b7","2021-11-23 11:53:42.686"
"AA","48.750","1","48.780","2","-7","48.78","85510113-58ce-4e47-a8c0-c758e3ebfde7","2021-11-23 11:54:03.013"
"AA","48.750","1","48.780","2","-7","48.78","b223ea50-211c-4d89-a638-8e21157ef58a","2021-11-23 11:54:03.013"
"AA","48.760","3","48.790","1","-7","48.79","f8216575-65df-4e2c-a79b-7fba22ff997c","2021-11-23 11:55:04.962"
"AA","48.710","1","48.750","3","-7","48.75","c723435a-073a-4588-9736-cab2b99b4382","2021-11-23 11:55:58.489"
"AA","48.910","1","48.950","1","7","48.69","ae9e4f29-b296-475a-a7c2-302ca4762c1a","2021-11-23 11:59:16.537"
"AA","48.910","2","48.960","1","7","48.69","cca6472d-303d-4923-aaa8-f26e78868079","2021-11-23 11:59:16.537"
"AA","48.930","1","48.970","3","7","48.69","76b37e00-727a-4932-8d85-e14fe2f2e28a","2021-11-23 11:59:16.537"
"AA","48.660","1","48.690","1","-7","48.69","67a844cf-1192-4e33-ac36-841c16e77ed4","2021-11-23 12:00:47.390"
"AA","48.660","1","48.690","1","-7","48.69","9c735faf-6dd4-4057-bae7-928d136364a6","2021-11-23 12:00:47.390"
"AA","48.910","1","48.940","1","7","48.58","2afce7d4-9d36-44a4-8935-0e2a384b4b1e","2021-11-23 12:02:02.058"
"AA","48.910","1","48.940","1","7","48.58","e419a16a-c4cf-42e2-ba7b-7f75a8c21cae","2021-11-23 12:02:02.058"
"AA","48.770","1","48.800","2","7","48.58","3b623eb6-aef1-4180-884b-f55d32b1cc83","2021-11-23 12:02:02.058"
"AA","48.840","2","48.880","1","7","48.54","47ed9dc4-62ca-4192-a5f9-5f03f2cad441","2021-11-23 12:02:40.297"
"AA","48.890","1","48.920","5","7","48.54","f8a5b00e-4fe7-4071-b624-34057c622a50","2021-11-23 12:02:40.297"
"AA","48.710","3","48.750","1","7","48.54","e0f58368-e0b8-4cd8-9de7-bc88e0484368","2021-11-23 12:02:40.297"
"AA","48.710","3","48.750","2","7","48.54","2621937b-47d0-45c5-90b9-86577176250f","2021-11-23 12:02:40.297"
"AA","48.700","1","48.750","11","7","48.54","5e708c52-93d7-4c91-b83f-5400a1d5a4cc","2021-11-23 12:02:40.297"
"AA","48.740","1","48.750","1","7","48.54","1eaa400d-ef6b-4d08-a11b-2cc50e2e2ea3","2021-11-23 12:02:40.297"
"AA","48.740","1","48.770","3","7","48.54","43deec92-ba64-4f5c-8baf-ee7317d313da","2021-11-23 12:02:40.297"
"AA","48.730","1","48.760","2","7","48.54","e18a80fc-7258-4f90-8524-b1d16a7a6b9b","2021-11-23 12:02:40.297"
"AA","48.540","1","48.560","3","-7","48.57","9ee16fa6-c2da-48c4-a60a-049b31874c3d","2021-11-23 12:03:01.648"
"AA","48.540","1","48.560","3","-7","48.57","f3194db1-15a8-44fe-88cb-222fba71ac9d","2021-11-23 12:03:01.648"
"AA","48.540","1","48.560","3","-7","48.57","ab531c20-8485-46a3-a618-b2068c1f9002","2021-11-23 12:03:01.648"
"AA","48.540","1","48.560","3","-7","48.57","b89e2a94-90be-4e22-b568-2c3f4f0ed024","2021-11-23 12:03:01.648"
"AA","48.460","1","48.490","1","-7","48.49","fd92d09e-9a83-47a0-8b4e-33c321b59204","2021-11-23 12:03:40.435"
"AA","48.460","1","48.490","1","-7","48.49","ff453885-e900-44bb-936a-1c45436ba970","2021-11-23 12:03:40.435"
"AA","48.460","1","48.490","1","-7","48.49","ae1299d7-30ad-4756-ac59-e3df00dca65b","2021-11-23 12:03:40.435"
"AA","48.460","1","48.490","1","-7","48.49","3e7fc151-c48b-4b3b-a428-d8b410ee361c","2021-11-23 12:03:40.435"
"AA","48.490","1","48.530","5","-7","48.53","7c521d76-3b7a-4759-9df8-eb8c93cb1c37","2021-11-23 12:03:59.221"
"AA","48.490","1","48.530","5","-7","48.53","2225a340-19a6-4042-9819-1a198936b26a","2021-11-23 12:03:59.221"
"AA","48.510","1","48.530","1","-7","48.53","29e4e533-dd26-4bbf-92ab-60403e4a46b0","2021-11-23 12:04:00.575"
"AA","48.510","2","48.530","1","-7","48.53","46c13dc3-cb17-4c46-9523-d0e60aa507a5","2021-11-23 12:04:10.016"
"AA","48.910","1","48.940","6","7","48.90","d8a1747e-be8b-4e55-b043-c0803af3b923","2021-11-23 12:49:04.174"
"AA","48.910","1","48.930","5","7","48.90","b0958235-1247-4e1f-8cf5-eeee0b6cab44","2021-11-23 12:49:04.174"
"AA","48.870","1","48.890","1","-7","48.89","f972acea-abb5-4104-9d0f-693bbbde6b31","2021-11-23 12:50:06.160"
"AA","48.880","1","48.900","1","-7","48.90","a98cca74-2b16-46b2-8aa9-fec242137fce","2021-11-23 12:50:13.969"
"AA","48.840","2","48.880","6","7","48.83","b9bb79d4-1aa3-4794-9a9b-b0747cb81dee","2021-11-23 12:54:52.360"
"AA","48.810","1","48.830","1","-7","48.83","a0e0bbcc-dc04-4500-a57e-66e1488dd532","2021-11-23 12:55:46.006"
"AA","48.890","1","48.920","1","7","48.76","4a103711-e2cb-47b6-a9fc-a4792746a1e9","2021-11-23 12:58:02.282"
"AA","48.900","1","48.920","41","7","48.76","9efdd380-7466-48a6-ba63-d5385796c743","2021-11-23 12:58:02.282"
"AA","48.880","2","48.910","1","7","48.76","35075b9b-2389-4843-aaea-1d735cbf961b","2021-11-23 12:58:02.282"
"AA","48.890","1","48.920","40","7","48.76","5e5e45be-e8fa-49e7-b8cb-a5597a0ffb60","2021-11-23 12:58:02.282"
"AA","48.880","1","48.900","2","7","48.76","4d3c0231-d379-4a7c-96ba-7875abffb061","2021-11-23 12:58:02.282"
"AA","48.740","3","48.760","1","-7","48.76","0a07d14a-b3d9-4b76-80be-5eeffc0930d1","2021-11-23 12:58:46.979"
"AA","48.750","2","48.770","1","-7","48.77","7ea95b2c-efb3-447d-a040-06b8db9cc362","2021-11-23 12:59:03.523"
"AA","48.750","2","48.770","1","-7","48.77","2bb35f10-8d65-4396-bcd2-23bd921c899d","2021-11-23 12:59:03.523"
"AA","48.740","1","48.770","2","-7","48.77","bdae90a0-7e41-4904-9312-860cb8b37054","2021-11-23 12:59:03.523"
"AA","48.750","3","48.780","1","-7","48.78","9e13fcb9-8a86-4dd5-9e00-7f31a60906de","2021-11-23 12:59:22.461"
"AA","48.940","2","48.960","1","7","48.86","0fde2485-74e8-4edc-80b0-5ae13bf19f2d","2021-11-23 13:05:14.176"
"AA","48.950","2","48.970","1","7","48.86","3c2da013-405d-4be1-b396-afbf59620813","2021-11-23 13:05:14.176"
"AA","48.920","1","48.950","2","7","48.86","c6153d08-b8dc-4b78-ad9b-8b456038719a","2021-11-23 13:05:14.176"
"AA","48.930","2","48.960","1","7","48.86","4cf601f9-8b0d-4fdb-b0ab-2a43b965dc28","2021-11-23 13:05:14.176"
"AA","48.890","1","48.910","2","7","48.86","b25cec9c-7275-43be-8df8-34f9062a733f","2021-11-23 13:05:14.176"
"AA","48.840","11","48.870","2","-7","48.87","6d35a2e6-30a7-4462-840c-29e19c3af6b5","2021-11-23 13:07:01.695"
"AA","48.850","2","48.870","1","-7","48.88","9653c08d-8495-4fbc-a529-752d374301b4","2021-11-23 13:07:06.735"
"AA","48.850","2","48.870","1","-7","48.88","7dc288bc-e7bd-45d5-addf-9a380f3c284c","2021-11-23 13:07:06.735"
"AA","48.730","1","48.760","3","-7","48.76","b4e95004-0df9-4f52-a5c8-29488a82906d","2021-11-23 13:11:02.286"
"AA","48.750","2","48.780","3","-7","48.78","4433cc1e-0c62-47e2-b4e2-295eade190f8","2021-11-23 13:11:02.299"
"AA","48.750","1","48.770","1","7","48.76","e78b31ea-532e-4c0a-b6f2-303aac8fe21c","2021-11-23 13:24:04.755"
"AA","48.710","1","48.740","3","-7","48.74","5d20f87f-25d9-4126-b7f3-20c24fe0e545","2021-11-23 13:25:28.475"
"AA","48.790","1","48.830","1","7","48.67","3758e707-f78d-44b4-b630-f2ad05d543a5","2021-11-23 13:29:23.812"
"AA","48.790","1","48.820","1","7","48.67","b0538615-661d-48d7-9404-b472e3d402f4","2021-11-23 13:29:23.812"
"AA","48.780","1","48.810","2","7","48.67","20425301-c225-46b2-bef6-b2d2b3d1ebb1","2021-11-23 13:29:23.812"
"AA","48.780","1","48.810","2","7","48.67","2e97df37-9f76-4f1a-8492-34b1caf68b82","2021-11-23 13:29:23.812"
"AA","48.780","2","48.810","3","7","48.67","0be93fd9-d19c-47a0-80ea-11dbabee1bce","2021-11-23 13:29:23.812"
"AA","48.670","1","48.680","1","-7","48.68","760ed94e-7e06-4410-ad79-e55819f63f48","2021-11-23 13:30:30.816"
"AA","48.670","1","48.680","1","-7","48.68","20a1d5d7-21ca-44e7-b3e7-2ee107f22b43","2021-11-23 13:30:30.816"
"AA","48.670","1","48.680","1","-7","48.68","8a2c4b00-2928-431a-bd73-f9bfec758849","2021-11-23 13:30:30.816"
"AA","48.690","1","48.710","2","-7","48.71","ce28be96-f2d7-43dc-b314-4bc71bd71384","2021-11-23 13:30:42.164"
"AA","48.690","5","48.720","2","-7","48.72","6fda639f-c89d-48f6-be85-7df58b45e4cf","2021-11-23 13:30:55.093"
"AA","48.700","1","48.720","1","7","48.66","0a8e39ef-416e-4dc4-9420-0875c33af9bb","2021-11-23 13:32:34.869"
"AA","48.680","2","48.700","1","7","48.66","04e828ed-ab72-40be-8409-ac4c27a44375","2021-11-23 13:32:34.869"
"AA","48.650","4","48.670","1","-7","48.67","1ba522d0-e89f-496d-89f6-f849bd130242","2021-11-23 13:33:30.776"
"AA","48.660","3","48.680","1","-7","48.69","36ac62c0-3e76-43ad-be8b-b2ae1592d01b","2021-11-23 13:33:53.627"
"AA","48.840","1","48.850","2","7","48.75","947f0c95-c9c4-40bb-8b33-cbacd8e72b1b","2021-11-23 14:12:24.527"
"AA","48.820","1","48.830","1","7","48.75","7d371696-fb39-498e-829c-3c74768de9cd","2021-11-23 14:12:24.527"
"AA","48.800","4","48.820","3","7","48.75","73ae1f86-9afc-40c3-8e38-1d440c4a31bb","2021-11-23 14:12:24.527"
"AA","48.790","1","48.820","2","7","48.75","3ad188dc-b8c7-4a7b-b707-41c8f3215cb6","2021-11-23 14:12:24.527"
"AA","48.840","1","48.850","2","7","48.73","9a93a868-4fd4-494f-a3e3-f8d57429a30f","2021-11-23 14:12:32.839"
"AA","48.850","2","48.870","3","7","48.73","86211f5f-f625-4e4f-ba47-5e8a96074057","2021-11-23 14:12:32.839"
"AA","48.850","2","48.870","3","7","48.73","ea489b5d-628a-4495-96a9-a4d5ef59c1ca","2021-11-23 14:12:32.839"
"AA","48.780","3","48.810","3","-7","48.81","740a68b9-69ba-4bd4-8ee6-493ef2796bb5","2021-11-23 14:13:20.319"
"AA","48.780","3","48.810","3","-7","48.81","5ccfeaa2-3828-43f8-8685-14263fd8205e","2021-11-23 14:13:20.319"
"AA","48.820","3","48.840","1","-7","48.84","867117b1-cef7-4ba7-a083-bdd2c3ec9d37","2021-11-23 14:13:34.124"
"AA","48.820","3","48.840","1","-7","48.84","03a0e751-bea1-4e9f-8813-ebdf18c09f97","2021-11-23 14:13:34.124"
"AA","48.820","3","48.840","1","-7","48.84","c029c273-1f8e-451f-b858-5ab251c7e96f","2021-11-23 14:13:34.124"
"AA","48.790","5","48.820","1","-7","48.83","ab18395b-f2cf-4aaa-a9f8-dced21409ab8","2021-11-23 14:14:20.603"
"AA","48.780","2","48.820","5","-7","48.83","23ca7596-da35-4dfd-ae92-c0c72de86eec","2021-11-23 14:14:52.587"
"AA","48.800","2","48.820","3","7","48.75","dd426ca8-f048-4ac7-8a6e-3869171fa41b","2021-11-23 14:15:54.181"
"AA","48.700","1","48.730","5","-7","48.73","675cefff-5ebe-4f3a-a7ca-7c710d1fdf0b","2021-11-23 14:17:11.843"
"AA","48.760","2","48.790","2","7","48.67","0b5ab4c0-cdb0-4709-84ef-285b5a219559","2021-11-23 14:19:41.102"
"AA","48.630","2","48.660","2","-7","48.66","e640b718-2152-4c73-8c73-126659ed361e","2021-11-23 14:20:25.283"
"AA","48.790","1","48.820","5","7","48.77","a88b6e3e-fa6b-4ab2-b6ba-0b01fd2440f5","2021-11-23 14:27:14.328"
"AA","48.810","2","48.830","7","7","48.77","58ae82fa-a10c-4f5f-a92d-09892c42790e","2021-11-23 14:27:14.328"
"AA","48.830","1","48.860","12","7","48.77","139d3465-788b-4777-984d-70c91d1b7cb2","2021-11-23 14:27:14.328"
"AA","48.570","1","48.600","1","-7","48.60","6b5f9f69-658f-4e53-9341-bac76121149a","2021-11-23 14:32:02.002"
"AA","48.790","1","48.810","1","7","48.52","7a843884-0127-480f-b28d-a785bfc66802","2021-11-23 14:33:30.164"
"AA","48.790","2","48.840","10","7","48.52","ba625ca5-e167-440a-a4eb-69e043dc2449","2021-11-23 14:33:30.164"
"AA","48.780","2","48.820","1","7","48.52","be620dcd-6bcf-4c6d-a369-292d62df15b5","2021-11-23 14:33:30.164"
"AA","48.780","3","48.800","10","7","48.52","3fc1b4d8-6955-40f3-9105-ddbbc5330652","2021-11-23 14:33:30.164"
"AA","48.810","1","48.830","3","7","48.52","b061cc13-784c-4df2-bbbc-d09c852ee2af","2021-11-23 14:33:30.164"
"AA","48.820","4","48.850","2","7","48.52","a36a6a7b-4fe9-4bd4-85b9-512072968298","2021-11-23 14:33:30.164"
"AA","48.860","3","48.900","2","7","48.52","95d5674c-5050-4219-98b6-263102ca452a","2021-11-23 14:33:30.164"
"AA","48.920","1","48.940","1","7","48.52","e9861140-25f0-4a7a-bf7c-ed6f898bda39","2021-11-23 14:33:30.164"
"AA","48.920","1","48.940","1","7","48.52","7e43e0ae-e58a-4bb8-9bc7-c8e12c5d406e","2021-11-23 14:33:30.164"
"AA","48.910","3","48.940","2","7","48.52","ea0dc167-2a62-48c4-a4ee-97f67cf1278b","2021-11-23 14:33:30.164"
"AA","48.910","1","48.930","2","7","48.52","fb44bdf8-75e5-4c7f-8dc3-71401de14506","2021-11-23 14:33:30.164"
"AA","48.490","2","48.500","2","-7","48.50","9cb89867-c7c0-4651-8192-a9829763c0b2","2021-11-23 14:35:05.846"
"AA","48.490","2","48.500","2","-7","48.50","08db904a-eaf6-43ad-b7d1-c6adc7d40117","2021-11-23 14:35:05.846"
"AA","48.490","2","48.500","2","-7","48.50","3d41a260-d770-4f35-aa83-b639b446db85","2021-11-23 14:35:05.846"
"AA","48.490","2","48.500","2","-7","48.50","cd5f061c-a713-48cc-a628-2f34919c3f83","2021-11-23 14:35:05.846"
"AA","48.490","2","48.500","2","-7","48.50","80cf8ba3-db5b-4452-a314-a9e38a1527b9","2021-11-23 14:35:05.846"
"AA","48.490","2","48.500","2","-7","48.50","3dc38087-8324-4c73-9acf-b4c7246ef4eb","2021-11-23 14:35:05.846"
"AA","48.490","2","48.500","2","-7","48.50","c8f6a667-33e3-4a39-8383-4731bf088d2a","2021-11-23 14:35:05.846"
"AA","48.550","2","48.570","2","-7","48.57","52a9a088-18b0-4ac5-90a9-bb6cbcba8504","2021-11-23 14:35:42.587"
"AA","48.550","2","48.570","2","-7","48.57","5121dd4d-6040-4ec7-9add-486e9802e487","2021-11-23 14:35:42.587"
"AA","48.560","3","48.580","2","-7","48.58","102c597a-9114-4e9d-8e18-e774744eda61","2021-11-23 14:35:51.796"
"AA","48.560","3","48.580","2","-7","48.58","9f2c1810-9dea-4325-a161-690b0083e5b5","2021-11-23 14:35:51.796"
"AA","48.580","3","48.600","1","-7","48.60","77686fc8-902f-4c36-a49b-34aded788c1b","2021-11-23 14:36:54.126"
"AA","48.600","3","48.620","1","-7","48.62","e36f3570-598c-40cf-9a84-2aa370b0f501","2021-11-23 14:37:07.063"
"AA","48.600","4","48.630","1","7","48.63","061cbff5-b673-480e-b030-1e0b9328f08c","2021-11-23 14:46:20.006"
"AA","48.670","3","48.690","2","-7","48.69","80678fb4-92b0-4296-a514-b18291fa875e","2021-11-23 14:47:52.314"
"AA","48.710","2","48.730","1","7","48.66","9f695a27-8f9f-42c1-b875-44e931aea415","2021-11-23 15:10:13.695"
"AA","48.710","2","48.740","3","7","48.66","358b5823-2f1f-459d-b0b1-414af89efc4c","2021-11-23 15:10:13.695"
"AA","48.720","1","48.740","1","7","48.66","220e9c02-bc48-45fd-a2e3-9f61aef65728","2021-11-23 15:10:13.695"
"AA","48.750","6","48.780","2","7","48.60","0daa0e80-9be4-42fb-9287-16b4592abd23","2021-11-23 15:10:48.950"
"AA","48.720","1","48.750","3","7","48.60","d39a7ae9-7862-4889-83f0-9946e84cbbba","2021-11-23 15:10:48.950"
"AA","48.670","2","48.690","1","7","48.57","00085fe8-cd67-4adf-b57a-be1cceeaa3ba","2021-11-23 15:11:04.880"
"AA","48.670","3","48.700","1","7","48.57","f3b7e922-3963-4306-842a-1077016f7bdd","2021-11-23 15:11:04.880"
"AA","48.660","2","48.690","2","7","48.57","e5d1c2fb-ea8e-4d41-9f5b-97948588ab19","2021-11-23 15:11:04.880"
"AA","48.560","6","48.590","2","-7","48.59","0ef890a6-e0f0-45db-8e22-affb8e9a0be9","2021-11-23 15:11:17.495"
"AA","48.560","6","48.590","2","-7","48.59","4e2867de-5af6-4776-b0fc-02068227bdc7","2021-11-23 15:11:17.495"
"AA","48.560","6","48.590","2","-7","48.59","d43815d6-2dfe-45b0-ba03-40fc4e473b13","2021-11-23 15:11:17.495"
"AA","48.580","1","48.600","1","-7","48.60","9083d726-28ce-4017-b865-9193cc3dc900","2021-11-23 15:11:31.355"
"AA","48.580","1","48.600","1","-7","48.60","44a19d53-3bc2-4d05-9a12-1fd7fd4f10eb","2021-11-23 15:11:31.355"
"AA","48.580","1","48.600","1","-7","48.60","e63bcd94-50ae-458f-8c1d-1992d65553eb","2021-11-23 15:11:31.355"
"AA","48.580","1","48.600","1","-7","48.60","4146714f-441f-4f66-bd96-36eeb6ef90ea","2021-11-23 15:11:31.355"
"AA","48.690","2","48.710","2","7","48.54","ac8bd6af-9a00-4134-8607-d4ebc6e930a1","2021-11-23 15:12:31.691"
"AA","48.680","1","48.710","4","7","48.53","d5c4fa04-b144-4db6-8f94-dac754e743bb","2021-11-23 15:12:31.693"
"AA","48.700","1","48.720","1","7","48.53","a2cc9616-0656-4b87-ba2e-644190e349d7","2021-11-23 15:12:31.693"
"AA","48.690","2","48.710","2","7","48.53","1e3d1c2c-998e-418e-a4fc-8b3e673c22c0","2021-11-23 15:12:31.693"
"AA","48.600","1","48.610","1","-7","48.61","ccf66347-4ebb-480b-a27e-2111f20a3791","2021-11-23 15:13:07.176"
"AA","48.600","1","48.610","1","-7","48.61","b0947a21-c57f-4c89-9efa-271d5b7a9fc1","2021-11-23 15:13:07.176"
"AA","48.600","1","48.610","1","-7","48.61","2898e5cd-4d6c-479f-bfaa-d25f326ceb77","2021-11-23 15:13:07.176"
"AA","48.570","1","48.600","4","-7","48.60","5c238df5-32f7-46a0-885f-57d7d7f836a3","2021-11-23 15:13:44.998"
"AA","48.580","1","48.600","1","-7","48.60","0e8d8c06-d73c-4322-a15b-d192626e3e16","2021-11-23 15:14:12.959"
"AA","48.690","7","48.730","5","7","48.69","d9cf1102-50f5-4d75-9a49-49b93e3569b4","2021-11-23 15:25:57.040"
"AA","48.680","1","48.710","4","7","48.69","732fbd35-94cc-4067-acaf-2bcbe2e757c6","2021-11-23 15:25:57.040"
"AA","48.690","1","48.720","1","7","48.69","071567fd-6d2a-4c88-b310-d5a2e97a88fd","2021-11-23 15:25:57.040"
"AA","48.710","1","48.740","2","-7","48.75","489b3899-86fe-4350-b60d-9625a2877688","2021-11-23 15:26:58.215"
"AA","48.710","1","48.740","2","-7","48.75","74bcce9d-59da-49c5-9aad-c9742e95af6f","2021-11-23 15:26:58.215"
"AA","48.740","2","48.760","1","-7","48.76","0b8ce52e-12e2-47f6-9591-0293aab5db39","2021-11-23 15:37:01.458"
"AG","12.420","31","12.430","8","27","12.40","36d02b11-e9aa-4ae6-9c8e-13a36eb51fdb","2021-11-23 10:04:38.247"
"AG","12.420","17","12.430","4","-27","12.43","6894d954-31ff-4250-9731-79473036ef9b","2021-11-23 10:05:54.952"
"AG","12.440","10","12.450","68","27","12.38","57915186-c21d-4228-bdf6-23fc3ca57b03","2021-11-23 10:09:09.516"
"AG","12.380","31","12.390","1","-27","12.39","a3f198c9-454b-4498-9a84-3d4feaf48efc","2021-11-23 10:09:22.801"
"AG","12.500","26","12.510","4","27","12.36","0220e991-d0ec-4d07-b196-ea775a75fc1a","2021-11-23 10:10:47.628"
"AG","12.450","15","12.460","11","27","12.36","8ac2b246-5aa6-472c-8a7e-7eaa974aa854","2021-11-23 10:10:47.628"
"AG","12.440","24","12.450","4","27","12.36","ca2cd582-5adb-4811-b2e7-5c2597cc6cd5","2021-11-23 10:10:47.628"
"AG","12.420","20","12.430","18","27","12.36","b4067cbd-a87f-4419-b6ca-2efeee04e3bd","2021-11-23 10:10:47.628"
"AG","12.420","20","12.430","18","27","12.36","5f32a047-0ece-413c-bddd-5150a6113cd7","2021-11-23 10:10:47.628"
"AG","12.400","59","12.410","2","27","12.36","20a9618a-6173-48ad-8ff7-3f7d212d9ae7","2021-11-23 10:10:47.628"
"AG","12.400","31","12.410","3","27","12.36","aace5449-97bc-42d2-a901-9f871fb7f8d9","2021-11-23 10:10:47.628"
"AG","12.400","31","12.410","3","27","12.36","5da2690a-2040-4753-933c-452426d7eaa9","2021-11-23 10:10:47.628"
"AG","12.400","2","12.410","53","27","12.36","5bf1f75d-c419-4a50-b314-4ac842c22ab3","2021-11-23 10:10:47.628"
"AG","12.450","14","12.460","6","27","12.34","a7ed1f9c-34a3-430d-8e0d-e2bf57727b6e","2021-11-23 10:11:06.326"
"AG","12.450","1","12.460","28","27","12.34","693c1725-868e-4c82-ba6a-03e9f9472211","2021-11-23 10:11:06.326"
"AG","12.430","54","12.440","3","27","12.34","5af46423-bcc2-4d1c-8113-3463dcb63d85","2021-11-23 10:11:06.326"
"AG","12.340","14","12.350","17","-27","12.35","7082710d-1def-4666-a127-e51ee43b26dd","2021-11-23 10:11:31.079"
"AG","12.340","14","12.350","17","-27","12.35","5b1c594d-543c-4e54-9580-d897afd6b42e","2021-11-23 10:11:31.079"
"AG","12.340","14","12.350","17","-27","12.35","55ba074d-f515-4186-a21a-b1f8c53cbcd4","2021-11-23 10:11:31.079"
"AG","12.340","22","12.350","31","-27","12.35","6785e090-6bf1-439c-a3ce-55dcccba0a61","2021-11-23 10:11:55.823"
"AG","12.340","22","12.350","31","-27","12.35","f368bf19-80f4-49f6-b119-3eb32053e5a4","2021-11-23 10:11:55.823"
"AG","12.350","4","12.360","63","-27","12.36","dd47d2ca-ea9a-4aa9-9f99-ee9d8f569a25","2021-11-23 10:12:00.751"
"AG","12.350","4","12.360","63","-27","12.36","1175b512-1563-4859-b25d-ad7752269c66","2021-11-23 10:12:00.751"
"AG","12.350","4","12.360","63","-27","12.36","b5ac2f4e-ad5b-436d-8246-2a5d36c70573","2021-11-23 10:12:00.751"
"AG","12.350","4","12.360","63","-27","12.36","5dc8c836-d39a-46dd-bd75-f1f786c4182f","2021-11-23 10:12:00.751"
"AG","12.350","4","12.360","63","-27","12.36","75b3b33a-27c4-460c-9ee1-ddd20f5d3cf9","2021-11-23 10:12:00.751"
"AG","12.350","18","12.360","31","-27","12.36","b511309e-0bb0-49fa-9bf0-6e1144793e43","2021-11-23 10:12:00.751"
"AG","12.310","9","12.320","26","-27","12.32","743a1d4c-49a9-41cc-adac-bc7158b96ef9","2021-11-23 10:14:10.848"
"AG","12.460","20","12.470","27","27","12.27","6cb5758a-f5fd-45f1-bb72-6559d7a0981c","2021-11-23 10:16:20.678"
"AG","12.450","9","12.460","30","27","12.27","23b7ed12-f371-418a-ae6c-ae0cacf88871","2021-11-23 10:16:20.678"
"AG","12.450","5","12.460","22","27","12.27","e3258c43-0b40-4304-9c2a-eff9c18dc430","2021-11-23 10:16:20.678"
"AG","12.450","48","12.460","2","27","12.27","f8f4ebfa-93da-4958-b836-4483dd6bf7b9","2021-11-23 10:16:20.678"
"AG","12.270","18","12.280","4","-27","12.28","485836d4-6cfa-472b-af9d-8c097a4c49bf","2021-11-23 10:16:51.106"
"AG","12.270","18","12.280","4","-27","12.28","34c016ab-385f-4dea-8995-1cdbde93e5f6","2021-11-23 10:16:51.106"
"AG","12.280","73","12.290","11","-27","12.29","edf3856f-ae59-4ea6-9d99-82a0f4e7411e","2021-11-23 10:17:02.905"
"AG","12.280","69","12.290","7","-27","12.29","2b079c35-53a9-4f27-902f-7fe91d8cdc64","2021-11-23 10:17:10.457"
"AG","12.490","6","12.500","30","27","12.26","e69ce243-a08a-4e89-a67d-dd541ab2877d","2021-11-23 10:34:01.736"
"AG","12.490","1","12.500","21","27","12.26","8068dfc4-65c8-4021-bd47-070e16547cdb","2021-11-23 10:34:01.736"
"AG","12.250","34","12.260","16","-27","12.26","361cc6cf-7096-42c2-ac92-b4d1c549aee8","2021-11-23 10:34:44.149"
"AG","12.240","24","12.250","17","-27","12.25","04f10c32-ed09-43ca-8283-c331085f0143","2021-11-23 10:35:20.977"
"AG","12.120","31","12.130","17","27","12.13","768258bf-3589-4a1e-9e75-8be1e8f18523","2021-11-23 11:11:20.006"
"AG","12.080","32","12.090","20","-27","12.09","9bdfe49a-2f17-4ae5-8bd5-339ba810201e","2021-11-23 11:21:10.494"
"AG","12.140","29","12.150","42","27","12.12","6b4bcd76-fd89-42f5-bdec-19112ef427e3","2021-11-23 12:03:14.330"
"AG","12.150","16","12.160","34","27","12.12","71ae5473-0f74-4fc5-8b24-3db0600b7caf","2021-11-23 12:03:14.330"
"AG","12.150","16","12.160","34","27","12.12","c476df45-1a26-40ad-9a75-165f99a4d186","2021-11-23 12:03:14.330"
"AG","12.140","15","12.150","22","27","12.11","780467b9-8003-48c3-99c3-565acc22f167","2021-11-23 12:03:17.337"
"AG","12.140","63","12.150","1","27","12.11","42bc1adc-8d5e-4974-a50b-ef31fac50c99","2021-11-23 12:03:17.337"
"AG","12.140","26","12.150","35","27","12.11","7a9f75cf-a607-4dc9-826b-7b0e2a0e10cf","2021-11-23 12:03:17.337"
"AG","12.150","18","12.160","31","27","12.11","51610765-0c8b-49c4-acff-4be47943426e","2021-11-23 12:03:17.337"
"AG","12.150","16","12.160","17","27","12.11","a9b37729-e247-434b-9026-b3946b04d9c8","2021-11-23 12:03:17.337"
"AG","12.150","34","12.160","14","27","12.11","7dc931fe-cdc5-4655-b206-9c0e3d07a12d","2021-11-23 12:03:17.337"
"AG","12.150","25","12.160","14","27","12.11","9d030b2e-7484-433c-92a4-61b77b42f988","2021-11-23 12:03:17.337"
"AG","12.150","18","12.160","13","27","12.11","209a16d2-5252-4a55-ac5e-8d2876d5e36f","2021-11-23 12:03:17.337"
"AG","12.150","35","12.160","13","27","12.11","16beb293-9f98-4f01-b46e-e31d48b43fc7","2021-11-23 12:03:17.337"
"AG","12.150","11","12.160","40","27","12.11","5b902109-99b0-4d4a-ac64-c6b450dce85a","2021-11-23 12:03:17.337"
"AG","12.130","13","12.140","35","27","12.11","7113b2d4-dd8c-4926-99d2-183c47baf40b","2021-11-23 12:03:17.337"
"AG","12.110","30","12.120","47","-27","12.12","de55d4f8-f89b-480c-94d4-1ab6e3cded42","2021-11-23 12:03:32.161"
"AG","12.110","30","12.120","47","-27","12.12","dfd8db57-e29a-4afb-99bb-c7bd18a52e48","2021-11-23 12:03:32.161"
"AG","12.110","30","12.120","47","-27","12.12","4b4413b6-1088-4e67-8180-6e9e29dac281","2021-11-23 12:03:32.161"
"AG","12.110","30","12.120","47","-27","12.12","bc9c948e-59fb-4e9b-b41a-cb13f6e778f1","2021-11-23 12:03:32.161"
"AG","12.110","30","12.120","47","-27","12.12","45ccda9d-1859-4b53-9fa7-e10a44febf41","2021-11-23 12:03:32.161"
"AG","12.110","30","12.120","47","-27","12.12","833c5320-6c1e-4cef-ab36-040c6ec1985f","2021-11-23 12:03:32.161"
"AG","12.110","30","12.120","47","-27","12.12","130cd68f-f109-4f1e-88a8-75b326041637","2021-11-23 12:03:32.161"
"AG","12.130","27","12.140","10","27","12.10","fbe22390-07b0-4e25-ad77-8d97e00f0ebd","2021-11-23 12:03:59.681"
"AG","12.130","27","12.140","10","27","12.10","3f9664fb-1e92-433e-8298-cb3e945947ae","2021-11-23 12:03:59.681"
"AG","12.130","19","12.140","13","27","12.10","1e5e6914-a5c2-484b-95d3-096e28f2183a","2021-11-23 12:03:59.681"
"AG","12.130","19","12.140","22","27","12.10","84483b66-89d4-47b8-ac4d-7ac62eb7d989","2021-11-23 12:03:59.681"
"AG","12.130","24","12.140","14","27","12.10","f0ded9e3-95f9-4a78-a3ea-e92d746b905c","2021-11-23 12:03:59.681"
"AG","12.140","15","12.150","33","27","12.10","f369ffb6-8271-47d0-af45-c84cd30a2896","2021-11-23 12:03:59.681"
"AG","12.140","16","12.150","20","27","12.10","e1ead3d2-0e12-4839-b252-941b2cf71d71","2021-11-23 12:03:59.681"
"AG","12.130","50","12.140","21","27","12.10","01d2e489-a48e-4f5f-b95a-fd817fd114c2","2021-11-23 12:03:59.681"
"AG","12.130","50","12.140","21","27","12.10","d84d373b-8c4a-4019-a7c8-2ff3132646e1","2021-11-23 12:03:59.681"
"AG","12.130","25","12.140","6","27","12.09","f58cb854-2e34-4e85-945c-8064c98f7f11","2021-11-23 12:03:59.699"
"AG","12.130","54","12.140","3","27","12.09","43beba14-3677-4d93-833a-2b10a9587465","2021-11-23 12:03:59.699"
"AG","12.090","24","12.100","25","-27","12.10","027c9b46-f036-4aa7-ace6-f59a1b3a4806","2021-11-23 12:04:18.441"
"AG","12.090","27","12.100","12","-27","12.10","343b289a-d010-4448-8d52-6c27859902be","2021-11-23 12:05:03.807"
"AG","12.090","27","12.100","12","-27","12.10","6ee84888-a371-401e-b7c3-62c65a0eb06f","2021-11-23 12:05:03.807"
"AG","12.090","27","12.100","12","-27","12.10","c0f60b5e-474f-41ea-ad82-688a464801ba","2021-11-23 12:05:03.807"
"AG","12.090","27","12.100","12","-27","12.10","9081141e-5f2f-4a4a-bd0d-d4beafb29683","2021-11-23 12:05:03.807"
"AG","12.090","27","12.100","12","-27","12.10","b99f9aff-8de4-4d13-b4fb-670b48b69d68","2021-11-23 12:05:03.807"
"AG","12.100","27","12.110","35","-27","12.11","a5597930-f1b9-42a4-a107-f83ec792fa45","2021-11-23 12:05:15.007"
"AG","12.100","27","12.110","35","-27","12.11","bc121e94-4509-4a5d-b668-fde0408cea00","2021-11-23 12:05:15.007"
"AG","12.100","27","12.110","35","-27","12.11","215bad11-b5ee-4aa5-b874-3f889a9820d8","2021-11-23 12:05:15.007"
"AG","12.100","27","12.110","35","-27","12.11","a88cd6bb-9035-4a15-a46d-dcaf0613ebcc","2021-11-23 12:05:15.007"
"AG","12.100","27","12.110","35","-27","12.11","2a1b3705-920c-46dc-974c-bdeb0a20f87f","2021-11-23 12:05:15.007"
"AG","12.100","27","12.110","35","-27","12.11","be4e1eeb-2f58-4cb9-8939-d9fae8d510ee","2021-11-23 12:05:15.007"
"AG","12.100","25","12.110","50","-27","12.11","209a0081-2e39-4cca-b44f-0c017be1f52d","2021-11-23 12:05:49.733"
"AG","12.100","25","12.110","50","-27","12.11","d6a7aab3-6bf0-4b43-b237-802f07671394","2021-11-23 12:05:49.733"
"AG","12.100","29","12.110","34","-27","12.11","6eec6d37-1259-44b7-8f1c-97ebc637c7d5","2021-11-23 12:07:23.316"
"AG","12.100","50","12.110","43","-27","12.11","fe44a24d-d028-432f-be57-d129cf1fa734","2021-11-23 12:07:47.719"
"AG","12.100","28","12.110","31","-27","12.11","736b58ff-373a-42ac-8671-d9e2d09f05b4","2021-11-23 12:07:54.397"
"AG","12.100","31","12.110","20","-27","12.11","8d507160-c0aa-42d2-8935-2aa3d1a26753","2021-11-23 12:08:06.064"
"AG","12.150","23","12.160","13","27","12.14","e2876b31-508e-4096-b206-85b86bdd4144","2021-11-23 12:14:32.560"
"AG","12.150","31","12.160","13","27","12.14","4172a336-78e8-4e07-ade4-ea065910f773","2021-11-23 12:14:32.560"
"AG","12.130","22","12.140","12","-27","12.14","63383ee6-c9f5-479c-8f6e-f9879cc9321b","2021-11-23 12:15:20.719"
"AG","12.130","62","12.140","10","-27","12.14","23d4e7c0-fd1c-4250-a63d-fd652c3cb63b","2021-11-23 12:15:37.348"
"AG","12.200","32","12.210","18","27","12.16","779d26c2-cb95-4aec-87c4-47fc7e88f20e","2021-11-23 12:47:05.288"
"AG","12.200","22","12.210","17","27","12.16","d41e5aa0-9cf1-486b-8afa-9affd52c8f6a","2021-11-23 12:47:05.288"
"AG","12.200","22","12.210","17","27","12.16","2eaeb165-f764-4966-b63f-9179c137e4e7","2021-11-23 12:47:05.288"
"AG","12.200","22","12.210","17","27","12.16","d1ccb526-8458-4e3f-9364-1d27b361d009","2021-11-23 12:47:05.288"
"AG","12.160","18","12.170","22","-27","12.17","3f122b8a-d4ae-4646-b43b-2ae9bfe5db09","2021-11-23 12:48:47.394"
"AG","12.160","17","12.170","22","-27","12.17","79fabd62-c18b-41d6-9829-2cd23c2e3aa9","2021-11-23 12:48:47.394"
"AG","12.160","17","12.170","22","-27","12.17","8c337c36-d8e5-45f9-80c6-b22dd4961e03","2021-11-23 12:48:47.394"
"AG","12.160","5","12.170","61","-27","12.17","4888fa61-e57f-4cfd-aae7-af17ebf205d8","2021-11-23 12:51:05.857"
"AG","12.190","36","12.200","17","27","12.15","cbd9c98e-5522-4b7a-96f8-87ab1d48a760","2021-11-23 12:57:12.616"
"AG","12.190","27","12.200","10","27","12.15","f2daa256-4e04-47aa-8523-d21d82e87338","2021-11-23 12:57:12.616"
"AG","12.190","57","12.200","10","27","12.15","fc4b8164-4afd-41bb-b6b2-301ad9eef54d","2021-11-23 12:57:12.616"
"AG","12.190","57","12.200","10","27","12.15","7a659f6c-e802-4855-bdbe-ab05f7a46127","2021-11-23 12:57:12.616"
"AG","12.130","31","12.140","47","-27","12.14","1d5d5229-8279-427a-950e-998070bb3632","2021-11-23 12:58:45.714"
"AG","12.130","39","12.140","7","-27","12.14","d49e3c8d-3595-4580-ba37-5609771ca54a","2021-11-23 12:58:50.278"
"AG","12.130","39","12.140","7","-27","12.14","cb02cd55-9984-4c8c-abd2-ead9bb081cbd","2021-11-23 12:58:50.278"
"AG","12.130","23","12.140","4","-27","12.14","50944a0b-be65-41c6-b4dc-e480648fb2ec","2021-11-23 12:59:04.211"
"AG","12.350","46","12.360","28","27","12.28","90b2a54e-bc42-4242-8fc8-9e56f89c1d95","2021-11-23 15:06:23.248"
"AG","12.350","46","12.360","28","27","12.28","ba8d835d-4e15-423b-a512-3ed248a64995","2021-11-23 15:06:23.248"
"AG","12.350","28","12.360","33","27","12.28","25358db3-9fdf-4a50-8dbb-c63f5b7e4ab9","2021-11-23 15:06:23.248"
"AG","12.340","32","12.350","32","27","12.28","5431f881-ce27-4558-b9dd-edc6189b7ea6","2021-11-23 15:06:23.248"
"AG","12.340","12","12.350","47","27","12.28","be8e93ec-6572-43f6-be71-6e92bf4d1874","2021-11-23 15:06:23.248"
"AG","12.360","28","12.370","13","27","12.28","477a9a7f-55aa-42da-84b7-67b990592a7a","2021-11-23 15:10:27.843"
"AG","12.360","20","12.370","38","27","12.28","81f8d8aa-c357-4949-ae14-706e09843e9e","2021-11-23 15:10:27.843"
"AG","12.360","20","12.370","32","27","12.28","c56abf22-c0a0-4c78-a30b-8a86a242a736","2021-11-23 15:10:27.843"
"AG","12.360","18","12.370","35","27","12.28","1d8ba240-50cf-44c6-b20e-ec6dc90c5286","2021-11-23 15:10:27.843"
"AG","12.270","20","12.280","18","-27","12.28","4b40b75c-8c47-4c82-b77a-a49bc52db490","2021-11-23 15:11:33.335"
"AG","12.270","20","12.280","18","-27","12.28","756f043f-9c1e-433d-8358-2a7690fab8fc","2021-11-23 15:11:33.335"
"AG","12.270","20","12.280","18","-27","12.28","40f6b2f3-aa33-47d8-b440-1da4c7347f61","2021-11-23 15:11:33.335"
"AG","12.270","20","12.280","18","-27","12.28","1eb90531-ca16-471a-9f21-fbf5aa6a05cd","2021-11-23 15:11:33.335"
"AG","12.270","20","12.280","18","-27","12.28","9fec683a-b50c-4758-a6cd-91731b140ae0","2021-11-23 15:11:33.335"
"AG","12.270","20","12.280","18","-27","12.28","8401b233-cdad-41cc-a55c-fd9cadcbbee6","2021-11-23 15:11:33.335"
"AG","12.270","20","12.280","18","-27","12.28","1480117f-9f68-40d9-9583-dc50d4dbdc39","2021-11-23 15:11:33.335"
"AG","12.270","20","12.280","18","-27","12.28","45f04316-be68-4434-9812-6adaeb26cd38","2021-11-23 15:11:33.335"
"AG","12.270","28","12.280","14","-27","12.28","306a6258-e169-4835-9084-1aa798c443ea","2021-11-23 15:12:32.034"
"ABB","35.700","21","35.710","8","9","35.67","43c5afbc-ba7d-42c7-9ef5-00f2606fe23a","2021-11-23 10:06:43.488"
"ABB","35.700","42","35.710","11","9","35.67","c8b460b4-95f0-497b-982b-586e39636989","2021-11-23 10:06:43.488"
"ABB","35.700","42","35.710","11","9","35.67","2933cd24-78bd-4639-9385-e21feb094006","2021-11-23 10:06:43.488"
"ABB","35.700","42","35.710","11","9","35.67","87066853-1b9b-4470-82fc-680a9e22d522","2021-11-23 10:06:43.488"
"ABB","35.650","11","35.650","2","-9","35.65","5fc218a8-b88f-4ab7-bced-28d32990d803","2021-11-23 10:07:00.006"
"ABB","35.650","11","35.650","2","-9","35.65","5ad53ea3-cf9f-478e-8fa5-e38b1a0543f4","2021-11-23 10:07:00.006"
"ABB","35.660","2","35.670","12","-9","35.67","a9b89c84-964d-4722-9c95-551a5a82737d","2021-11-23 10:07:11.072"
"ABB","35.640","39","35.650","1","-9","35.65","92d837e5-592c-4a8e-9765-c058c0868765","2021-11-23 10:08:00.358"
"ABB","35.690","1","35.690","18","9","35.64","9e6c6148-6f53-45ef-8564-0d8796b64c46","2021-11-23 10:08:00.426"
"ABB","35.690","6","35.700","15","9","35.64","06c6a63a-f9a4-4ea5-adf6-82cf6f57c6cf","2021-11-23 10:08:00.426"
"ABB","35.690","18","35.700","18","9","35.64","bc327efe-6007-44f9-9418-35983dd69773","2021-11-23 10:08:00.426"
"ABB","35.630","11","35.640","5","-9","35.64","041f4baa-e25c-4587-93a7-119ad093f1e5","2021-11-23 10:08:40.842"
"ABB","35.630","22","35.630","1","-9","35.63","f1e6574d-0f84-4a4b-88fc-7e6e783ae9e3","2021-11-23 10:08:50.006"
"ABB","35.620","41","35.630","2","-9","35.63","be79d266-10bb-4a48-b334-2184fc825804","2021-11-23 10:09:00.418"
"ABB","35.720","6","35.730","12","9","35.60","c14047fe-c4de-4790-9a0b-5000fb182d05","2021-11-23 10:14:05.760"
"ABB","35.750","5","35.760","10","9","35.58","f98f7343-2344-4405-a32f-6a60441ffd7c","2021-11-23 10:14:23.681"
"ABB","35.750","7","35.760","6","9","35.58","7bf8c87c-c56e-47a6-8fbd-7db83044d86c","2021-11-23 10:14:23.681"
"ABB","35.750","12","35.760","5","9","35.58","dfa702c7-3d48-4f6b-b382-3e7c596a870a","2021-11-23 10:14:23.681"
"ABB","35.750","7","35.760","2","9","35.58","05957780-1f04-41bb-9043-a8248cd882e6","2021-11-23 10:14:23.681"
"ABB","35.750","7","35.760","2","9","35.58","54128710-88c0-4cc5-87c5-494ba8232442","2021-11-23 10:14:23.681"
"ABB","35.600","43","35.610","4","-9","35.62","324958c3-28bf-4850-8df5-9cf3c1d2d722","2021-11-23 10:15:04.366"
"ABB","35.600","43","35.610","4","-9","35.62","daafe9f1-9671-4f69-9c5d-412c7c5fed3f","2021-11-23 10:15:04.366"
"ABB","35.600","43","35.610","4","-9","35.62","9ebb473f-0518-4467-8f9c-a3b32934aa4b","2021-11-23 10:15:04.366"
"ABB","35.610","32","35.620","9","-9","35.62","3fef9322-0f42-4870-9a48-4741e61d4540","2021-11-23 10:15:23.889"
"ABB","35.620","32","35.630","9","-9","35.63","c3398051-a0aa-4b7e-a2bb-c2d11ff98892","2021-11-23 10:15:31.717"
"ABB","35.620","43","35.630","1","-9","35.63","db2d92b3-80b3-4fd6-8310-317f3f932290","2021-11-23 10:16:13.060"
"ABB","35.730","1","35.740","23","9","35.57","849d7fe4-5438-464c-83a6-c09090ff2b89","2021-11-23 10:19:17.660"
"ABB","35.730","2","35.740","23","9","35.57","e5e3f75d-81bc-4958-8257-300c3b6f1822","2021-11-23 10:19:17.660"
"ABB","35.720","7","35.730","17","9","35.57","9b31ed0c-af35-491b-9f89-3355ec50cc18","2021-11-23 10:19:17.660"
"ABB","35.720","8","35.730","21","9","35.57","f3afd27b-e2cf-4a44-b895-616a19bf01d1","2021-11-23 10:19:17.660"
"ABB","35.730","7","35.740","10","9","35.57","b176b6df-e0e5-4851-acc0-3422fc032fa9","2021-11-23 10:19:17.660"
"ABB","35.740","7","35.750","11","9","35.57","cfad8c68-4d3b-452c-a6b6-2637b8d928d5","2021-11-23 10:19:17.660"
"ABB","35.580","32","35.590","22","-9","35.59","9df4029d-2282-4430-b83c-9326843377b0","2021-11-23 10:20:01.000"
"ABB","35.580","32","35.590","22","-9","35.59","c3ed3391-6f03-49aa-a727-3295d11fd175","2021-11-23 10:20:01.000"
"ABB","35.570","40","35.580","14","-9","35.58","778e95f5-b696-4f5a-821c-f542adcd9eab","2021-11-23 10:20:51.330"
"ABB","35.570","1","35.580","27","-9","35.58","3f918627-7c29-40b9-af41-f1b9059d658c","2021-11-23 10:20:51.330"
"ABB","35.560","39","35.570","1","-9","35.57","396bd722-a1a1-49dc-b3f5-75860f952774","2021-11-23 10:21:21.276"
"ABB","35.570","1","35.580","21","-9","35.58","61d5ade1-5cf8-43e0-937a-a689f14973fb","2021-11-23 10:22:11.647"
"ABB","35.550","14","35.560","13","9","35.53","09e74db1-f5e1-49fa-816f-a48d0c178709","2021-11-23 10:54:17.140"
"ABB","35.560","20","35.570","14","9","35.53","e286c02a-b998-4e2f-81dc-030fe6e9fa53","2021-11-23 10:54:17.140"
"ABB","35.560","15","35.570","14","9","35.53","8a43b66b-95b1-461c-a1a3-0a9e86a68126","2021-11-23 10:54:17.140"
"ABB","35.560","3","35.570","26","9","35.53","f5cc30e1-3a6e-4309-8825-af9835e416cf","2021-11-23 10:54:17.140"
"ABB","35.570","30","35.580","2","9","35.52","695ec10c-c539-4b4c-8cd2-ae69de55e734","2021-11-23 10:54:19.382"
"ABB","35.570","33","35.580","11","9","35.52","ed6d8534-1f19-4fa5-9951-c307fa971ddb","2021-11-23 10:54:19.382"
"ABB","35.570","8","35.580","24","9","35.52","dc875d00-2959-43b9-85ab-bf4e31a9f986","2021-11-23 10:54:19.382"
"ABB","35.540","25","35.550","6","9","35.52","c6013fd6-313c-48de-b1b7-f5d8b90b5474","2021-11-23 10:54:19.382"
"ABB","35.560","13","35.570","18","9","35.52","2c801024-9e0e-4aa3-8bf0-7e183ead1cb7","2021-11-23 10:54:19.382"
"ABB","35.560","29","35.570","13","9","35.52","c55982da-9e7a-4640-863a-c2aff1de832e","2021-11-23 10:54:19.382"
"ABB","35.570","15","35.580","20","9","35.52","2e8534f5-2000-4ada-b20a-66634f83947f","2021-11-23 10:54:19.382"
"ABB","35.560","57","35.570","6","9","35.52","8a2dacf5-f9cc-40db-8b79-c6f4b06e9e1c","2021-11-23 10:54:19.382"
"ABB","35.570","52","35.580","13","9","35.52","acfb97cd-9efd-44b8-a703-dd904d651f09","2021-11-23 10:54:19.382"
"ABB","35.560","50","35.570","29","9","35.52","76bc62f2-7dab-4e1a-9182-5110638f1a1c","2021-11-23 10:54:19.382"
"ABB","35.560","50","35.570","22","9","35.52","4b3ab121-71d9-40f0-af34-ff067fd6c794","2021-11-23 10:54:19.382"
"ABB","35.570","35","35.580","24","9","35.52","27f53f29-a955-40dd-af95-40716a8d2819","2021-11-23 10:54:19.382"
"ABB","35.550","50","35.560","16","9","35.52","d7c1a7bd-a6cf-45cf-a927-43db0dda3beb","2021-11-23 10:54:19.382"
"ABB","35.550","54","35.560","16","9","35.52","7dde2645-b133-497d-be44-3b388a458248","2021-11-23 10:54:19.382"
"ABB","35.550","64","35.560","11","9","35.52","bfa8b1f9-1b5e-43fc-8298-ac91be69053b","2021-11-23 10:54:19.382"
"ABB","35.550","30","35.560","50","9","35.52","457ac8c7-23e4-4c97-831c-497c9aded2e0","2021-11-23 10:54:19.382"
"ABB","35.540","49","35.550","15","9","35.52","feb6faf1-826f-4b1a-b5b7-7de3e6e4d935","2021-11-23 10:54:19.382"
"ABB","35.540","57","35.550","8","9","35.52","7fd4b9bd-8272-442e-a7b2-b7e0256b83a1","2021-11-23 10:54:19.382"
"ABB","35.540","48","35.550","5","9","35.52","85b2f1c2-6228-4aa7-a67a-3006fafe44b3","2021-11-23 10:54:19.382"
"ABB","35.540","47","35.550","21","9","35.52","9f1f57b7-2ae2-484b-b9db-7146a26e83d3","2021-11-23 10:54:19.382"
"ABB","35.500","52","35.510","14","-9","35.51","e33522ca-5913-41ac-8d43-5f8982e78cdd","2021-11-23 10:55:23.263"
"ABB","35.500","52","35.510","14","-9","35.51","1941677c-d58f-473a-9ef9-e7fb2b4145ce","2021-11-23 10:55:23.263"
"ABB","35.500","52","35.510","14","-9","35.51","6b911b4f-5ec7-48aa-87fd-bcbd1974a5e5","2021-11-23 10:55:23.263"
"ABB","35.500","52","35.510","14","-9","35.51","dbb77fad-ade2-4d2b-98c7-3249c803e758","2021-11-23 10:55:23.263"
"ABB","35.500","52","35.510","14","-9","35.51","fe35a480-10d7-4467-aa24-a919ca69192f","2021-11-23 10:55:23.263"
"ABB","35.500","52","35.510","14","-9","35.51","8b413617-121c-495c-9640-8f388906174d","2021-11-23 10:55:23.263"
"ABB","35.480","49","35.490","5","-9","35.49","e90346d6-e55e-4d6c-8bb8-f5c2723da12c","2021-11-23 10:56:00.291"
"ABB","35.480","49","35.490","5","-9","35.49","2706dba2-26af-4b40-9dd8-80264f1824d9","2021-11-23 10:56:00.291"
"ABB","35.480","49","35.490","5","-9","35.49","8fc2a1f3-7e88-4e7a-8a97-f65f87b27dc6","2021-11-23 10:56:00.291"
"ABB","35.480","49","35.490","5","-9","35.49","0ff8235d-de77-49df-b608-799a6faab87c","2021-11-23 10:56:00.291"
"ABB","35.480","49","35.490","5","-9","35.49","9a09a55e-864d-4656-8a28-a3458390e0b4","2021-11-23 10:56:00.291"
"ABB","35.480","49","35.490","5","-9","35.49","c572d5d8-931e-4a41-9573-b5ac48c3f562","2021-11-23 10:56:00.291"
"ABB","35.480","49","35.490","5","-9","35.49","85a4a096-e6fe-4b78-9ef2-1acc064bdde5","2021-11-23 10:56:00.291"
"ABB","35.480","49","35.490","5","-9","35.49","1b756607-313f-44b7-9ac6-ae797e47f229","2021-11-23 10:56:00.291"
"ABB","35.480","49","35.490","5","-9","35.49","560c5fa4-0723-4447-b855-6cdfb8ea2631","2021-11-23 10:56:00.291"
"ABB","35.480","49","35.490","5","-9","35.49","a1c6aa77-b996-4fa4-9a7f-1e5048024414","2021-11-23 10:56:00.291"
"ABB","35.460","52","35.470","9","-9","35.47","18dfc48c-3f7f-449f-8af8-5398788aab42","2021-11-23 10:56:10.636"
"ABB","35.460","52","35.470","9","-9","35.47","ed076134-8376-4d96-8147-bb2b1f4a1bc3","2021-11-23 10:56:10.636"
"ABB","35.460","52","35.470","9","-9","35.47","4ceed32d-b1ca-4b0c-bd8b-8f613e11cada","2021-11-23 10:56:10.636"
"ABB","35.460","52","35.470","9","-9","35.47","fe5696c1-2732-42a7-b925-64dfb73eb0c3","2021-11-23 10:56:10.636"
"ABB","35.450","57","35.460","13","-9","35.46","537712e7-0fb8-48dd-8d5b-5cc2cfcd0b3d","2021-11-23 10:56:21.534"
"ABB","35.450","57","35.460","13","-9","35.46","c9b477dc-0dd6-4097-b123-31f7d96bfe44","2021-11-23 10:56:21.534"
"ABB","35.450","49","35.460","14","-9","35.46","58ddd27d-b10c-4aa5-865a-53d2e8c87417","2021-11-23 10:58:33.995"
"ABB","35.450","49","35.460","3","-9","35.46","91a67293-91a1-46ed-afed-5fcf6f18e4bb","2021-11-23 10:58:42.206"
"ABB","35.420","17","35.430","17","9","35.41","773d7311-7e1f-4fb6-bbb9-2ad318c0bc28","2021-11-23 11:34:48.944"
"ABB","35.420","17","35.430","8","9","35.41","5a9ea9a9-af3c-4bfa-bce3-60500e962b8c","2021-11-23 11:34:48.944"
"ABB","35.420","17","35.430","8","9","35.41","2f503215-849f-4037-b02d-f7422047d609","2021-11-23 11:34:48.944"
"ABB","35.450","5","35.460","13","9","35.40","5d1148f1-c413-4bbb-b853-97c8c57cc577","2021-11-23 11:35:27.535"
"ABB","35.440","10","35.450","19","9","35.40","22ff0551-b708-442e-85a1-8891d15aa493","2021-11-23 11:35:27.535"
"ABB","35.460","27","35.470","1","9","35.39","bbaaecd1-643d-4ac2-9220-95830c0a0f91","2021-11-23 11:36:04.598"
"ABB","35.450","3","35.460","26","9","35.39","958966d7-71a6-4c69-a810-5cdebc3e518c","2021-11-23 11:36:04.598"
"ABB","35.450","9","35.460","15","9","35.39","0eff708c-b070-4572-9e8e-66f98410d3ac","2021-11-23 11:36:04.598"
"ABB","35.450","12","35.460","13","9","35.39","4da805d8-1e56-4e2e-ae8e-6acec32ff073","2021-11-23 11:36:04.598"
"ABB","35.450","2","35.460","31","9","35.39","cdb0fe39-e585-440a-950e-1e045a77fa69","2021-11-23 11:36:04.598"
"ABB","35.450","2","35.460","31","9","35.39","d93a6479-6a24-49a4-bb29-2f1fba3b6142","2021-11-23 11:36:04.598"
"ABB","35.380","22","35.390","11","-9","35.39","8429be81-c938-4184-832a-44dfec37e77d","2021-11-23 11:36:10.768"
"ABB","35.380","22","35.390","11","-9","35.39","c845dc1a-67f4-44d3-b8db-a876b1e67b2a","2021-11-23 11:36:10.768"
"ABB","35.460","21","35.470","3","9","35.38","9ebd30dd-61af-4070-b3cd-948dab1154ff","2021-11-23 11:36:21.408"
"ABB","35.460","16","35.470","9","9","35.38","685451c3-2b84-4a84-9694-4b323ab04002","2021-11-23 11:36:21.408"
"ABB","35.370","16","35.380","20","-9","35.38","3c671e64-8fbe-4cc0-a971-a56b847ee248","2021-11-23 11:36:35.494"
"ABB","35.370","16","35.380","20","-9","35.38","8cdd5271-fe82-48ae-a4a5-0bd5cca9fe64","2021-11-23 11:36:35.494"
"ABB","35.370","16","35.380","20","-9","35.38","a175c846-4681-4d6c-8ad5-d6929bcc121d","2021-11-23 11:36:35.494"
"ABB","35.370","16","35.380","20","-9","35.38","1df0c172-f5e4-40df-b233-602df2b9f525","2021-11-23 11:36:35.494"
"ABB","35.450","20","35.460","13","9","35.37","19341d56-9ea1-46e5-927a-3bc3741ae8fd","2021-11-23 11:36:53.120"
"ABB","35.450","36","35.460","13","9","35.37","dc1b2d4e-9d7c-4b13-884a-e66e386a23c5","2021-11-23 11:36:53.120"
"ABB","35.450","36","35.460","13","9","35.37","7427eb44-bfe8-4d1f-b094-9968b954e5b5","2021-11-23 11:36:53.120"
"ABB","35.460","52","35.470","12","9","35.37","728a5bcb-fed9-4b53-a1be-be1b47811e3e","2021-11-23 11:36:53.120"
"ABB","35.460","3","35.470","36","9","35.37","2d1c039d-79ed-49f2-a54e-a350ba9f8463","2021-11-23 11:36:53.120"
"ABB","35.440","8","35.450","15","9","35.37","eaa9654a-a640-4933-8e59-384b8adb2e5b","2021-11-23 11:36:53.120"
"ABB","35.450","22","35.460","19","9","35.37","d96eff96-f93d-4627-85fc-70347d4cfe5e","2021-11-23 11:36:53.120"
"ABB","35.450","6","35.460","17","9","35.37","46f3e6ab-2670-4b5e-bd08-039fef88ba4c","2021-11-23 11:36:53.120"
"ABB","35.460","17","35.470","14","9","35.37","686bb554-2bc3-45fe-bde0-8c14b5fd2794","2021-11-23 11:36:53.120"
"ABB","35.460","12","35.470","10","9","35.37","db14c9ce-5240-435d-aa11-34ae2041394f","2021-11-23 11:36:53.120"
"ABB","35.460","12","35.470","10","9","35.37","31d686e1-e8a6-4d52-972b-7198bd3f3d0b","2021-11-23 11:36:53.120"
"ABB","35.380","8","35.390","17","-9","35.39","dcbe7020-6f5c-462d-9a44-bc53f5d3cd42","2021-11-23 11:37:20.417"
"ABB","35.380","8","35.390","17","-9","35.39","12b28e3e-3cf2-484e-ab0b-d2400f198c90","2021-11-23 11:37:20.417"
"ABB","35.380","8","35.390","17","-9","35.39","0a7f649d-6de9-4d8f-82d8-78078d14eba5","2021-11-23 11:37:20.417"
"ABB","35.380","8","35.390","17","-9","35.39","933e7c2c-9f3d-4ee9-b6a0-5c25fa658ed9","2021-11-23 11:37:20.417"
"ABB","35.380","8","35.390","17","-9","35.39","210d1dfb-3240-4d6c-a9d7-4fa5d80d2404","2021-11-23 11:37:20.417"
"ABB","35.380","8","35.390","17","-9","35.39","adf2b217-659a-49cd-997b-3f24fef3cdc3","2021-11-23 11:37:20.417"
"ABB","35.380","8","35.390","17","-9","35.39","d31da9cb-48aa-4459-ae76-034f3e1e3d74","2021-11-23 11:37:20.417"
"ABB","35.380","8","35.390","17","-9","35.39","d3e176d5-4a22-4b61-b021-737a3234021f","2021-11-23 11:37:20.417"
"ABB","35.380","8","35.390","17","-9","35.39","af586bc6-8e2d-4ef4-9120-541116578d6a","2021-11-23 11:37:20.417"
"ABB","35.400","26","35.410","1","-9","35.41","0a93c0aa-1030-4469-8bd6-d13ae56ed32e","2021-11-23 11:37:34.851"
"ABB","35.400","26","35.410","1","-9","35.41","3de8b92c-fd95-4860-a357-d72328e85e71","2021-11-23 11:37:34.851"
"ABB","35.400","26","35.410","1","-9","35.41","c5cc1337-ddd7-4da0-92f9-f4e3c9fe210c","2021-11-23 11:37:34.851"
"ABB","35.400","26","35.410","1","-9","35.41","fbba8af7-dc4b-411b-8104-3eb9a041b2fc","2021-11-23 11:37:34.851"
"ABB","35.400","26","35.410","1","-9","35.41","6d4d8efa-48d9-4653-82fb-dc4a16469833","2021-11-23 11:37:34.851"
"ABB","35.400","18","35.410","7","-9","35.42","c698f8d0-ef86-483d-89e5-0f642d389892","2021-11-23 11:37:40.162"
"ABB","35.400","18","35.410","7","-9","35.42","aeee52f0-1772-47fa-a0df-609b84f42161","2021-11-23 11:37:40.162"
"ABB","35.410","10","35.420","12","-9","35.42","5847b75d-e7f3-42c6-ae10-5f14acba70c7","2021-11-23 11:38:10.054"
"ABB","35.430","4","35.440","12","-9","35.44","62fdc1e9-10e2-452a-b706-f0ae99a02966","2021-11-23 11:39:20.213"
"ABB","35.420","23","35.430","1","9","35.43","2500af27-4b54-4728-baf6-14a852177075","2021-11-23 11:46:20.006"
"ABB","35.440","13","35.450","11","-9","35.45","794954ea-65e3-483f-b17b-ba0d9a89f0b5","2021-11-23 11:55:43.600"
"ABB","35.450","10","35.460","18","9","35.45","60632377-cc2a-4743-a6c7-4db7721f3ed7","2021-11-23 12:49:14.194"
"ABB","35.450","10","35.460","18","9","35.45","e4c0725e-7591-462f-acaf-f346dc7e1d28","2021-11-23 12:49:14.194"
"ABB","35.450","8","35.460","31","9","35.45","1a570fa7-a2f3-452d-a098-09e79ef64f1a","2021-11-23 12:49:14.194"
"ABB","35.430","20","35.440","8","-9","35.44","244ae659-85d4-4d82-a292-e796e43e4e95","2021-11-23 12:50:20.675"
"ABB","35.430","20","35.440","8","-9","35.44","cae0d8d6-7114-41aa-9a3b-1cf23cf3ae35","2021-11-23 12:50:20.675"
"ABB","35.430","8","35.440","30","-9","35.44","40f92514-ab2a-4d24-adf6-cafa83e22973","2021-11-23 12:50:20.675"
"ABB","35.450","16","35.460","10","9","35.42","7bd527de-4fb6-4a91-8c22-63d8c6e579f9","2021-11-23 12:57:55.876"
"ABB","35.450","16","35.460","8","9","35.42","0f56dc70-642f-495b-a9a9-44b5f1102e77","2021-11-23 12:57:55.876"
"ABB","35.450","16","35.460","8","9","35.42","b2248a38-fa64-4c14-91bf-87b5e022cc5e","2021-11-23 12:57:55.876"
"ABB","35.450","6","35.460","18","9","35.42","99c66f43-2ff1-472d-ab38-e0b008d59d6d","2021-11-23 12:57:55.876"
"ABB","35.450","6","35.460","18","9","35.42","853ea937-1d2f-49f3-b7fa-7031119effbc","2021-11-23 12:57:55.876"
"ABB","35.410","26","35.420","1","-9","35.43","475ee2ea-4580-40d6-ae93-efb410d018d0","2021-11-23 12:58:11.388"
"ABB","35.410","26","35.420","1","-9","35.43","a969520e-207a-40c8-9a84-7eab3b898922","2021-11-23 12:58:11.388"
"ABB","35.410","26","35.420","1","-9","35.43","7c7c2c06-6125-4bda-b28f-e82e50c3d145","2021-11-23 12:58:11.388"
"ABB","35.420","15","35.430","9","-9","35.43","2bce9491-4455-4430-9525-f42877e0f740","2021-11-23 12:58:50.667"
"ABB","35.420","13","35.430","9","-9","35.43","612bdc31-c531-43e7-9786-e1acff980fb1","2021-11-23 12:59:01.752"
"ABB","35.450","13","35.460","8","9","35.43","0690553a-7a5b-4e92-88c1-99298c8a61d4","2021-11-23 13:08:29.969"
"ABB","35.450","13","35.460","8","9","35.43","726dca73-147d-4279-87b6-f75be146b08f","2021-11-23 13:08:29.969"
"ABB","35.450","15","35.460","4","9","35.43","2d5a3331-4081-48bf-9bc2-3673235da9fc","2021-11-23 13:08:29.969"
"ABB","35.440","16","35.450","19","9","35.43","3d02836a-311e-4988-824b-2106902f0029","2021-11-23 13:08:29.969"
"ABB","35.440","27","35.450","1","9","35.43","510e45cf-bb27-4302-87a2-de9e3900debd","2021-11-23 13:08:29.969"
"ABB","35.440","27","35.450","1","9","35.43","a1b8f843-6899-4aa2-ae7e-e7dc8a8d2373","2021-11-23 13:08:29.969"
"ABB","35.440","27","35.450","1","9","35.43","7eedbe3c-695e-4f62-94d1-7cc682348b14","2021-11-23 13:08:29.969"
"ABB","35.440","12","35.450","14","9","35.43","aae91c4b-4fac-4c79-a53a-c959bc23e32b","2021-11-23 13:08:29.969"
"ABB","35.430","21","35.430","1","-9","35.43","d7b78ad7-161f-4d36-adf9-85fe7e67e667","2021-11-23 13:09:50.006"
"ABB","35.430","21","35.430","1","-9","35.43","00722305-f806-4c5d-9fd3-534a8bcda73a","2021-11-23 13:09:50.006"
"ABB","35.430","21","35.430","1","-9","35.43","ef999029-4d36-4174-9952-8ba89ccfc3aa","2021-11-23 13:09:50.006"
"ABB","35.430","21","35.430","1","-9","35.43","082f86aa-f43f-415a-a279-a3111bb44ebb","2021-11-23 13:09:50.006"
"ABB","35.430","21","35.430","1","-9","35.43","ef81dba4-c193-4644-9953-deb2eb6f9644","2021-11-23 13:10:00.006"
"ABB","35.430","21","35.430","1","-9","35.43","9adbfd64-29c5-4e85-9648-c8a3970615e0","2021-11-23 13:10:00.006"
"ABB","35.420","1","35.430","25","-9","35.43","74c8ea78-f159-4a78-98f2-2e4e37981b2e","2021-11-23 13:10:42.181"
"ABB","35.410","20","35.420","14","-9","35.42","fd20b185-0ea4-494a-89bf-c044be977160","2021-11-23 13:12:04.887"
"ABB","35.440","17","35.450","10","9","35.42","e9584806-242f-4296-8608-c7ee41586f62","2021-11-23 13:18:04.641"
"ABB","35.430","10","35.440","19","9","35.42","1781b5bc-51ff-4481-863b-0ac99feb163e","2021-11-23 13:18:04.641"
"ABB","35.420","12","35.430","12","9","35.41","b4dbe290-c6c5-4f98-ae94-85d399184abc","2021-11-23 13:19:36.877"
"ABB","35.420","15","35.430","8","9","35.41","61175f5b-295b-4fa6-a3aa-105dca09e501","2021-11-23 13:19:36.877"
"ABB","35.420","13","35.430","10","9","35.41","2d2f6b75-0cda-4696-b821-af7c297646a9","2021-11-23 13:19:36.877"
"ABB","35.420","16","35.430","13","9","35.41","85fadb85-e2c5-4aa4-bc72-89cf029dfa44","2021-11-23 13:19:36.877"
"ABB","35.420","22","35.430","2","9","35.41","9cea5436-a6a5-4720-9b3d-33bb26335144","2021-11-23 13:19:36.877"
"ABB","35.420","30","35.440","16","9","35.41","71d85852-ab3b-42bf-b2eb-2151dee35898","2021-11-23 13:19:36.877"
"ABB","35.440","23","35.450","1","9","35.40","43c46c33-9b53-4bb4-a7d4-a8831615d68e","2021-11-23 13:19:42.707"
"ABB","35.400","8","35.410","18","-9","35.41","4b2dd485-b08f-4a7a-8ecd-e3871cd2f8cd","2021-11-23 13:20:03.052"
"ABB","35.400","8","35.410","18","-9","35.41","c03e5bf5-ee40-47e2-bdee-dd2d17384adb","2021-11-23 13:20:03.052"
"ABB","35.400","8","35.410","18","-9","35.41","9659d175-9418-4556-a78d-f4fb14b7a68d","2021-11-23 13:20:03.052"
"ABB","35.400","8","35.410","18","-9","35.41","eb7c7b6b-165f-49f6-a000-7cb5788a0e2a","2021-11-23 13:20:03.052"
"ABB","35.400","8","35.410","18","-9","35.41","9aab78d0-91a9-421a-8477-661a2aae74a3","2021-11-23 13:20:03.052"
"ABB","35.410","22","35.420","17","-9","35.42","523bfb31-4ba6-476a-acb0-ab970af404c9","2021-11-23 13:20:35.078"
"ABB","35.410","22","35.420","17","-9","35.42","be9d2d98-12e5-4900-b03d-50913251db2e","2021-11-23 13:20:35.078"
"ABB","35.410","20","35.420","18","-9","35.42","f3e2abdc-aaa1-4ac3-86a2-b7e1b255d27f","2021-11-23 13:20:35.078"
"ABB","35.410","15","35.420","16","-9","35.42","aba31acb-b248-49b7-80bc-ff965c285270","2021-11-23 13:20:35.078"
"ABB","35.430","17","35.440","18","9","35.43","2deba350-e578-4a8b-910a-86408f5049b4","2021-11-23 13:24:22.119"
"ABB","35.420","15","35.430","8","-9","35.43","ff1b1003-9386-48fb-aa7a-4ac28e130ab0","2021-11-23 13:26:20.372"
"ABB","35.500","17","35.510","7","9","35.47","63037234-7e95-49e6-9afe-321b14ad6072","2021-11-23 14:16:14.232"
"ABB","35.500","20","35.510","10","9","35.47","18ba0327-d20d-4028-a131-0e31e4ddc749","2021-11-23 14:16:14.232"
"ABB","35.480","27","35.500","17","9","35.46","5aae1207-400c-44d8-adee-cac7e17e024c","2021-11-23 14:20:04.235"
"ABB","35.490","22","35.500","10","9","35.46","15021aff-739d-414e-a34f-195180905fd2","2021-11-23 14:20:04.235"
"ABB","35.490","22","35.500","10","9","35.46","d5a4f99c-30f3-4447-830a-045c712ac517","2021-11-23 14:20:04.235"
"ABB","35.490","22","35.500","10","9","35.46","8ccf90ea-4c0c-42d1-905f-3b734c6af2a8","2021-11-23 14:20:04.235"
"ABB","35.460","20","35.470","10","-9","35.47","c0af9a1d-209f-4416-bb4e-bacbad9f3738","2021-11-23 14:20:15.361"
"ABB","35.460","20","35.470","9","-9","35.47","777b4785-6435-493e-96f6-4207477b5838","2021-11-23 14:20:32.775"
"ABB","35.460","20","35.470","9","-9","35.47","d7a213b5-40b0-46a5-b1b7-863d4e2ce48c","2021-11-23 14:20:32.775"
"ABB","35.460","20","35.470","9","-9","35.47","748520d3-b374-488f-b968-815cfdbc53ee","2021-11-23 14:20:32.775"
"ABB","35.460","26","35.470","8","-9","35.47","50f29307-03c4-44ac-b8f6-21b5d98dfcd6","2021-11-23 14:20:32.775"
"ABB","35.470","30","35.480","1","-9","35.48","21365a9c-23e5-47e9-ac82-52cd7e49a8b9","2021-11-23 14:21:34.932"
"ABB","35.490","21","35.500","11","9","35.48","99a9a9ca-fcbf-4068-ba4c-f169ffdfe237","2021-11-23 14:31:11.405"
"ABB","35.490","28","35.500","3","9","35.48","7b00d6cd-48ff-4221-a68e-11491facaf6e","2021-11-23 14:31:11.405"
"ABB","35.450","24","35.460","8","-9","35.46","5d58cb34-b74e-421c-97a8-57a307575853","2021-11-23 14:32:30.990"
"ABB","35.460","6","35.470","23","-9","35.47","44a9497f-bacd-4667-afbc-24fdf5d99d4d","2021-11-23 14:32:31.031"
"ABB","35.510","16","35.520","8","9","35.50","1e28f63c-7573-4a33-870a-dd046be32114","2021-11-23 15:03:51.711"
"ABB","35.510","20","35.520","6","-9","35.52","1c4df70f-0aaa-46d7-931f-ad98066608e2","2021-11-23 15:06:28.423"
"ABB","35.520","30","35.530","6","9","35.52","36e8baf8-d916-4739-bbad-c3083542a2be","2021-11-23 15:12:16.952"
"ABB","35.520","13","35.530","7","-9","35.53","0670eeab-4b27-4f8d-9978-3f0c5d7821d3","2021-11-23 15:15:10.539"
"ABB","35.530","18","35.540","12","9","35.49","9506b2da-4a26-4ef9-a63c-a3e07ed13b5b","2021-11-23 15:20:27.518"
"ABB","35.530","10","35.540","14","9","35.49","0c4a1946-b289-438e-94d7-1428d4572da9","2021-11-23 15:20:27.518"
"ABB","35.530","10","35.540","14","9","35.49","5d3af5a7-e88c-4bdb-9e63-e7d6ef6497c4","2021-11-23 15:20:27.518"
"ABB","35.530","19","35.540","8","9","35.49","5ea60fb7-5d7f-474d-a83b-78de221cd278","2021-11-23 15:20:27.518"
"ABB","35.520","24","35.530","7","9","35.49","cc900022-8cc9-43f2-8286-3182c4ba387a","2021-11-23 15:20:27.518"
"ABB","35.530","20","35.540","10","9","35.49","8d26a830-d995-4cf4-860c-18f705ca44d4","2021-11-23 15:20:27.518"
"ABB","35.490","12","35.500","20","-9","35.50","79d8c8e6-d09d-4d71-ba72-f4afa58e6bfa","2021-11-23 15:21:42.504"
"ABB","35.490","12","35.500","20","-9","35.50","2c508e5f-e70d-45cb-81c5-6c6acffcf1ac","2021-11-23 15:21:42.504"
"ABB","35.490","12","35.500","20","-9","35.50","9d457f13-0f58-48b0-a108-8c0851cefb1a","2021-11-23 15:21:42.504"
"ABB","35.490","12","35.500","20","-9","35.50","101d6498-b6be-4101-bd83-3e2f8434ef64","2021-11-23 15:21:42.504"
"ABB","35.490","12","35.500","20","-9","35.50","3bca10b5-06ff-45d2-a190-e6f64e5a94ed","2021-11-23 15:21:42.504"
"ABB","35.490","12","35.500","20","-9","35.50","e64845da-5242-4813-a546-823ff02e056d","2021-11-23 15:21:42.504"
"ALB","283.930","1","284.610","1","2","282.00","7379ea83-e7ec-42f4-820a-ce365ff1c82e","2021-11-23 10:11:37.189"
"ALB","283.780","1","284.320","1","2","282.00","116420f2-badb-4a03-a309-d29d5faca350","2021-11-23 10:11:37.189"
"ALB","283.560","2","284.480","1","2","282.00","63ac64cf-19e4-4e0c-a4c8-d01dd43bcd5f","2021-11-23 10:11:37.189"
"ALB","283.560","1","283.980","1","2","282.00","c958ee5d-1744-4bbd-af59-e123b5d85e6f","2021-11-23 10:11:37.189"
"ALB","283.660","1","284.510","1","2","282.00","74a5b7de-07c6-4651-b2ec-5316a64d2f11","2021-11-23 10:11:37.189"
"ALB","283.970","1","284.610","1","2","282.00","22fdb8e0-5dcf-499c-8ef9-b95d8cc05173","2021-11-23 10:11:37.189"
"ALB","284.020","1","284.760","1","2","282.00","d99647aa-d69d-492c-a84a-80fe376c8047","2021-11-23 10:11:37.189"
"ALB","284.050","2","284.980","2","2","282.00","74c4a12a-a8dc-4041-bafb-ae151da2800a","2021-11-23 10:11:37.189"
"ALB","284.050","2","284.980","2","2","282.00","aa2273e4-b239-47ee-a7a5-5f7180754fd5","2021-11-23 10:11:37.189"
"ALB","284.020","2","284.960","1","2","282.00","2390db8d-ff18-4519-af69-e53650fe5b0d","2021-11-23 10:11:37.189"
"ALB","284.020","2","284.940","1","2","282.00","fbea001c-bd55-4df9-8c20-ff5d7009cb9c","2021-11-23 10:11:37.189"
"ALB","283.870","2","284.910","2","2","282.00","04fd81fb-d7ed-4d9d-a3c6-8fba74fe0fee","2021-11-23 10:11:37.189"
"ALB","283.870","1","284.920","3","2","282.00","83b6c3db-0cad-4792-b98a-446376eaa4fc","2021-11-23 10:11:37.189"
"ALB","283.870","2","284.920","3","2","282.00","ba433172-999e-4146-9197-a41782907064","2021-11-23 10:11:37.189"
"ALB","281.390","2","281.970","1","-2","281.98","1c82ca14-5804-4d16-b7fc-b274674e69cd","2021-11-23 10:13:03.975"
"ALB","281.390","2","281.970","1","-2","281.98","771c582e-1deb-4d86-aaee-877098dbe1ef","2021-11-23 10:13:03.975"
"ALB","281.390","2","281.970","1","-2","281.98","a4decbc9-580d-4455-bb1c-b0842928f5a5","2021-11-23 10:13:03.975"
"ALB","281.390","2","281.970","1","-2","281.98","8925f9cf-cc43-4211-845d-4d5829d884e1","2021-11-23 10:13:03.975"
"ALB","281.300","1","281.610","1","-2","281.61","f8e00815-cd42-41d2-ba75-4b32dfec0510","2021-11-23 10:13:25.687"
"ALB","281.300","1","281.610","1","-2","281.61","ce9bc23a-483f-4c30-86e0-ee0762660e18","2021-11-23 10:13:25.687"
"ALB","281.300","1","281.610","1","-2","281.61","6e08b1c8-7126-4b4c-b496-ffc34d2ba783","2021-11-23 10:13:25.687"
"ALB","280.740","1","281.450","1","-2","281.58","f6efaa94-6c4c-40df-8402-bfe3e4e8b268","2021-11-23 10:13:38.245"
"ALB","280.740","1","281.450","1","-2","281.58","ab93f9cd-a37e-4b7d-9c3f-aba52e8d0a8a","2021-11-23 10:13:38.245"
"ALB","280.740","1","281.450","1","-2","281.58","78ddacd9-fed5-44aa-a55c-e55786e90bbd","2021-11-23 10:13:38.245"
"ALB","280.740","1","281.450","1","-2","281.58","956c8c76-eb9a-4c84-b479-2a764f0b2eca","2021-11-23 10:13:38.245"
"ALB","280.920","2","281.610","2","-2","281.61","5dcacc93-fe52-4e29-9069-c8b1165cb8f1","2021-11-23 10:13:44.845"
"ALB","280.920","2","281.610","2","-2","281.61","ec1db8bb-671e-47d7-8748-f3a2d6d84d7d","2021-11-23 10:13:44.845"
"ALB","280.920","2","281.610","1","-2","281.61","598a7a5f-a9a8-4d55-b784-4e3ff00e22f2","2021-11-23 10:13:55.845"
"ALB","285.580","2","286.260","2","2","280.10","ca709c01-0853-452d-8289-17fe621ed95a","2021-11-23 10:21:02.521"
"ALB","285.540","1","286.650","1","2","280.10","144fe88f-757d-4c31-991c-4ac8de2f19d8","2021-11-23 10:21:02.521"
"ALB","285.570","1","286.660","2","2","280.10","d05d0cb2-56ba-4630-a280-270010214bb5","2021-11-23 10:21:02.521"
"ALB","285.580","1","286.640","2","2","280.10","4b03d082-55aa-47bd-ab90-c15daccae837","2021-11-23 10:21:02.521"
"ALB","284.660","2","285.290","1","2","280.04","88c1ccdd-a834-45a6-8ce7-d84480f53b87","2021-11-23 10:21:02.623"
"ALB","284.750","1","285.300","11","2","280.04","94781277-677d-46fb-b5d9-279f0950ff57","2021-11-23 10:21:02.623"
"ALB","284.500","2","285.300","11","2","280.04","36ff9c32-b000-41be-b12d-fc1a9384eaf0","2021-11-23 10:21:02.623"
"ALB","284.860","2","286.040","2","2","280.04","b9636675-b31f-43c3-8bad-288129d58724","2021-11-23 10:21:02.623"
"ALB","285.680","2","286.490","2","2","280.04","9b8b0e62-5680-4739-b590-621f48e1c741","2021-11-23 10:21:02.623"
"ALB","285.690","1","286.440","1","2","280.04","9dfb5f80-2005-4bb8-a923-d148855d8580","2021-11-23 10:21:02.623"
"ALB","285.730","1","286.440","1","2","280.04","fbc26079-1ff2-41fd-9717-1db7eefc1397","2021-11-23 10:21:02.623"
"ALB","285.310","1","286.290","1","2","280.04","af56c1d3-f88b-4ae4-a83b-d78eb542bd2e","2021-11-23 10:21:02.623"
"ALB","280.000","2","280.450","1","-2","280.45","079ff2dd-e7ea-498b-bf20-1d1512a06eae","2021-11-23 10:21:36.498"
"ALB","280.000","2","280.450","1","-2","280.45","6d68a557-013b-40f4-98d9-22ca4da33cc2","2021-11-23 10:21:36.498"
"ALB","280.000","2","280.450","1","-2","280.45","0479c49a-75d0-4989-852e-63e033b7801c","2021-11-23 10:21:36.498"
"ALB","280.000","2","280.450","1","-2","280.45","5e0cc696-f6be-4c42-acdd-54c3ec296837","2021-11-23 10:21:36.498"
"ALB","280.000","2","280.450","1","-2","280.45","7af37a2f-7497-4dd7-8a69-af5f1c1962f7","2021-11-23 10:21:36.498"
"ALB","280.000","2","280.450","1","-2","280.45","f20b7b70-c2ae-4b56-9768-8bbe98d98179","2021-11-23 10:21:36.498"
"ALB","280.000","1","280.460","2","-2","280.46","99ae71e3-446b-4da6-8079-64299e1c2ccc","2021-11-23 10:21:36.498"
"ALB","280.000","1","280.460","2","-2","280.46","f262fe75-0c38-4720-852f-fdb7ee53352f","2021-11-23 10:21:36.498"
"ALB","280.000","1","280.460","2","-2","280.46","2bdce118-040f-4ee4-8c31-513607d95b34","2021-11-23 10:21:36.498"
"ALB","280.650","1","281.080","1","-2","281.09","c42e4adc-f309-40c5-905a-d9d5ef8ab1cc","2021-11-23 10:23:15.297"
"ALB","280.950","1","281.180","1","-2","281.18","0a40b8b3-2548-4ec1-8734-3f025a06c2ac","2021-11-23 10:24:02.749"
"ALB","278.270","2","278.580","1","-2","278.58","eddb03ad-ff5e-4973-9933-f2b9f5e95241","2021-11-23 10:29:04.120"
"ALB","272.970","1","273.430","1","2","271.49","934f48ee-146e-49d6-8467-5509fcaa56bf","2021-11-23 11:20:56.285"
"ALB","272.570","2","273.040","4","2","271.49","38d48959-571f-414e-9a0f-99114dd4fe97","2021-11-23 11:20:56.285"
"ALB","272.560","1","272.870","4","2","271.49","1b5e4bfb-03be-455e-a868-549ef10a7c83","2021-11-23 11:20:56.285"
"ALB","272.280","1","272.850","1","2","271.49","502d8d39-38b5-4760-bf23-ccad0200ecad","2021-11-23 11:20:56.285"
"ALB","272.100","1","272.500","2","-2","272.50","2431f4b0-2724-4651-94e3-608e5fb2d477","2021-11-23 11:21:10.012"
"ALB","272.100","1","272.500","2","-2","272.50","1eabac2e-da92-4008-8001-f900b82f889c","2021-11-23 11:21:10.012"
"ALB","271.730","2","272.060","1","-2","272.07","6cacfff0-476f-4519-99c5-a45ef27f5cb2","2021-11-23 11:22:09.767"
"ALB","272.580","1","273.230","2","-2","273.27","1572d984-3899-424c-a99b-b97b00219555","2021-11-23 11:25:15.095"
"ALB","273.180","1","273.660","1","2","272.02","abca114c-7a14-4e41-a1d2-286b09283cd8","2021-11-23 11:30:11.284"
"ALB","273.000","1","273.290","1","2","272.02","d22e73d6-24e5-40c9-9ad3-7ebfb7027af4","2021-11-23 11:30:11.284"
"ALB","272.720","2","273.130","1","2","272.02","1abbf59c-8b1d-4760-acc1-60f69894c1c4","2021-11-23 11:30:11.284"
"ALB","272.740","1","273.100","1","2","272.02","c5ad2564-0340-4b1a-a6d6-ed479d331557","2021-11-23 11:30:11.284"
"ALB","272.250","2","272.780","1","-2","272.78","d8d60ea1-8226-41d9-9799-2f37ade400e9","2021-11-23 11:30:52.783"
"ALB","272.250","2","272.780","1","-2","272.78","c82a32ca-635f-4e58-923e-b33604288ce7","2021-11-23 11:30:52.783"
"ALB","272.690","1","273.150","1","-2","273.15","42e66e2b-41f7-412d-9f68-3f1d7de1d0cd","2021-11-23 11:31:10.621"
"ALB","272.690","1","273.240","1","-2","273.24","09b9b879-e56e-4dc3-ac5b-183ff8e8af46","2021-11-23 11:31:24.421"
"ALB","272.700","1","273.170","1","2","272.31","49679ea0-5149-4374-ba2f-f472f2d4bfbb","2021-11-23 11:31:56.389"
"ALB","272.740","1","273.150","1","-2","273.15","a0fb96a3-6ec3-48e6-a4fd-fd0c0f7c7fe1","2021-11-23 11:33:16.639"
"ALB","272.450","1","272.960","1","2","272.45","1f384e59-7839-4cb3-a94b-4215790f7b05","2021-11-23 11:34:15.045"
"ALB","271.710","2","272.500","2","-2","272.50","5420843b-f8b2-4500-858e-94cdab675986","2021-11-23 11:35:26.294"
"ALB","272.830","1","273.420","1","2","271.95","2b4c74fc-da83-4d22-a9d7-5b4abba24581","2021-11-23 11:44:31.989"
"ALB","272.870","1","273.410","1","2","271.95","bc5dee7c-734f-40df-85b7-cd90166af295","2021-11-23 11:44:31.989"
"ALB","272.820","1","273.390","2","2","271.95","ba0e57f4-4e9e-4c65-afff-9f2382f57dbc","2021-11-23 11:44:31.989"
"ALB","272.250","1","272.860","1","2","271.95","8fb6af0d-1435-4a83-b771-4fbdc580e799","2021-11-23 11:44:31.989"
"ALB","273.010","1","273.420","1","2","271.76","6e285f30-e1fd-468e-9d83-3c6998f1ca2f","2021-11-23 11:44:33.080"
"ALB","273.020","1","273.430","1","2","271.76","a3c276b1-d995-4b33-b803-da358ccdbea0","2021-11-23 11:44:33.080"
"ALB","273.010","2","273.420","1","2","271.76","86c5502e-27d2-4c88-b714-ba2c04bc28dc","2021-11-23 11:44:33.080"
"ALB","272.940","1","273.350","1","2","271.76","d6d68d3f-9905-4960-9b1f-46eacf87d01a","2021-11-23 11:44:33.080"
"ALB","273.110","2","273.600","2","2","271.76","d4f9d3b2-5eab-4cf2-b974-76ee74c931bf","2021-11-23 11:44:33.080"
"ALB","273.110","1","273.440","1","2","271.76","5d428c93-130c-40c6-8047-55a789bc92c0","2021-11-23 11:44:33.080"
"ALB","272.940","1","273.460","2","2","271.76","5b68e912-65f5-4cb5-a9e0-b4a86c2eece0","2021-11-23 11:44:33.080"
"ALB","272.730","1","273.210","1","2","271.50","91ef8d12-4db7-43a4-88aa-09f8eb1bbfb6","2021-11-23 11:44:48.559"
"ALB","272.720","1","273.210","1","2","271.50","ae85aea5-c52b-4c8c-b6e2-0d520e120624","2021-11-23 11:44:48.559"
"ALB","272.740","1","273.340","2","2","271.50","614acbee-0fce-486d-a2b7-60334fd93d21","2021-11-23 11:44:48.559"
"ALB","273.060","1","273.640","2","2","271.50","39029980-f662-4128-a752-2a1d927ff603","2021-11-23 11:44:48.559"
"ALB","273.430","1","273.850","2","2","271.50","719eb145-d066-4462-8758-4cd4c287e28d","2021-11-23 11:44:48.559"
"ALB","273.480","1","273.980","1","2","271.50","9ba7f737-c42b-4efb-99c8-f234ba527430","2021-11-23 11:44:48.559"
"ALB","273.470","1","273.980","1","2","271.50","a2bcad23-fe75-4a5f-b7f6-b9495db51cf2","2021-11-23 11:44:48.559"
"ALB","273.480","1","273.980","1","2","271.50","6ae1e3fc-0561-447a-a592-5c155602a6f7","2021-11-23 11:44:48.559"
"ALB","273.880","1","274.380","1","2","271.50","245c7f43-75cf-43d1-85e0-0ee59506c737","2021-11-23 11:44:48.559"
"ALB","273.750","2","274.360","1","2","271.50","b3599e93-0134-49da-95cf-9d34ba7021e5","2021-11-23 11:44:48.559"
"ALB","273.550","1","274.350","1","2","271.50","cea727fb-82ea-4967-b511-fb52c47fb07f","2021-11-23 11:44:48.559"
"ALB","273.540","2","274.350","2","2","271.50","7a07a2ee-7c2c-42f0-8e82-b629b1b1f2c0","2021-11-23 11:44:48.559"
"ALB","271.480","2","271.950","1","-2","271.95","c0f8065f-74f5-40e6-8a42-1211248daa0b","2021-11-23 11:45:04.770"
"ALB","271.480","2","271.950","1","-2","271.95","1ac3d0f7-5f18-4c55-9c82-d8dc1283c658","2021-11-23 11:45:04.770"
"ALB","271.480","2","271.950","1","-2","271.95","7c0c2bc7-b53b-4937-bd5c-92a242c8df2e","2021-11-23 11:45:04.770"
"ALB","271.480","2","271.950","1","-2","271.95","5fd629ab-6f17-49a2-bdae-814582ede935","2021-11-23 11:45:04.770"
"ALB","271.480","2","271.950","1","-2","271.95","63fea042-ab6a-471f-b5bb-d0144b021048","2021-11-23 11:45:04.770"
"ALB","271.480","2","271.950","1","-2","271.95","1f0912fa-0194-40e0-afb8-0bbe0bbb9338","2021-11-23 11:45:04.770"
"ALB","271.480","2","271.950","1","-2","271.95","b73b15d7-7e89-47f0-9ea9-f3a3daab31af","2021-11-23 11:45:04.770"
"ALB","271.480","2","271.950","1","-2","271.95","bf06395c-8bd7-44d0-8f1f-3fec75d1c110","2021-11-23 11:45:04.770"
"ALB","271.480","2","271.950","1","-2","271.95","fcf0d666-5244-42d5-8f2a-6dbf42544d97","2021-11-23 11:45:04.770"
"ALB","271.680","1","272.300","1","-2","272.30","df6dd81f-b2a6-41bf-a20d-bafc5f71da85","2021-11-23 11:45:41.853"
"ALB","271.680","1","272.300","1","-2","272.30","4f0892ab-2f22-4311-9f7e-8da5cdc77339","2021-11-23 11:45:41.853"
"ALB","271.680","1","272.300","1","-2","272.30","16488a14-df7a-41d2-b987-084d80fd490b","2021-11-23 11:45:41.853"
"ALB","271.680","1","272.300","1","-2","272.30","f0b4d595-0b77-43be-b849-1ca3362c754a","2021-11-23 11:45:41.853"
"ALB","271.680","1","272.300","1","-2","272.30","1ac29cac-5725-4144-8c06-1f70ceb3756a","2021-11-23 11:45:41.853"
"ALB","271.860","2","272.800","1","-2","272.80","7570010c-67e9-4dd6-b428-30edfb906e6e","2021-11-23 11:46:00.373"
"ALB","271.860","2","272.800","1","-2","272.80","bb39a514-e4e5-4305-b905-0cde1fb52742","2021-11-23 11:46:00.373"
"ALB","272.540","2","272.760","2","-2","272.76","2520f88e-b95f-4e0b-b1c5-35b48ce08e6f","2021-11-23 11:47:08.811"
"ALB","272.540","2","272.760","2","-2","272.76","445728cc-14e0-40ba-b624-8c1f9198768f","2021-11-23 11:47:08.811"
"ALB","272.650","1","272.800","1","-2","272.80","193317f0-a78c-459d-9b1b-90db9cc980d0","2021-11-23 11:47:10.492"
"ALB","272.650","1","272.800","1","-2","272.80","8dabd19a-d35a-4abf-826c-d57a46672023","2021-11-23 11:47:10.492"
"ALB","272.650","1","272.800","1","-2","272.80","13a322f3-cc0d-4f86-b90e-11aa798eea5c","2021-11-23 11:47:10.492"
"ALB","272.690","2","273.190","1","-2","273.25","073751f6-15b1-4c90-b579-9cf1021b5a1f","2021-11-23 11:47:24.794"
"ALB","272.700","2","273.250","2","-2","273.25","07803b06-a2a8-4b4d-9525-5856e043682e","2021-11-23 11:47:32.542"
"ALB","272.690","2","273.080","1","2","272.01","f05c0fc2-e419-4976-b456-0b8932aa4c50","2021-11-23 12:02:28.420"
"ALB","272.690","2","273.070","1","2","272.01","1363804f-2627-44f3-96a4-c423083fff68","2021-11-23 12:02:28.420"
"ALB","272.690","2","273.070","1","2","272.01","722f0d5b-d020-4589-85a8-c4b1b764112f","2021-11-23 12:02:28.420"
"ALB","272.000","2","272.280","2","-2","272.28","9d4e6669-5eee-479b-96cd-d186aa24c046","2021-11-23 12:04:00.569"
"ALB","272.000","2","272.280","2","-2","272.28","fea2cef8-c305-447f-8697-58dada96da33","2021-11-23 12:04:00.569"
"ALB","272.010","1","272.280","2","-2","272.28","7eda4489-6606-4263-8f5c-b674dd51ff80","2021-11-23 12:04:00.569"
"ALB","272.410","2","272.810","1","2","272.81","e6ae692b-3e52-4c2a-8fdc-8cbe1790e03b","2021-11-23 12:09:20.006"
"ALB","273.290","1","273.630","2","-2","273.63","fb17ddd1-feb2-46e6-b167-a5d31e28d11a","2021-11-23 12:11:54.377"
"ALB","274.690","2","275.000","1","2","274.41","4d557c79-21dd-47c0-b5d9-a4d6eb4fb436","2021-11-23 12:51:20.067"
"ALB","274.710","2","275.000","1","2","274.41","bcf606dd-60e7-4958-8f97-720680c59ea7","2021-11-23 12:51:20.067"
"ALB","274.880","4","275.220","1","2","274.41","e6fa06df-2e2e-4cc2-af0b-903c1db7ca2c","2021-11-23 12:51:20.067"
"ALB","275.060","1","275.410","2","2","274.41","520b19b7-2874-4235-a9c8-0f9f2e072142","2021-11-23 12:51:20.067"
"ALB","275.060","2","275.420","2","2","274.41","5dad8818-4e23-44e4-9e37-cff58e58bed1","2021-11-23 12:51:20.067"
"ALB","274.880","1","275.200","1","2","274.41","ef4ed339-0c6e-4133-9358-525fa48fa3bc","2021-11-23 12:51:20.067"
"ALB","274.880","1","275.190","1","2","274.41","c5d9e456-95a6-48ba-ad9a-a72e191450fd","2021-11-23 12:51:20.067"
"ALB","274.220","2","274.510","2","-2","274.51","e295a915-ce24-4f04-8a26-f818f28ec552","2021-11-23 12:53:23.541"
"ALB","274.220","2","274.510","2","-2","274.51","72ac31f1-903e-4b08-b850-3fffda4e4e62","2021-11-23 12:53:23.541"
"ALB","274.220","1","274.530","3","-2","274.53","ddc55d1e-2594-4c2c-8d14-11daba54c80e","2021-11-23 12:53:24.542"
"ALB","274.220","1","274.530","3","-2","274.53","d9620228-4398-4581-b186-41f94ee15a68","2021-11-23 12:53:24.542"
"ALB","274.220","1","274.530","3","-2","274.53","d449f42e-0b08-420e-b902-1a15ad09cc2b","2021-11-23 12:53:24.542"
"ALB","274.220","1","274.530","3","-2","274.53","a092b72d-6a70-45de-a522-34879b1f8ee4","2021-11-23 12:53:24.542"
"ALB","274.240","2","274.530","1","-2","274.53","b318eb3f-25de-4c22-bec6-2ac1462faf66","2021-11-23 12:54:01.955"
"ALB","274.380","1","274.830","2","2","274.01","9ad44556-2e7d-4248-b7ae-1a40981bb5ec","2021-11-23 12:54:42.843"
"ALB","274.390","1","274.830","1","2","274.01","b434ace3-49d9-4f7d-8abd-b5e4c469c007","2021-11-23 12:54:42.843"
"ALB","274.720","1","275.060","3","2","273.88","25012287-e894-4ba9-9736-73818654ddec","2021-11-23 12:54:50.710"
"ALB","274.730","1","274.960","2","2","273.88","05a8dee3-bdd9-417f-ad77-15ce881a7fbc","2021-11-23 12:54:50.710"
"ALB","274.020","2","274.460","3","2","273.88","5ba78456-17cd-4e8a-9ea2-b955f5b2fb48","2021-11-23 12:54:50.710"
"ALB","273.750","1","274.060","1","-2","274.06","58230521-c123-47ee-bf70-5d65f6a04564","2021-11-23 12:55:20.681"
"ALB","273.740","1","274.010","1","-2","274.01","5ae5a244-d692-482d-9d75-02282792b2f2","2021-11-23 12:56:06.612"
"ALB","273.770","1","274.010","1","-2","274.01","0a368d18-d2e0-4a4b-8a6c-bc11bb3936ae","2021-11-23 12:56:06.612"
"ALB","273.770","1","274.010","1","-2","274.01","0da04cf1-931b-4430-8c3a-4d062326d339","2021-11-23 12:56:06.612"
"ALB","273.750","1","274.060","1","-2","274.06","a54606e6-3f54-488a-a514-47ed90b41d75","2021-11-23 12:57:00.904"
"ALB","272.910","1","273.160","2","2","273.16","a9cef8b4-2e5b-49c6-818e-5579feae3ce4","2021-11-23 13:16:10.006"
"ALB","272.730","2","273.360","1","2","272.04","52c65542-c6a4-49f6-b925-25ddabac299f","2021-11-23 13:19:36.048"
"ALB","272.570","2","273.040","1","2","272.04","35870dcf-4c9f-4e42-89f4-08ef14986596","2021-11-23 13:19:36.048"
"ALB","272.720","1","273.150","2","2","272.04","748d53ab-3d14-447d-99fd-c7be0d83a7a2","2021-11-23 13:19:36.048"
"ALB","271.860","2","272.120","2","-2","272.12","c7d6411f-1ba2-44d5-a635-9d37766e007c","2021-11-23 13:20:02.985"
"ALB","271.860","2","272.120","2","-2","272.12","16036e84-7f4b-4bf9-9785-63380d23d927","2021-11-23 13:20:02.985"
"ALB","272.040","1","272.260","2","-2","272.26","1851e74f-d49c-45e2-b741-5bb3fde1d8e4","2021-11-23 13:20:22.839"
"ALB","272.050","1","272.260","2","-2","272.26","ca403fe6-1776-4643-95c8-2dd4d723b530","2021-11-23 13:20:22.839"
"ALB","272.370","1","273.080","3","2","271.79","1494779f-af93-4312-8c8e-f5a15a844278","2021-11-23 13:34:01.596"
"ALB","272.520","3","272.960","1","2","271.79","00eb00d0-8bd2-4162-94fb-d43a58382461","2021-11-23 13:34:01.596"
"ALB","272.710","1","273.530","1","2","271.69","eb141412-6502-4656-a018-9c144a894dc9","2021-11-23 13:34:01.607"
"ALB","272.850","1","273.510","1","2","271.69","6d202872-5c9e-4974-b1fb-3cdbdd4fbfa3","2021-11-23 13:34:01.607"
"ALB","273.030","1","273.510","1","2","271.69","d01dff94-6a88-49ea-a010-8e374bda1bf4","2021-11-23 13:34:01.607"
"ALB","272.140","1","272.590","1","2","271.69","97bd11bb-a1da-4653-9df2-7ea3f020e390","2021-11-23 13:34:01.607"
"ALB","272.130","2","272.560","2","2","271.69","0ba8fc50-2a2b-4ea9-b951-87814c559060","2021-11-23 13:34:01.607"
"ALB","272.140","2","272.560","2","2","271.69","11d6c78b-d703-4218-9d43-ccd7e1e92f8f","2021-11-23 13:34:01.607"
"ALB","271.850","2","272.090","1","-2","272.09","2c9bc356-bff0-4504-b6f2-bbb3f12f150b","2021-11-23 13:35:11.645"
"ALB","271.850","2","272.090","1","-2","272.09","e9325dc0-49f6-488f-809f-8fd9a20ee24d","2021-11-23 13:35:11.645"
"ALB","271.850","2","272.090","1","-2","272.09","536c4248-f4f6-4f0a-94e3-83bad36f95e8","2021-11-23 13:35:11.645"
"ALB","271.850","2","272.090","1","-2","272.09","a14f112f-13cc-4dc0-9179-fdd950202e73","2021-11-23 13:35:11.645"
"ALB","271.670","1","271.910","1","-2","271.91","309e1d2d-4baf-419f-a0e2-fb110577ee5d","2021-11-23 13:35:59.095"
"ALB","271.570","1","271.980","1","-2","272.00","fc4d08e5-5ff2-4e8d-b93b-43b57e5248c0","2021-11-23 13:36:29.076"
"ALB","271.560","1","272.000","2","-2","272.00","407f4757-00d7-400d-b475-8f063578a52f","2021-11-23 13:37:20.156"
"ALB","271.560","1","272.000","2","-2","272.00","6c667f4a-1d5d-4c5e-b709-4bc0d2e13308","2021-11-23 13:37:20.156"
"ALB","272.280","2","272.600","2","2","271.76","d36cf1d8-a8ac-4b80-bb20-b4abafb9766e","2021-11-23 13:58:58.853"
"ALB","272.310","1","272.600","2","2","271.76","b8d12c06-1f44-49fe-80e5-96d59f53d87e","2021-11-23 13:58:58.853"
"ALB","272.350","1","272.600","3","2","271.76","ec92ea3f-85d8-4399-8ca2-400cb9aee070","2021-11-23 13:58:58.853"
"ALB","272.370","1","272.750","2","2","271.76","20d718aa-b081-4d0d-b708-1dbccd96ebc4","2021-11-23 13:58:58.853"
"ALB","272.570","2","272.940","2","2","271.76","8179303c-523d-4f34-aed1-0a795cc3ca8c","2021-11-23 13:58:58.853"
"ALB","272.620","1","272.940","1","2","271.76","a549aae5-b015-4016-871b-49244d44563a","2021-11-23 13:58:58.853"
"ALB","272.620","1","272.940","1","2","271.76","4a5f6202-a1a9-4dde-b144-e2b1b0778d30","2021-11-23 13:58:58.853"
"ALB","272.450","1","272.750","1","2","271.76","257ef9d7-95a4-49db-85f0-22c5227bf90c","2021-11-23 13:58:58.853"
"ALB","272.350","2","272.740","1","2","271.76","f3b0353f-76fa-4e51-84ee-52cbee8bbf88","2021-11-23 13:58:58.853"
"ALB","271.890","2","272.200","1","-2","272.20","0dc492d1-10ee-4557-9818-12993b3630c4","2021-11-23 14:00:31.006"
"ALB","271.890","2","272.200","1","-2","272.20","a49b7083-a4b5-4bdf-a302-ee8007754abc","2021-11-23 14:00:31.006"
"ALB","271.890","2","272.200","1","-2","272.20","00c788a9-232c-406e-8f0d-ddaa76b69ddc","2021-11-23 14:00:31.006"
"ALB","271.890","2","272.200","1","-2","272.20","4b866f9c-ed44-4890-a28d-1caf75539c7a","2021-11-23 14:00:31.006"
"ALB","271.840","1","272.200","1","-2","272.20","9d1fccf1-7a6e-475e-8177-4a493f279cf8","2021-11-23 14:00:54.521"
"ALB","272.160","1","272.470","1","-2","272.54","a2e12891-5eac-4644-90d0-049e376e6e01","2021-11-23 14:01:33.257"
"ALB","271.710","1","271.960","1","-2","271.96","60e9a757-cb46-4c28-bef5-80365ae2295a","2021-11-23 14:02:56.816"
"ALB","271.780","2","272.080","1","-2","272.08","18b455e3-afca-4883-9f31-227cf37a4f32","2021-11-23 14:03:56.949"
"ALB","271.880","1","272.100","1","-2","272.10","608501ab-51a0-46ca-a013-63089d251b27","2021-11-23 14:03:56.949"
"ALB","272.280","2","272.610","4","2","271.66","1217ea86-57a3-4a29-851d-954e321025c2","2021-11-23 14:19:43.161"
"ALB","272.400","1","272.650","1","2","271.66","ad11a92e-8f23-469a-b7ad-732c795f0c46","2021-11-23 14:19:43.161"
"ALB","272.400","1","272.650","1","2","271.66","134421cd-3948-4540-95d3-22a1734da21f","2021-11-23 14:19:43.161"
"ALB","272.440","2","272.770","1","2","271.66","ce392c44-ca22-4b20-a15d-4ac56be1497b","2021-11-23 14:19:43.161"
"ALB","272.940","1","273.450","1","2","271.66","4ae332aa-8329-479e-ac72-f64d8c153ee4","2021-11-23 14:19:43.161"
"ALB","272.830","1","273.280","2","2","271.66","0b85e378-e4a2-4e1d-8733-9f6f75293381","2021-11-23 14:19:43.161"
"ALB","272.860","1","273.250","1","2","271.66","80a268dd-b04e-46e4-ba69-7b56cb8fb3ca","2021-11-23 14:19:43.161"
"ALB","272.870","1","273.240","2","2","271.66","5a42e6fe-0113-4ea0-855d-a98052cbdb07","2021-11-23 14:19:43.161"
"ALB","272.880","1","273.220","1","2","271.66","14467bf3-deff-4162-8172-dc9a7f10ecb7","2021-11-23 14:19:43.161"
"ALB","272.730","2","273.190","1","2","271.66","7e08b1e7-1939-4b66-865c-5a6211bfe172","2021-11-23 14:19:43.161"
"ALB","272.530","1","272.890","1","2","271.66","ac815629-af25-4306-bb74-67150c2e79ea","2021-11-23 14:19:43.161"
"ALB","272.240","2","272.480","1","2","271.66","d9333958-8447-4866-aefc-a5fb9c8ef203","2021-11-23 14:19:43.161"
"ALB","272.240","1","272.480","2","2","271.66","f28d246d-430e-4d5d-9952-3bbfd238e77d","2021-11-23 14:19:43.161"
"ALB","271.890","2","272.150","2","2","271.65","db201009-2db7-43f1-9713-6870e26b77cd","2021-11-23 14:19:43.162"
"ALB","271.960","1","272.230","2","2","271.56","194b98a7-f556-405e-87d0-ba93475ed85e","2021-11-23 14:19:56.057"
"ALB","271.970","1","272.250","1","2","271.56","e4faa84a-6a42-4ea1-bdf7-cd813a0d2e7b","2021-11-23 14:19:56.057"
"ALB","271.970","2","272.530","3","2","271.56","f01db29d-2b4f-4b39-9a34-5051ace91f5b","2021-11-23 14:19:56.057"
"ALB","271.970","2","272.520","1","2","271.56","760d2dac-93bf-4cfd-9796-7950900aade4","2021-11-23 14:19:56.057"
"ALB","272.010","1","272.500","1","2","271.56","2518c2c6-9960-4441-a03a-be9d79084511","2021-11-23 14:19:56.057"
"ALB","271.520","1","271.740","2","-2","271.74","8ae264f8-4d9c-4ee9-8d46-4d4e31de10a0","2021-11-23 14:20:12.075"
"ALB","271.520","1","271.740","2","-2","271.74","2fe5f703-717e-42da-9ad2-b1e7032242d6","2021-11-23 14:20:12.075"
"ALB","271.520","1","271.740","2","-2","271.74","ede0169d-114e-457d-894c-4470cbe13b76","2021-11-23 14:20:12.075"
"ALB","271.520","1","271.740","2","-2","271.74","651efab2-2df3-4084-a7ec-be67fafe888f","2021-11-23 14:20:12.075"
"ALB","271.520","1","271.740","2","-2","271.74","b8ef048e-1e7b-4656-9fad-e2167da7b44e","2021-11-23 14:20:12.075"
"ALB","271.520","1","271.740","2","-2","271.74","45b87634-e5d5-4e68-88a1-15513bd247d1","2021-11-23 14:20:12.075"
"ALB","271.640","2","271.860","1","-2","271.86","50cab2d0-9d04-4e83-9fda-d22abc3d42dc","2021-11-23 14:21:10.487"
"ALB","271.640","2","271.860","1","-2","271.86","ab60a128-f803-44e0-8fa2-321a2f1ff524","2021-11-23 14:21:10.487"
"ALB","271.640","2","271.860","1","-2","271.86","6c4d3199-f3c2-4714-8de1-95bf3ec793b0","2021-11-23 14:21:10.487"
"ALB","271.640","2","271.860","1","-2","271.86","9be03024-a43f-4142-98ec-c572c68bcd63","2021-11-23 14:21:10.487"
"ALB","271.890","1","272.160","1","-2","272.16","0742fac7-f9d2-413b-83b3-8202376617d4","2021-11-23 14:21:30.660"
"ALB","271.890","1","272.160","1","-2","272.16","dd442a90-502a-443f-883d-f8b509d02f52","2021-11-23 14:21:30.660"
"ALB","271.590","1","271.800","1","-2","271.80","7b979e53-8809-48a8-a6b3-8efdbc6fad2a","2021-11-23 14:23:12.004"
"ALB","271.590","1","271.800","1","-2","271.80","1afcc613-da04-42c1-ae0e-dbbcace4b774","2021-11-23 14:23:12.004"
"ALB","271.590","1","271.810","3","-2","271.81","a0656707-fed5-4fa6-819f-5f4c8a3958db","2021-11-23 14:23:12.004"
"ALB","271.590","1","271.810","3","-2","271.81","411d2500-90f9-4756-9a09-1e8ca386ca5f","2021-11-23 14:23:12.004"
"ALB","271.600","2","271.830","2","-2","271.83","66ce504d-e35e-41b7-a41a-0060f46ff885","2021-11-23 14:23:12.004"
"ALB","271.600","2","271.830","2","-2","271.83","2466d72d-5f27-4d5e-a9de-2d5ac9ede551","2021-11-23 14:23:12.004"
"ALB","271.600","2","271.830","2","-2","271.83","1298a03d-7eaf-4575-a391-0151f24e90c0","2021-11-23 14:23:12.004"
"ALB","272.310","1","272.630","3","2","271.81","95432782-1894-4f87-9c93-14c0e5b654f1","2021-11-23 14:31:23.041"
"ALB","272.120","1","272.410","1","2","271.81","5fe431c7-67ff-4d87-9e70-9fbc928d8142","2021-11-23 14:31:23.041"
"ALB","272.230","2","272.520","2","2","271.81","59a44a0c-996f-4ad4-83a3-184315db919f","2021-11-23 14:31:23.041"
"ALB","272.250","1","272.440","1","2","271.81","5675fc86-a2f5-4ea3-a034-28e33f5227d7","2021-11-23 14:31:23.041"
"ALB","271.580","1","271.910","1","-2","271.92","a52451ba-4a70-4eb9-aa58-1a65f5f66c20","2021-11-23 14:32:59.851"
"ALB","271.510","1","271.780","2","-2","271.78","09413509-3af3-4da4-bee2-df686fe6c97a","2021-11-23 14:35:05.764"
"ALB","271.510","1","271.780","2","-2","271.78","3ecc2c74-ac79-4434-844a-958c3443e699","2021-11-23 14:35:05.764"
"ALB","272.010","1","272.270","1","-2","272.27","6c53f78d-83a3-405f-b680-ab898487030a","2021-11-23 14:49:41.880"
"ALB","271.800","1","272.190","2","2","271.61","cd3047b2-f49e-47fd-ba78-2b8defa33a41","2021-11-23 14:57:40.055"
"ALB","271.960","1","272.170","1","2","271.54","be1a7b2f-f6d0-4cec-99b3-b7b31bc40ff5","2021-11-23 14:57:43.780"
"ALB","271.960","1","272.170","1","2","271.54","00293f21-e2c3-4b8e-aa9e-d04515565b23","2021-11-23 14:57:43.780"
"ALB","272.460","2","272.940","1","2","271.54","9df43c67-7712-4ed0-9528-405f4aacdb3e","2021-11-23 14:57:43.780"
"ALB","271.630","1","271.780","4","-2","271.78","dc01d942-1e0c-4fbe-bb50-d38b8d48651d","2021-11-23 14:58:40.837"
"ALB","271.630","1","271.780","4","-2","271.78","bcd1b083-f653-4e51-addb-a07ac50b4e67","2021-11-23 14:58:40.837"
"ALB","271.770","2","272.000","4","-2","272.00","f6226952-67c3-451b-9daf-4f07e8ac5a9c","2021-11-23 15:00:19.851"
"ALB","271.600","3","271.910","1","-2","271.92","c7e63262-b169-48b7-80f3-d98f12929b77","2021-11-23 15:03:59.572"
"ALB","272.500","2","272.750","2","2","272.23","cfb7b390-1a00-4ba1-891f-c9cfcb223605","2021-11-23 15:35:35.128"
"ALB","272.600","1","272.710","2","2","272.08","612495dc-77a2-4f20-b63c-ce5aed715285","2021-11-23 15:35:35.989"
"ALB","272.030","1","272.420","5","-2","273.63","da3d337b-5a23-41fb-b38e-8692e6cca2f7","2021-11-23 15:37:09.293"
"ALB","272.020","1","272.430","3","-2","273.78","6d1bca3b-adcd-445e-95e5-52dddf3648ea","2021-11-23 15:40:51.237"
"ALC","80.700","7","80.730","3","4","80.66","3592c031-c473-40bf-8b57-554b9d3f2ebf","2021-11-23 10:06:06.658"
"ALC","80.660","7","80.730","3","4","80.58","a352754b-a4dc-4dca-95a4-39dde347468d","2021-11-23 10:06:28.669"
"ALC","80.660","9","80.730","3","4","80.58","a4127050-930b-4ced-8bfc-07c7cfb761e0","2021-11-23 10:06:28.669"
"ALC","80.660","9","80.730","3","4","80.58","65edb82a-53f6-41a1-83e3-a3bff8f1a3d9","2021-11-23 10:06:28.669"
"ALC","80.660","9","80.730","3","4","80.58","d7530465-27b7-4230-ac48-e4484de40566","2021-11-23 10:06:28.669"
"ALC","80.660","7","80.730","4","4","80.58","c38707b6-e47b-4dcc-bfce-2ea0de6b3774","2021-11-23 10:06:28.669"
"ALC","80.920","7","80.980","2","4","80.54","3fe15d15-cb35-4d99-929d-94ff7e8d21a0","2021-11-23 10:06:28.822"
"ALC","80.920","7","80.980","2","4","80.54","381a0d81-b704-4bd0-94b1-4460daacd125","2021-11-23 10:06:28.822"
"ALC","80.660","7","80.730","3","4","80.54","9aaa6a3a-2938-43aa-9c13-c0ee94b31526","2021-11-23 10:06:28.822"
"ALC","80.860","6","80.900","1","4","80.51","bdc8bf4e-4225-4c6d-82f8-15622aa0d85b","2021-11-23 10:06:47.467"
"ALC","80.880","6","80.910","2","4","80.51","1b8415e6-7ce6-4f30-af95-762f77d38dc9","2021-11-23 10:06:47.467"
"ALC","80.880","6","80.910","2","4","80.51","3bd9a7e7-e94a-4e99-b80e-14d0894e205c","2021-11-23 10:06:47.467"
"ALC","80.900","2","80.920","3","4","80.51","63345b9a-a8a4-4664-a834-a90a8603f821","2021-11-23 10:06:47.467"
"ALC","80.780","1","80.810","1","4","80.50","86224947-7114-4e47-a872-f000cab0a639","2021-11-23 10:06:48.413"
"ALC","80.760","7","80.790","2","4","80.50","cc168d14-1171-4ff8-8983-b5f9e98bb814","2021-11-23 10:06:48.413"
"ALC","80.740","6","80.760","2","4","80.50","952b3f19-c461-420d-a14b-e8fcb881fef8","2021-11-23 10:06:48.413"
"ALC","80.740","6","80.760","2","4","80.50","24b9ab7b-a467-4531-ba39-5cd9125914e9","2021-11-23 10:06:48.413"
"ALC","80.860","7","80.910","5","4","80.38","e27dded0-3c0c-4273-ad1e-db91674e8cf7","2021-11-23 10:09:13.589"
"ALC","80.880","7","80.910","5","4","80.38","4cac7ab2-5716-4491-83ce-799ec6b8442b","2021-11-23 10:09:13.589"
"ALC","80.900","1","80.920","1","4","80.38","f6f27c40-a02b-4080-8f50-f2e44f4f9105","2021-11-23 10:09:13.589"
"ALC","80.880","7","80.920","1","4","80.38","17e1fc80-6ec5-4663-9f1a-d6a371d5e8ed","2021-11-23 10:09:13.589"
"ALC","80.900","7","80.920","1","4","80.35","b56039f1-fd6b-46aa-b2ab-15d1489b570a","2021-11-23 10:10:00.519"
"ALC","80.320","8","80.410","3","-4","80.41","51157e11-6ef8-4da4-a313-d12d96121875","2021-11-23 10:10:08.233"
"ALC","80.320","8","80.410","3","-4","80.41","d513d5d9-059f-4e42-a317-d5bc28784d44","2021-11-23 10:10:08.233"
"ALC","80.320","8","80.410","3","-4","80.41","8fc8ecf9-40bd-454c-9f70-8c1cf83ea525","2021-11-23 10:10:08.233"
"ALC","80.320","8","80.410","3","-4","80.41","8b025352-67d8-4336-b527-bea28a81a3ce","2021-11-23 10:10:08.233"
"ALC","80.320","8","80.410","3","-4","80.41","14f1fee7-9580-4fc6-9252-17d995d4ff6f","2021-11-23 10:10:08.233"
"ALC","80.320","8","80.410","3","-4","80.41","201a44e3-5b6c-485e-af55-676b7648d0fd","2021-11-23 10:10:08.233"
"ALC","80.320","8","80.410","3","-4","80.41","09d1ac6d-48fa-4d56-ab2a-b14061266e01","2021-11-23 10:10:08.233"
