"Symbol","Bid","Bid Sz","Ask","Ask Sz","Shares","Price","Order ID","Timestamp"
"AA","49.820","1","49.860","2","240","49.86","3b3f3a44-d6c1-4fc5-b0ac-1a59b7184c13","2021-11-23 10:12:40.006"
"AA","49.780","1","49.830","2","-240","49.83","e5f62349-efbc-4cf8-9ced-7381cc5e3601","2021-11-23 10:14:47.067"
"AA","49.980","1","50.000","1","240","49.84","35197ae3-c26e-4e4a-af43-d6533f72dd42","2021-11-23 10:21:03.136"
"AA","49.980","1","50.000","2","240","49.84","fa312833-2735-4bbc-81bd-1ce543815386","2021-11-23 10:21:03.136"
"AA","49.920","1","49.960","2","240","49.84","860e777a-aea8-49ae-b4bb-d1566d7d0b5a","2021-11-23 10:21:03.136"
"AA","49.930","1","49.960","1","240","49.84","60b26277-182b-4bfd-83e3-87b80323baf8","2021-11-23 10:21:03.136"
"AA","49.690","2","49.710","2","-240","49.71","3f53dae2-4aef-4673-b969-4bdd244d5c4f","2021-11-23 10:21:52.361"
"AA","49.690","1","49.700","1","-240","49.70","47ef925f-a7ce-4431-8607-42aa9c0c3d86","2021-11-23 10:22:00.804"
"AA","49.690","1","49.700","1","-240","49.70","772cc752-cf2e-4f86-af00-931bcb9c8324","2021-11-23 10:22:00.804"
"AA","49.690","1","49.720","3","-240","49.73","933f39a3-5383-425d-9503-88f969264d56","2021-11-23 10:22:12.082"
"AA","50.050","2","50.100","20","241","49.63","6140cb9a-991e-4750-b841-488f4744c0eb","2021-11-23 10:24:43.026"
"AA","49.810","1","49.840","3","-241","49.85","cae7b23d-8cbe-4b06-a839-ed3e277a1e59","2021-11-23 10:26:05.591"
"AA","49.650","2","49.670","2","242","49.54","5e6aefc5-5da6-435b-b8f0-2eaf127f4027","2021-11-23 10:48:29.616"
"AA","49.650","1","49.660","1","242","49.54","92887ea3-bc62-4f43-bb45-bb168ecd99ee","2021-11-23 10:48:29.616"
"AA","49.650","1","49.670","1","242","49.54","eef769d7-12e9-4629-9cc3-2e76e80e42c2","2021-11-23 10:48:29.616"
"AA","49.640","1","49.670","1","242","49.54","1479412d-f74c-4d84-bbef-599227b1a52e","2021-11-23 10:48:29.616"
"AA","49.620","3","49.650","1","242","49.54","763570c8-cc5f-43e0-8329-e03c907ecc7b","2021-11-23 10:48:29.616"
"AA","49.690","2","49.730","4","242","49.44","0f9268d0-97de-4563-a5d7-bf587b9096c1","2021-11-23 10:51:36.742"
"AA","49.710","2","49.730","2","242","49.44","0d1b480c-6356-402e-8027-457d2bd49c25","2021-11-23 10:51:36.742"
"AA","49.680","2","49.730","3","242","49.41","5de05e55-da09-4121-bb02-d51a1627a140","2021-11-23 10:51:36.792"
"AA","49.710","1","49.740","1","242","49.41","568f0afb-363c-4461-94d8-7661679a272e","2021-11-23 10:51:36.792"
"AA","49.670","4","49.710","1","242","49.41","eba9a2c4-f909-4af6-91e0-7f10fb84df08","2021-11-23 10:51:36.792"
"AA","49.650","2","49.680","3","242","49.41","b95aa303-33cd-488e-8fe5-2ab90af7babd","2021-11-23 10:51:36.792"
"AA","49.670","5","49.720","3","242","49.41","27ee6f2e-9056-4993-a386-bd17c650e7c1","2021-11-23 10:51:36.792"
"AA","49.650","1","49.690","1","242","49.41","b4dda47b-67d7-4741-9f84-3df8c46f0c7c","2021-11-23 10:51:36.792"
"AA","49.310","2","49.340","1","-242","49.35","443eb4fb-914b-4f6c-9b41-235529dcdc69","2021-11-23 10:52:00.311"
"AA","49.310","2","49.340","1","-242","49.35","912066cf-cfb8-47d1-89f9-35c232322d9f","2021-11-23 10:52:00.311"
"AA","49.310","2","49.340","1","-242","49.35","4deb567c-6074-4871-89b0-89fabd7e67a7","2021-11-23 10:52:00.311"
"AA","49.310","2","49.340","1","-242","49.35","8445cbca-1b9b-4dcb-b891-a1d3084874e3","2021-11-23 10:52:00.311"
"AA","49.310","2","49.340","1","-242","49.35","054e3a0b-adb6-4485-9f61-cdfe4a448b30","2021-11-23 10:52:00.311"
"AA","49.310","2","49.340","1","-242","49.35","821f2868-7dde-4078-a0f3-5543a2424e1d","2021-11-23 10:52:00.311"
"AA","49.310","2","49.340","1","-242","49.35","6c1740a0-cfbc-4e20-aabc-3fc329c6e22f","2021-11-23 10:52:00.311"
"AA","49.220","1","49.240","1","-242","49.25","38b4aae0-c9c0-4133-a2b0-5eca9c13c5d2","2021-11-23 10:53:43.067"
"AA","49.220","1","49.240","1","-242","49.25","32e8d9c6-22eb-4bc5-bf5d-dc65139b2cc5","2021-11-23 10:53:43.067"
"AA","49.220","1","49.240","1","-242","49.25","92e72478-baec-47ef-b9e5-006de084aa18","2021-11-23 10:53:43.067"
"AA","49.170","4","49.200","3","-242","49.20","0a2d1c8e-192f-41f0-9752-5b660117b26a","2021-11-23 10:54:01.937"
"AA","49.140","53","49.150","1","-242","49.15","2711a681-7db6-4023-9047-78d9ed1e9af9","2021-11-23 10:54:10.268"
"AA","49.090","3","49.120","2","-242","49.12","57bc25cc-b677-41b8-858e-b905a679c9de","2021-11-23 10:55:11.558"
"AA","49.900","2","49.950","2","245","48.81","98617200-e080-4a39-b578-955b232ca30f","2021-11-23 10:59:44.151"
"AA","49.860","1","49.910","3","245","48.81","bee8e353-1b64-44f9-9ba5-c284515d201c","2021-11-23 10:59:44.151"
"AA","49.840","1","49.860","1","245","48.81","8811fe9a-e980-4c49-bdda-fba030ef9550","2021-11-23 10:59:44.151"
"AA","49.850","1","49.910","5","245","48.81","7024933d-f176-4120-bbe7-2833ece0a639","2021-11-23 10:59:44.151"
"AA","49.900","2","49.940","1","245","48.81","65b11f92-74d0-42d7-8880-b3ad78a7b032","2021-11-23 10:59:44.151"
"AA","50.060","7","50.120","1","245","48.81","13818cdc-47fb-4fc9-a53b-614a39dccf67","2021-11-23 10:59:44.151"
"AA","50.030","3","50.060","1","245","48.79","6a4d2d08-5057-4d6a-9d25-b8e6b4726c01","2021-11-23 10:59:45.467"
"AA","50.050","6","50.090","1","245","48.79","0b28e1d4-1e8c-4445-8741-aa25d8b8c6e6","2021-11-23 10:59:45.467"
"AA","50.040","1","50.070","2","245","48.79","01c4f019-b7ff-49ae-9cd5-3fe259b0247a","2021-11-23 10:59:45.467"
"AA","48.860","1","48.880","1","-245","48.88","b92505d0-fe25-486f-8c30-9e25c8a3beaf","2021-11-23 11:00:16.344"
"AA","48.860","1","48.880","1","-245","48.88","292e83be-3077-4938-9efe-f26be826ada1","2021-11-23 11:00:16.344"
"AA","48.860","1","48.880","1","-245","48.88","64fa6a21-ee19-4abb-b058-bfd0630c3da7","2021-11-23 11:00:16.344"
"AA","48.860","1","48.880","1","-245","48.88","773cf7d1-7fe0-4352-a0b3-6cd914d981ca","2021-11-23 11:00:16.344"
"AA","48.860","1","48.880","1","-245","48.88","051d294f-106b-4fed-984c-bf232c25b1a9","2021-11-23 11:00:16.344"
"AA","48.860","1","48.900","2","-245","48.90","a186efa7-6de2-42f9-9336-ad1318efd5c9","2021-11-23 11:00:25.593"
"AA","48.860","1","48.900","2","-245","48.90","dcfaa08b-b598-4dbf-a521-9c0737992061","2021-11-23 11:00:25.593"
"AA","50.050","1","50.070","1","246","48.76","0327647b-10ba-4ef7-a7cf-2291a8c2cb5e","2021-11-23 11:01:13.640"
"AA","50.060","2","50.080","1","246","48.76","defe5186-6a24-4af1-8f5d-20f4622dd952","2021-11-23 11:01:13.640"
"AA","48.750","5","48.770","5","-245","48.77","12cb56cb-46b6-49ec-b216-e6938ef4a94b","2021-11-23 11:01:25.092"
"AA","48.660","2","48.690","6","-246","48.69","25ad2c8e-b5b9-43b1-aa96-0d8e8de610c6","2021-11-23 11:02:41.072"
"AA","48.650","3","48.680","1","-245","48.68","8d4a9126-d08b-4180-b4e4-1fc3ae4d8147","2021-11-23 11:02:50.110"
"AA","48.660","3","48.680","1","-246","48.69","adace168-7d3d-48aa-8fe6-2d7e45c8a8b7","2021-11-23 11:03:05.472"
"AA","48.750","2","48.780","4","245","48.78","62fca2ed-c3d9-40b2-b0e0-6b616bfa7d8b","2021-11-23 11:13:00.006"
"AA","48.820","3","48.860","1","-245","48.87","5021886f-bb02-472d-870f-21330560b6c0","2021-11-23 11:15:40.651"
"AA","48.900","2","48.920","2","246","48.72","157f29f5-2cbb-4a84-8284-abf352461ce8","2021-11-23 11:20:06.994"
"AA","48.900","2","48.920","2","246","48.72","e09d4cff-8c1b-4a97-99f2-2aba87f8fcd4","2021-11-23 11:20:06.994"
"AA","48.880","3","48.910","4","246","48.72","b95b4643-9d17-4286-9788-4af97e6669a9","2021-11-23 11:20:06.994"
"AA","48.880","1","48.910","1","246","48.72","7a6ed811-056d-46b0-a94a-ec9a1ffae8f4","2021-11-23 11:20:06.994"
"AA","48.750","1","48.790","2","-246","48.79","bf5f1e00-0d34-4fed-97e0-0fd87f9890fa","2021-11-23 11:20:37.524"
"AA","48.750","1","48.790","2","-246","48.79","d86922b9-9f15-4761-bdac-491ad4498d47","2021-11-23 11:20:37.524"
"AA","48.740","1","48.780","3","-246","48.78","3b565812-12e8-49f5-8c38-3798800df9ac","2021-11-23 11:21:06.476"
"AA","48.760","2","48.800","1","-246","48.80","4d39dea6-e8f4-4e4f-a166-98645350d41e","2021-11-23 11:22:23.843"
"AA","48.890","3","48.910","1","246","48.68","32cad9ac-4966-415d-b90f-74cd5f776a94","2021-11-23 11:25:33.176"
"AA","48.840","15","48.890","1","-246","48.89","629b87b5-17b0-47a6-9b1e-0a3051867808","2021-11-23 11:26:12.440"
"AA","48.840","3","48.870","1","246","48.76","cbfea7e1-d36b-4ef3-af0d-0b62b8085cfa","2021-11-23 11:34:30.151"
"AA","48.840","1","48.890","1","246","48.76","a68119c0-f655-4afc-84fe-b482f2a9bdc1","2021-11-23 11:34:30.151"
"AA","48.840","1","48.890","1","246","48.76","832ef1f2-2a47-46b5-89e2-24ca51a4d903","2021-11-23 11:34:30.151"
"AA","48.870","3","48.900","1","246","48.76","a482ddb5-8fa0-4f6c-b572-036b14c10105","2021-11-23 11:34:30.151"
"AA","48.840","2","48.890","1","246","48.76","9b0e74a3-25ed-4592-8658-d0cb7472340e","2021-11-23 11:34:30.151"
"AA","48.840","2","48.890","1","246","48.76","71e17e42-8de9-417f-9f82-75dc52745a4f","2021-11-23 11:34:30.151"
"AA","48.820","5","48.890","6","246","48.76","6746d32e-6754-46d6-b2ea-2d4729c9f8e0","2021-11-23 11:34:30.151"
"AA","48.820","1","48.870","3","246","48.76","60839d36-a16d-405f-aa30-0cc4dda5ca29","2021-11-23 11:34:30.151"
"AA","48.820","3","48.860","2","246","48.69","58347040-f3e2-43c3-a1e9-53e066e0ee07","2021-11-23 11:34:51.314"
"AA","48.890","2","48.910","2","246","48.69","373d09d1-829b-488f-b355-6bc57559f592","2021-11-23 11:34:51.314"
"AA","48.960","2","49.000","1","246","48.69","4173d4c3-ee9e-4f67-89ed-6590e3a67613","2021-11-23 11:34:51.314"
"AA","48.850","1","48.880","1","246","48.69","fd57ff49-ff80-452c-a629-4e6e9ca43942","2021-11-23 11:34:51.314"
"AA","48.680","1","48.700","1","-246","48.70","deb07833-146f-4e8e-b16a-b9616ce1dbf2","2021-11-23 11:35:21.439"
"AA","48.680","1","48.700","1","-246","48.70","301f5692-00b9-41de-bd5f-384f74f63691","2021-11-23 11:35:21.439"
"AA","48.680","1","48.700","1","-246","48.70","fe87d1da-70a8-4201-a6e6-c66602613caf","2021-11-23 11:35:21.439"
"AA","48.680","1","48.700","1","-246","48.70","b6624b07-525b-4b6c-bcea-9fea2c4d7f0a","2021-11-23 11:35:21.439"
"AA","48.680","1","48.700","1","-246","48.70","dd81d25d-5ddc-42f0-aef9-7ff9e28cbde2","2021-11-23 11:35:21.439"
"AA","48.680","1","48.700","1","-246","48.70","49350008-5281-4a99-84fc-b519c367894e","2021-11-23 11:35:21.439"
"AA","48.640","2","48.660","2","-246","48.66","c2d0e1cc-c0b6-4efa-87a0-fbfd76d627db","2021-11-23 11:35:41.412"
"AA","48.640","2","48.660","2","-246","48.66","7e499be3-90d9-4f39-8635-fadf08fb231a","2021-11-23 11:35:41.412"
"AA","48.750","5","48.800","6","246","48.60","7847ea1f-0819-4fa2-bf9a-b378a2684906","2021-11-23 11:35:46.250"
"AA","48.750","6","48.800","6","246","48.60","a79a9725-a2f3-4143-8c92-43f02f95d36a","2021-11-23 11:35:46.250"
"AA","48.750","6","48.800","6","247","48.56","003c19cb-9623-46ad-affe-cc7fca302cd3","2021-11-23 11:35:48.244"
"AA","48.770","3","48.800","1","247","48.56","d4618a74-c3d7-46dc-9071-ebd6e0b429b7","2021-11-23 11:35:48.244"
"AA","48.770","1","48.800","3","247","48.56","ba9467b3-b491-4b25-917f-3844f5928fa9","2021-11-23 11:35:48.244"
"AA","48.560","1","48.580","1","-246","48.58","b165f434-cfb8-4b0a-9d31-1bd8347ec62e","2021-11-23 11:35:50.994"
"AA","48.560","1","48.580","1","-246","48.58","0d9f9337-6c17-435b-bb62-3e8c45d073e3","2021-11-23 11:35:50.994"
"AA","48.580","2","48.600","1","-246","48.60","9c4a4cb6-bbf7-4189-98b1-92e7d1cd7ac9","2021-11-23 11:36:03.922"
"AA","48.840","16","48.880","1","247","48.53","f5a9f356-b85c-4eb3-b995-93ad4b4c5ece","2021-11-23 11:36:09.166"
"AA","48.860","1","48.890","1","247","48.53","496fab70-8769-423a-967e-1f15f7e92f68","2021-11-23 11:36:09.166"
"AA","48.840","21","48.880","1","247","48.53","b9bb944f-8085-4add-92bf-1757df6196a5","2021-11-23 11:36:09.166"
"AA","48.860","1","48.890","2","247","48.53","27c531ec-de09-4b21-a615-e4e33980fea0","2021-11-23 11:36:09.166"
"AA","48.520","1","48.540","1","-247","48.54","1186f682-0997-4239-8402-3c8510d880c1","2021-11-23 11:36:11.112"
"AA","48.520","1","48.540","1","-247","48.54","bc75cb5a-1ddb-4c93-9ee7-1c301c316106","2021-11-23 11:36:11.112"
"AA","48.520","1","48.540","1","-246","48.54","034b1054-ba95-48ec-b3f9-b7668ddea517","2021-11-23 11:36:11.112"
"AA","48.550","1","48.570","1","-246","48.57","b05854b3-65ed-4f92-a262-99f28e804887","2021-11-23 11:36:35.011"
"AA","48.550","1","48.570","1","-247","48.57","ecfe0440-dfc2-438d-af8a-cbf1f2a53c27","2021-11-23 11:36:35.011"
"AA","48.550","1","48.580","4","-247","48.58","1217f8d1-0a57-4382-8389-14e5419c924f","2021-11-23 11:36:51.033"
"AA","48.550","1","48.580","4","-247","48.58","d5f9cc13-f048-4cd5-b16e-7f996b2c2e43","2021-11-23 11:36:51.033"
"AA","48.550","1","48.580","4","-246","48.58","8beaae91-b194-41e8-8eaf-eca15f8ae3ee","2021-11-23 11:36:51.033"
"AA","48.540","1","48.580","4","-247","48.58","47adfc2b-7905-4506-b8a8-e5d453a4bbff","2021-11-23 11:36:51.033"
"AA","48.520","10","48.560","1","-247","48.58","7d93e5aa-d5cf-4618-b16e-6af4b33d2fd2","2021-11-23 11:37:00.153"
"AA","48.800","2","48.830","5","246","48.72","eac7c024-9983-4c9a-9350-54654f96cdc0","2021-11-23 11:44:31.903"
"AA","48.640","1","48.670","1","-246","48.67","5ebb1149-3af9-4fe9-bd5e-efdedc1f9dc7","2021-11-23 11:45:03.602"
"AA","48.910","2","48.960","1","246","48.78","c31555bb-7650-458a-b5de-c5da2707aab3","2021-11-23 11:53:42.686"
"AA","48.870","3","48.910","7","246","48.78","fc1ccd85-1c79-4ad1-8116-afa8a36d955b","2021-11-23 11:53:42.686"
"AA","48.910","1","48.950","1","246","48.78","24c61063-08be-4be5-8f27-e54cb352a6f9","2021-11-23 11:53:42.686"
"AA","48.750","1","48.780","2","-246","48.78","c25eb18a-bace-443b-97bb-f0dc719d9d2f","2021-11-23 11:54:03.013"
"AA","48.750","1","48.780","2","-246","48.78","0c235441-0e74-431c-b34b-e51a50a0f891","2021-11-23 11:54:03.013"
"AA","48.760","2","48.800","1","-246","48.81","98e8155b-47e1-4bcb-b065-b86162127841","2021-11-23 11:55:13.650"
"AA","48.910","1","48.950","1","246","48.69","1172b547-fbae-4eb0-b1bc-1e304e01b4f2","2021-11-23 11:59:16.537"
"AA","48.930","1","48.970","3","246","48.69","a1be6226-2c6d-46a6-8c30-4cb80933b863","2021-11-23 11:59:16.537"
"AA","48.920","1","48.960","2","246","48.69","a5ea06e3-1747-4a3e-9d9d-8810ca0cb19f","2021-11-23 11:59:16.537"
"AA","48.930","3","48.960","1","246","48.69","d41904fb-126a-4000-b639-840bf2bfc69e","2021-11-23 11:59:16.537"
"AA","48.660","1","48.690","1","-246","48.69","5e6ac316-9bd2-4a30-9d48-c8dddfa1a2c3","2021-11-23 12:00:47.390"
"AA","48.660","1","48.690","1","-246","48.69","13aacf9e-1577-4200-a8a7-4ae23c249412","2021-11-23 12:00:47.390"
"AA","48.640","1","48.660","2","-246","48.66","89414c7d-6bd7-48cc-8c86-f974774d2cd2","2021-11-23 12:01:05.960"
"AA","48.910","1","48.940","1","246","48.58","eaad9596-5524-4add-82a7-a7e19c04d6ca","2021-11-23 12:02:02.058"
"AA","48.910","1","48.940","1","247","48.58","c5d2fb3f-140f-46d3-9434-4cb0b7ea7a93","2021-11-23 12:02:02.058"
"AA","48.910","1","48.930","1","246","48.58","555f1676-9e9f-4107-bd2f-b8691282823b","2021-11-23 12:02:02.058"
"AA","48.790","1","48.830","1","247","48.58","b964be30-b309-4df1-985d-fbf1627169a5","2021-11-23 12:02:02.058"
"AA","48.770","1","48.800","2","247","48.58","60585829-c531-441b-9d5d-73a009344d0c","2021-11-23 12:02:02.058"
"AA","48.780","3","48.810","1","247","48.58","40bd1843-cac1-4ec2-8f76-36f052568436","2021-11-23 12:02:02.058"
"AA","48.840","2","48.880","1","247","48.54","011ee594-a67b-4e8d-b1d9-fe8e18ba8816","2021-11-23 12:02:40.297"
"AA","48.890","1","48.920","5","247","48.54","03313adc-bed2-41b6-b987-ec28af5db0c5","2021-11-23 12:02:40.297"
"AA","48.720","1","48.760","1","247","48.54","8df02d17-04f5-4db1-90cc-23284c46bd23","2021-11-23 12:02:40.297"
"AA","48.710","3","48.750","1","247","48.54","1085816d-bb47-4b9e-b8ca-adafac3936ac","2021-11-23 12:02:40.297"
"AA","48.710","3","48.750","1","247","48.54","0bf21fec-7c92-4593-9f9b-febbbdeec293","2021-11-23 12:02:40.297"
"AA","48.710","3","48.750","2","247","48.54","de936686-9b6b-4c40-bc82-ec8d41b28fcb","2021-11-23 12:02:40.297"
"AA","48.700","1","48.750","11","247","48.54","cf223489-9bb3-498b-8ad3-1ac7164c872c","2021-11-23 12:02:40.297"
"AA","48.740","1","48.770","3","247","48.54","fbd3bf45-df0b-480e-bb93-a7356fb0b089","2021-11-23 12:02:40.297"
"AA","48.730","1","48.760","2","247","48.54","e5a3730c-625b-4eed-b4e3-c4ca48e8ea7f","2021-11-23 12:02:40.297"
"AA","48.540","1","48.560","3","-247","48.57","29801ae6-f249-41a7-9e08-351b418007d0","2021-11-23 12:03:01.648"
"AA","48.470","1","48.500","2","-247","48.50","b77d9c1b-5d65-4e5b-9d45-bae71120c810","2021-11-23 12:03:30.321"
"AA","48.470","1","48.500","2","-247","48.50","f9dd8910-434e-41ab-a6f5-01900d2d8ccb","2021-11-23 12:03:30.321"
"AA","48.470","1","48.500","2","-247","48.50","8cbc3290-449e-4f10-9d95-d07bdd6b6434","2021-11-23 12:03:30.321"
"AA","48.470","1","48.500","2","-247","48.50","aada0051-d589-4f6e-a2c0-12d9293b8d01","2021-11-23 12:03:30.321"
"AA","48.470","1","48.500","2","-247","48.50","2f4fefda-5114-49e5-91a3-74bdacce6598","2021-11-23 12:03:30.321"
"AA","48.470","1","48.500","2","-246","48.50","9ab4606a-5f37-40b0-b323-5495787c6806","2021-11-23 12:03:30.321"
"AA","48.470","1","48.500","2","-247","48.50","5f0d83cb-13c4-4707-b58c-12379d536a4e","2021-11-23 12:03:30.321"
"AA","48.470","1","48.500","2","-246","48.50","cfad0ce8-8a30-4785-ac61-9c2e6407dffc","2021-11-23 12:03:30.321"
"AA","48.460","1","48.490","1","-247","48.49","3487c52d-fb6e-4f90-a7f2-690f52e19cb0","2021-11-23 12:03:40.435"
"AA","48.460","1","48.490","1","-247","48.49","a0bab18f-3091-4670-a606-662d9add71c0","2021-11-23 12:03:40.435"
"AA","48.460","1","48.490","1","-247","48.49","098f9a14-d6bd-484e-9f03-bc8e48bd2af2","2021-11-23 12:03:40.435"
"AA","48.460","1","48.490","1","-247","48.49","58f01827-c933-4430-8812-b7a500c79f6b","2021-11-23 12:03:40.435"
"AA","48.490","1","48.530","5","-246","48.53","283af4aa-3f8a-48f0-9365-eb7588ec3cbf","2021-11-23 12:03:59.221"
"AA","48.490","1","48.530","5","-247","48.53","63676a83-b867-43d2-8beb-5de945f384af","2021-11-23 12:03:59.221"
"AA","48.510","1","48.530","1","-247","48.53","c8fdfea7-0d08-4aec-b827-b8ab9991864e","2021-11-23 12:04:00.575"
"AA","48.910","1","48.940","6","245","48.90","af9f9189-9844-496f-bb53-523580c2b094","2021-11-23 12:49:04.174"
"AA","48.910","1","48.930","5","245","48.90","90c7883b-4d0e-4a16-94e5-14f21b67edf5","2021-11-23 12:49:04.174"
"AA","48.870","1","48.890","1","-245","48.89","134e36ba-912d-4601-a419-9915fcf403a1","2021-11-23 12:50:06.160"
"AA","48.880","1","48.900","1","-245","48.90","e23e78cf-db0e-40be-bea0-da247ae0fff7","2021-11-23 12:50:13.969"
"AA","48.840","2","48.880","6","245","48.83","d9311098-75a5-4d20-ab0a-2907c5266e91","2021-11-23 12:54:52.360"
"AA","48.820","1","48.840","2","-245","48.85","b9b80e9b-e292-4c0f-af3a-4941e3c03a51","2021-11-23 12:55:52.055"
"AA","48.890","1","48.920","1","246","48.76","c79f4e6e-bde8-4bdf-9ee6-54d7fa350b95","2021-11-23 12:58:02.282"
"AA","48.900","1","48.920","41","246","48.76","36e7addc-797f-4c8a-975e-304367e42666","2021-11-23 12:58:02.282"
"AA","48.880","2","48.910","1","246","48.76","e988ce5d-43d4-40c6-9cf6-7a675294b82d","2021-11-23 12:58:02.282"
"AA","48.890","1","48.920","40","246","48.76","7762aec3-f4bf-4578-9939-296da7cde9e6","2021-11-23 12:58:02.282"
"AA","48.880","1","48.900","2","246","48.76","aeece635-7779-49f0-a2c6-7715aaaf3790","2021-11-23 12:58:02.282"
"AA","48.740","3","48.760","1","-246","48.76","e370db77-eaa2-4538-b517-c4ab341bd8dd","2021-11-23 12:58:46.979"
"AA","48.740","1","48.770","2","-246","48.77","84756d3a-92ee-4999-b05f-ad5ee3f036f3","2021-11-23 12:59:03.523"
"AA","48.750","3","48.780","2","-246","48.78","a504269a-ac99-43b3-854b-33088ec5ad5b","2021-11-23 12:59:22.461"
"AA","48.750","2","48.780","1","-246","48.78","92a27ac6-540b-4e62-aecf-dada90f9eace","2021-11-23 12:59:31.650"
"AA","48.770","1","48.790","1","-246","48.79","09455e80-a096-4b0a-8349-9bc7ff1fee1b","2021-11-23 12:59:42.740"
"AA","48.930","2","48.950","1","245","48.86","dc3fe670-0543-4a8a-b9fa-978cd498f6c8","2021-11-23 13:05:14.176"
"AA","48.940","2","48.960","1","245","48.86","2ccb5288-d1a6-449b-a840-2e4706fcddcc","2021-11-23 13:05:14.176"
"AA","48.950","2","48.970","1","245","48.86","6ce85fb4-01f8-4f3e-bd67-df94be7cc50f","2021-11-23 13:05:14.176"
"AA","48.920","1","48.950","2","245","48.86","83e761bf-44bd-4e7f-841d-2672b59bd460","2021-11-23 13:05:14.176"
"AA","48.930","2","48.960","1","245","48.86","82c48100-b859-40ac-80ae-a35fce6b5d70","2021-11-23 13:05:14.176"
"AA","48.890","1","48.910","2","245","48.86","7196024a-eec6-4632-8ca3-1fe734d6d9b1","2021-11-23 13:05:14.176"
"AA","48.850","1","48.880","1","-245","48.88","8c267138-1c9c-4197-8319-548ea98f64d3","2021-11-23 13:05:58.588"
"AA","48.850","1","48.880","1","-245","48.88","f14cabc1-9a3c-49e2-9548-b2eefb5e0644","2021-11-23 13:05:58.588"
"AA","48.850","1","48.880","1","-245","48.88","ed651276-baf8-4dee-b3cc-8d1c0e985d71","2021-11-23 13:05:58.588"
"AA","48.860","1","48.880","1","-245","48.88","18474580-d254-49c1-b5cd-423075dbfcc9","2021-11-23 13:06:00.238"
"AA","48.860","1","48.880","1","-245","48.88","793e8559-46d3-4458-a4c2-35a6c5e8c88c","2021-11-23 13:06:00.238"
"AA","48.890","2","48.910","1","-245","48.91","432e7709-cbc6-4e90-8d7f-c13e61d2a972","2021-11-23 13:06:16.233"
"AA","48.900","1","48.920","5","245","48.86","3af3d866-f0d7-455b-b4c8-4b8ef4acf88c","2021-11-23 13:06:54.068"
"AA","48.850","2","48.870","1","245","48.86","a921b0f1-6193-4356-9695-f4c929ee14cd","2021-11-23 13:06:54.068"
"AA","48.760","2","48.780","7","-245","48.78","b027e229-029d-4af7-bbfe-4e70f8af5588","2021-11-23 13:08:11.968"
"AA","48.750","3","48.780","3","-245","48.78","0c6fabd8-f795-40d1-b460-bc3cbac298f1","2021-11-23 13:08:34.931"
"AA","48.910","3","48.940","2","246","48.69","3cf4a2f8-24f6-4bbf-a8d4-6f3d890935ae","2021-11-23 13:10:14.171"
"AA","48.950","3","48.980","5","246","48.69","06b25765-edfb-4e2d-af36-b47f3aba4767","2021-11-23 13:10:14.171"
"AA","48.930","3","48.960","3","246","48.67","14243305-f496-4014-81eb-77ba5789eeb6","2021-11-23 13:10:14.172"
"AA","48.710","6","48.730","2","-246","48.73","e152efd0-dcba-4681-9c32-f8d55e1df3f5","2021-11-23 13:10:55.862"
"AA","48.710","6","48.730","2","-246","48.73","fd892faf-f57d-480d-b7e1-12e6e479f6e7","2021-11-23 13:10:55.862"
"AA","48.730","1","48.750","6","-246","48.75","14b4893e-530e-42e6-ae8d-fea5a5dcae85","2021-11-23 13:11:02.273"
"AA","48.940","1","48.960","4","246","48.60","ced42390-3268-437e-92ea-18a5fa9c2af9","2021-11-23 13:19:34.601"
"AA","48.950","1","48.970","1","246","48.60","07b10d93-4147-4fc4-b28e-4d8424ab624c","2021-11-23 13:19:34.601"
"AA","48.940","1","48.960","3","246","48.60","e205d609-b2e1-4caf-acda-6fa49d97d2ae","2021-11-23 13:19:34.601"
"AA","48.590","2","48.610","3","-246","48.61","4c7c664c-e0eb-4c9e-adfc-c37fe11a706d","2021-11-23 13:20:00.562"
"AA","48.620","1","48.630","2","-246","48.63","ec792c64-6190-458c-86ac-c662f6a93d73","2021-11-23 13:20:10.860"
"AA","48.670","1","48.690","1","-246","48.69","059c3e23-17e9-4cc2-bba9-f4ee1f985fdb","2021-11-23 13:20:24.367"
"AA","48.750","1","48.770","1","246","48.76","81263b28-fbeb-4b45-a313-cc1f44f07334","2021-11-23 13:24:04.755"
"AA","48.710","1","48.740","3","-246","48.74","f52f6547-bd5c-47c2-87b7-dd279ebd41cd","2021-11-23 13:25:28.475"
"AA","48.790","1","48.830","1","246","48.67","144f9b9d-05c9-4208-9064-5c84b0c93d0a","2021-11-23 13:29:23.812"
"AA","48.790","1","48.820","1","246","48.67","13cc0891-28a0-4e8a-8b88-3560b23552a7","2021-11-23 13:29:23.812"
"AA","48.780","1","48.810","2","246","48.67","dc11ec90-d042-45cf-ba71-e734f7fa6819","2021-11-23 13:29:23.812"
"AA","48.780","1","48.810","2","246","48.67","42fd53fc-e38e-4260-aeed-ceb06233c938","2021-11-23 13:29:23.812"
"AA","48.780","2","48.810","3","246","48.67","bebafec5-d476-4e1f-873e-94fc89f75f78","2021-11-23 13:29:23.812"
"AA","48.670","1","48.680","1","-246","48.68","408ef4c4-55cb-40cf-a856-312b2b6d0bd4","2021-11-23 13:30:30.816"
"AA","48.670","1","48.680","1","-246","48.68","efed48f5-af74-4da9-ba40-83cf5e4db78a","2021-11-23 13:30:30.816"
"AA","48.670","1","48.680","1","-246","48.68","90497dbe-882a-4d7b-9158-e6aaf99901b9","2021-11-23 13:30:30.816"
"AA","48.690","1","48.710","2","-246","48.71","49f276ac-6d0b-4251-89ea-e828c8a5ebfc","2021-11-23 13:30:42.164"
"AA","48.690","5","48.720","2","-246","48.72","f48f2485-122d-4ad5-95d3-6180169280e2","2021-11-23 13:30:55.093"
"AA","48.700","1","48.720","1","246","48.66","be5fb7d0-40f2-46a1-8e5c-f77b13491e3d","2021-11-23 13:32:34.869"
"AA","48.680","2","48.700","1","246","48.66","07e1dd60-823d-4930-b416-1c25422093e7","2021-11-23 13:32:34.869"
"AA","48.620","1","48.650","4","-246","48.65","a3337833-7b40-424f-bab5-f7045cbf99b2","2021-11-23 13:33:07.916"
"AA","48.660","3","48.680","1","-246","48.69","4bc78e7c-4210-401c-b633-47df7367207f","2021-11-23 13:33:53.627"
"AA","48.690","2","48.720","2","246","48.59","69675625-021b-4b15-8069-1a73ceded7de","2021-11-23 13:43:17.258"
"AA","48.670","2","48.700","3","246","48.59","f92ad357-74f3-42b9-a069-e92785d2be4a","2021-11-23 13:43:17.258"
"AA","48.560","3","48.580","2","-246","48.58","806d6b52-85cd-4ced-8216-e13c7320d1bd","2021-11-23 13:45:32.307"
"AA","48.570","3","48.600","1","-246","48.60","29d9d5b0-c09a-4401-968c-798d88d56e20","2021-11-23 13:45:40.940"
"AA","48.820","1","48.830","1","246","48.75","315618b5-1a66-43b1-b467-94054dda017b","2021-11-23 14:12:24.527"
"AA","48.800","4","48.820","3","246","48.75","3c8a59b0-3711-41a5-bece-8558c4ec7d2a","2021-11-23 14:12:24.527"
"AA","48.790","1","48.820","2","246","48.75","adc9f12a-bb29-4419-8de7-d68314fd1b83","2021-11-23 14:12:24.527"
"AA","48.840","1","48.850","2","246","48.73","17b19940-d38e-491b-b8a3-f04a65fc3d7d","2021-11-23 14:12:32.839"
"AA","48.850","5","48.870","1","246","48.73","4869976b-0262-4f7b-b69e-477e9a90a75f","2021-11-23 14:12:32.839"
"AA","48.850","2","48.870","3","246","48.73","9a82df28-7e52-4b7c-89e7-c6d86701d1b8","2021-11-23 14:12:32.839"
"AA","48.850","2","48.870","3","246","48.73","307d8159-ef92-4984-9473-f05978cfd158","2021-11-23 14:12:32.839"
"AA","48.750","3","48.770","3","-246","48.77","4a9bb7bf-ec36-4723-b492-60b5daf813e0","2021-11-23 14:12:52.652"
"AA","48.750","3","48.770","3","-246","48.77","5bc9b267-138d-4c3e-a041-e0469c18721e","2021-11-23 14:12:52.652"
"AA","48.750","3","48.770","3","-246","48.77","dda75000-7904-451a-acc3-d324feea0b28","2021-11-23 14:12:52.652"
"AA","48.750","3","48.770","3","-246","48.77","94f0b5bf-15cb-47dc-b946-5196fe570baf","2021-11-23 14:12:52.652"
"AA","48.770","1","48.790","1","-246","48.79","15f6b66c-cb39-4ad0-8778-9a764320c4a3","2021-11-23 14:13:02.080"
"AA","48.770","1","48.790","1","-246","48.79","f82d25ec-1601-4b41-95f7-739f3c313938","2021-11-23 14:13:02.080"
"AA","48.790","5","48.820","1","-246","48.83","f30a3b5c-7006-4087-9734-c1b780831067","2021-11-23 14:14:20.603"
"AA","48.780","3","48.810","3","246","48.75","62143863-b2eb-488e-a32c-442710435e6a","2021-11-23 14:15:54.181"
"AA","48.800","2","48.820","3","246","48.75","c323b299-4596-4079-9e20-88c53efa932a","2021-11-23 14:15:54.181"
"AA","48.790","1","48.820","4","246","48.75","d204dd16-8c0d-4d34-9f22-c35228c26337","2021-11-23 14:15:54.181"
"AA","48.770","1","48.790","1","246","48.75","d454b2ff-e978-4b83-90a4-8a7c9687342e","2021-11-23 14:15:54.181"
"AA","48.700","1","48.730","5","-246","48.73","b2c1a775-4b20-4dd6-a4f1-9ac7fe81464d","2021-11-23 14:17:11.843"
"AA","48.700","1","48.730","5","-246","48.73","047cd0fa-8970-4826-a30c-c8542ce6082d","2021-11-23 14:17:11.843"
"AA","48.700","1","48.720","4","-246","48.72","39a892db-2e56-4605-9489-9116900e056c","2021-11-23 14:17:25.095"
"AA","48.700","1","48.730","2","-246","48.73","68949551-69a9-401d-9972-1e630fa88f6d","2021-11-23 14:17:35.635"
"AA","48.840","2","48.860","4","246","48.67","ede5ca49-a73e-4136-9ac9-0cf90a24bad4","2021-11-23 14:19:41.102"
"AA","48.840","3","48.860","3","246","48.67","e5d86eaa-aa0d-45d5-a141-64771c47853d","2021-11-23 14:19:41.102"
"AA","48.840","3","48.860","3","246","48.67","0c2640d2-39fb-434a-879a-9be90a8dafa2","2021-11-23 14:19:41.102"
"AA","48.830","2","48.850","8","246","48.67","689d53ae-761d-4e80-ba67-ef10ac987013","2021-11-23 14:19:41.102"
"AA","48.820","1","48.840","1","246","48.67","7854f19e-0880-4583-b64e-af8ca438f4df","2021-11-23 14:19:41.102"
"AA","48.760","2","48.790","2","246","48.67","8b5d6ba5-97c0-4510-a22d-c7afac101259","2021-11-23 14:19:41.102"
"AA","48.620","1","48.640","3","-246","48.64","06aaa840-cc1b-49aa-97de-f5376375d1de","2021-11-23 14:20:12.389"
"AA","48.620","1","48.640","3","-246","48.64","7addaef2-e54f-4e6c-a6cc-68ab3f9f13b9","2021-11-23 14:20:12.389"
"AA","48.620","1","48.640","3","-246","48.64","a973aa3e-b699-4c83-93c6-969b0efe6ff4","2021-11-23 14:20:12.389"
"AA","48.620","1","48.640","3","-246","48.64","967a4ed8-4d6a-4d5b-87f4-89cc0eff16dc","2021-11-23 14:20:12.389"
"AA","48.620","1","48.640","3","-246","48.64","0e6b32d2-8142-4fd2-a3bf-d8c686c81853","2021-11-23 14:20:12.389"
"AA","48.630","2","48.660","2","-246","48.66","6bcc1acc-71b5-433e-a488-8581398f3b93","2021-11-23 14:20:25.283"
"AA","48.790","1","48.820","5","246","48.77","e206fca7-1ab0-453c-b9f4-aeb2765a8baf","2021-11-23 14:27:14.328"
"AA","48.810","2","48.830","7","246","48.77","314044a0-b8d5-4257-89bb-122617f6e1fe","2021-11-23 14:27:14.328"
"AA","48.810","2","48.840","7","247","48.58","fec30db1-5034-4f97-9286-dc78bcf981ea","2021-11-23 14:31:42.144"
"AA","48.790","2","48.820","1","247","48.58","f0181bb2-c1c9-45a9-a070-e67f876290b0","2021-11-23 14:31:42.144"
"AA","48.780","1","48.810","1","247","48.58","c3309e4d-21ae-4c81-8906-421480edeb16","2021-11-23 14:31:42.144"
"AA","48.760","10","48.790","1","247","48.58","60ebdd01-85d4-462e-a7f9-16bce7b75d71","2021-11-23 14:31:42.144"
"AA","48.570","1","48.600","1","-246","48.60","e78250a4-5a9f-4b1d-acb9-ea1a6d654734","2021-11-23 14:32:02.002"
"AA","48.530","10","48.570","5","-247","48.57","e8d9f3e8-be2c-4dc4-a119-4b3929e8ecbc","2021-11-23 14:33:20.776"
"AA","48.530","10","48.570","5","-246","48.57","ff80cf98-0510-4d6d-94b4-76e94772e1cd","2021-11-23 14:33:20.776"
"AA","48.790","1","48.810","1","247","48.52","987aa5fa-319e-4e31-a4dd-877af0153390","2021-11-23 14:33:30.164"
"AA","48.790","2","48.840","10","247","48.52","fa6c6473-1034-484f-93c2-8c23d10f33e5","2021-11-23 14:33:30.164"
"AA","48.780","2","48.820","1","247","48.52","6ff5a62c-3a33-4a72-96a2-2a4d76dabe1f","2021-11-23 14:33:30.164"
"AA","48.780","3","48.800","10","247","48.52","85bfafea-0705-4f91-b9e4-51a9e6ffffbc","2021-11-23 14:33:30.164"
"AA","48.810","1","48.830","3","247","48.52","66212ac6-30c4-41a6-ab3b-0196490573ee","2021-11-23 14:33:30.164"
"AA","48.810","1","48.830","2","247","48.52","1a4e16c5-3912-453b-945c-c00d05a8ea37","2021-11-23 14:33:30.164"
"AA","48.820","4","48.850","2","247","48.52","2ff910ec-988a-4923-a576-42ad9afaf755","2021-11-23 14:33:30.164"
"AA","48.860","3","48.900","2","247","48.52","72f693ce-6e87-4e1d-ba6e-c9c894e85cae","2021-11-23 14:33:30.164"
"AA","48.900","1","48.920","1","247","48.52","2533a2f9-8413-4c26-ad8e-4a25939b1a37","2021-11-23 14:33:30.164"
"AA","48.900","2","48.930","2","247","48.52","d5874448-3c76-488f-b8bc-2ed69c3be602","2021-11-23 14:33:30.164"
"AA","48.920","1","48.940","1","247","48.52","15d74967-3943-42a7-b000-e49e756a78f7","2021-11-23 14:33:30.164"
"AA","48.490","2","48.500","2","-247","48.50","38d85600-df76-465e-9780-5ba53ad6f0fc","2021-11-23 14:35:05.846"
"AA","48.490","2","48.500","2","-247","48.50","50fca0b2-8efd-4c33-a20c-ca86e3974f5a","2021-11-23 14:35:05.846"
"AA","48.490","2","48.500","2","-247","48.50","cb38ff03-652a-4228-a725-bdf198ee1090","2021-11-23 14:35:05.846"
"AA","48.490","2","48.500","2","-247","48.50","64a95a56-e636-4b57-9bbe-ef778e975f42","2021-11-23 14:35:05.846"
"AA","48.490","2","48.500","2","-247","48.50","4974349a-fe89-4f02-a862-84b3fba81c33","2021-11-23 14:35:05.846"
"AA","48.490","2","48.500","2","-247","48.50","0426b99b-abae-4782-83ce-3d274713c990","2021-11-23 14:35:05.846"
"AA","48.550","2","48.570","2","-247","48.57","fe2ddcfa-cd8a-446e-a2eb-b980c36b9ea4","2021-11-23 14:35:42.587"
"AA","48.550","2","48.570","2","-247","48.57","b0c08cdb-40e4-4827-922c-a7018ce395d6","2021-11-23 14:35:42.587"
"AA","48.550","2","48.570","2","-247","48.57","af30403b-1386-4634-8b85-43903a0cd855","2021-11-23 14:35:42.587"
"AA","48.560","3","48.580","2","-247","48.58","14188f85-0962-4d36-8c89-3a46abacf58a","2021-11-23 14:35:51.796"
"AA","48.560","3","48.580","2","-247","48.58","47a0b7de-6454-4f03-88e0-6a815d44ccd7","2021-11-23 14:35:51.796"
"AA","48.560","3","48.580","2","-247","48.58","bbe70cc5-6c0f-4cff-ba99-07d5243e76a4","2021-11-23 14:35:51.796"
"AA","48.580","3","48.600","1","-247","48.60","4c5246ad-33a4-4efc-a954-ee8ec4746e42","2021-11-23 14:36:54.126"
"AA","48.600","3","48.620","1","-247","48.62","ffe81aa8-2802-4028-9156-9e3ba1ae57e4","2021-11-23 14:37:07.063"
"AA","48.750","1","48.770","1","246","48.66","827e902b-a741-48f0-9a80-c45f945cdab2","2021-11-23 15:10:13.695"
"AA","48.710","2","48.730","1","246","48.66","6a9a77a6-fda4-4d2b-b1cc-bfe5777f36c7","2021-11-23 15:10:13.695"
"AA","48.710","2","48.740","3","246","48.66","bf7be594-a844-4f41-9813-98679fa874d4","2021-11-23 15:10:13.695"
"AA","48.720","1","48.740","1","246","48.66","3b1065a3-a17a-4631-8524-30a36d7f9f37","2021-11-23 15:10:13.695"
"AA","48.750","6","48.780","2","246","48.60","8162c948-526a-4c94-8b60-12a64a7650e4","2021-11-23 15:10:48.950"
"AA","48.740","2","48.760","4","246","48.60","141953cb-f542-4aab-acd2-1e68a67b5d31","2021-11-23 15:10:48.950"
"AA","48.740","1","48.770","1","246","48.60","f43f29da-a260-4058-bd57-b150f443ffc5","2021-11-23 15:10:48.950"
"AA","48.560","6","48.590","2","-246","48.59","94e36fed-9141-4aae-86e5-38ca3476a5c3","2021-11-23 15:11:17.495"
"AA","48.560","6","48.590","2","-246","48.59","dd91e2a0-0249-463c-b0ca-c7a56f4f18ae","2021-11-23 15:11:17.495"
"AA","48.560","6","48.590","2","-246","48.59","a86886cf-cdd0-4d48-862d-af172d9c785a","2021-11-23 15:11:17.495"
"AA","48.560","6","48.590","2","-246","48.59","af10dabc-c894-4f54-bf56-94309493a527","2021-11-23 15:11:17.495"
"AA","48.580","1","48.600","1","-246","48.60","7992d553-a8da-476b-bd25-fea05125d112","2021-11-23 15:11:31.355"
"AA","48.580","1","48.600","1","-246","48.60","f62c988f-201b-4ce5-ab0e-5525f04f2e0c","2021-11-23 15:11:31.355"
"AA","48.580","1","48.600","1","-246","48.60","315ea734-ae65-4cb8-92c5-7a11be86db57","2021-11-23 15:11:31.355"
"AA","48.690","1","48.700","2","246","48.69","4c0f84dc-1699-4b86-97da-00e9016781cd","2021-11-23 15:25:57.040"
"AA","48.690","7","48.730","5","246","48.69","4e05c229-594a-42bf-91d7-2a37beb43582","2021-11-23 15:25:57.040"
"AA","48.680","1","48.710","4","246","48.69","3d0ff8b9-2bde-46a0-b0d9-2be2ccd2335a","2021-11-23 15:25:57.040"
"AA","48.690","1","48.720","1","246","48.69","11a06027-0be5-449d-a824-563b77104a7f","2021-11-23 15:25:57.040"
"AA","48.710","1","48.740","2","-246","48.75","4403a435-c2e5-4416-b70e-b397316de992","2021-11-23 15:26:58.215"
"AA","48.710","1","48.740","2","-246","48.75","01f46814-842e-41ca-ae74-776078577005","2021-11-23 15:26:58.215"
"AA","48.680","5","48.710","1","-246","48.71","de83678e-71f1-424a-99e6-b6bee50d9701","2021-11-23 15:28:20.770"
"AA","48.720","1","48.740","1","-246","48.74","8f8f1695-9fe4-41ff-9669-dada52ce53be","2021-11-23 15:31:54.921"
"AG","12.440","10","12.450","68","969","12.38","4f251f0b-03a8-452b-9fd8-ac111f4eb975","2021-11-23 10:09:09.516"
"AG","12.440","39","12.450","2","969","12.38","ea88f061-8f08-47a2-9f2f-d153207b3fc7","2021-11-23 10:09:09.516"
"AG","12.370","41","12.380","2","-969","12.38","096df886-19cf-4a32-bb74-20aed644e817","2021-11-23 10:09:43.819"
"AG","12.370","24","12.380","8","-969","12.38","183ebd9a-3383-43e8-abf2-d0ba091f3e3c","2021-11-23 10:10:01.648"
"AG","12.460","24","12.470","6","970","12.36","173fa62c-3453-4dee-853b-b160746945d2","2021-11-23 10:10:47.628"
"AG","12.440","34","12.450","13","970","12.36","067acbbc-3343-4bed-99f2-4e083ffa7dc4","2021-11-23 10:10:47.628"
"AG","12.450","23","12.460","21","970","12.36","7a04ca4e-37e9-4567-9aaf-5ae1f3ccf9b9","2021-11-23 10:10:47.628"
"AG","12.450","15","12.460","11","970","12.36","ff0c5add-ee96-419c-b332-1edac224fbbc","2021-11-23 10:10:47.628"
"AG","12.440","24","12.450","4","970","12.36","9d98c346-7b91-4c54-a2aa-597d39a13b5b","2021-11-23 10:10:47.628"
"AG","12.420","20","12.430","18","971","12.36","a56127b6-5e71-4693-8054-8d3e6837efa1","2021-11-23 10:10:47.628"
"AG","12.420","20","12.430","18","970","12.36","c6c32a7a-944e-4acf-9645-9b04583afd42","2021-11-23 10:10:47.628"
"AG","12.400","50","12.410","1","971","12.36","668027c5-daae-46d4-9c85-c4ea3fd8e8d2","2021-11-23 10:10:47.628"
"AG","12.410","1","12.420","52","970","12.36","efad28b8-9e83-4dc0-9c34-919c9de9fac8","2021-11-23 10:10:47.628"
"AG","12.410","11","12.420","20","971","12.36","eef726f1-0673-4aa7-a877-0e9808f30093","2021-11-23 10:10:47.628"
"AG","12.420","25","12.430","22","971","12.36","8ba5493c-6595-4342-a732-a54c5a939243","2021-11-23 10:10:47.628"
"AG","12.400","31","12.410","3","971","12.36","47cc4070-f96d-4d77-82f5-b92d0b797d0e","2021-11-23 10:10:47.628"
"AG","12.400","31","12.410","3","971","12.36","98ad139d-ac16-451b-afdb-73c789c996b3","2021-11-23 10:10:47.628"
"AG","12.400","2","12.410","53","971","12.36","6647af71-3164-407f-8c77-669331ba7559","2021-11-23 10:10:47.628"
"AG","12.390","13","12.400","18","970","12.36","ecef8f42-8ccd-47f0-ad7e-a4d82ddda24b","2021-11-23 10:10:47.628"
"AG","12.450","14","12.460","6","972","12.34","26199d74-bf56-4938-b30c-b338fa86b44e","2021-11-23 10:11:06.326"
"AG","12.450","1","12.460","28","972","12.34","ea1ae699-9cb1-4999-a23c-29b0c37875ca","2021-11-23 10:11:06.326"
"AG","12.430","54","12.440","3","972","12.34","f548b5a5-4027-49ca-af99-14648fd90e9f","2021-11-23 10:11:06.326"
"AG","12.340","10","12.350","32","-971","12.35","4d07dce6-082d-45dc-9757-2d7c99bb0081","2021-11-23 10:11:18.869"
"AG","12.340","10","12.350","32","-971","12.35","f899c8a6-0a06-45c0-94d1-0571b33867cd","2021-11-23 10:11:18.869"
"AG","12.340","10","12.350","32","-970","12.35","8c2f28c0-b00e-4615-bf1d-fc689d788ad9","2021-11-23 10:11:18.869"
"AG","12.340","10","12.350","32","-971","12.35","5a4542d9-ba63-4cfd-a559-69e6625352e0","2021-11-23 10:11:18.869"
"AG","12.340","14","12.350","17","-970","12.35","95eba2bc-fc55-4e91-95a1-e303fd6b7d32","2021-11-23 10:11:31.079"
"AG","12.340","14","12.350","17","-971","12.35","5d3a43ba-9348-4906-8f08-6dcf6bd1f2dd","2021-11-23 10:11:31.079"
"AG","12.340","14","12.350","17","-971","12.35","23728258-70bc-4612-9cc1-bf3c6220abb8","2021-11-23 10:11:31.079"
"AG","12.340","14","12.350","17","-972","12.35","9f6e7c57-e3c5-4445-97da-74bea5cd2403","2021-11-23 10:11:31.079"
"AG","12.340","22","12.350","31","-970","12.35","8ac71cd9-ed5d-45ae-9b2e-7fa7563b6b96","2021-11-23 10:11:55.823"
"AG","12.340","22","12.350","31","-970","12.35","6dc49c0b-ebab-4ae6-99ad-290cfc1399f6","2021-11-23 10:11:55.823"
"AG","12.340","22","12.350","31","-971","12.35","a73d62b7-f303-4dc5-9749-a5aa16c1ed8e","2021-11-23 10:11:55.823"
"AG","12.350","4","12.360","63","-971","12.36","2b20dcf3-a96d-4fb6-b872-ac0629760aff","2021-11-23 10:12:00.751"
"AG","12.350","4","12.360","63","-970","12.36","8f91ab8e-08de-405f-9c6c-bece965e71c9","2021-11-23 10:12:00.751"
"AG","12.350","4","12.360","63","-970","12.36","759de877-adc7-45bb-97c3-d5908dc0b74e","2021-11-23 10:12:00.751"
"AG","12.350","4","12.360","63","-972","12.36","76dbf378-5459-4878-bc98-f63ee7fafc2f","2021-11-23 10:12:00.751"
"AG","12.350","4","12.360","63","-972","12.36","47233bbb-5f6a-4395-8691-93cf1deecf5c","2021-11-23 10:12:00.751"
"AG","12.350","18","12.360","31","-970","12.36","084649c2-df63-4ef3-8644-d80aaa93c894","2021-11-23 10:12:00.751"
"AG","12.350","11","12.360","22","-970","12.36","a689389d-0f9a-43c9-9f79-fbcccbcc228a","2021-11-23 10:12:26.267"
"AG","12.470","17","12.480","17","974","12.32","31755f42-b214-4552-8474-fbdacdc995d9","2021-11-23 10:13:39.327"
"AG","12.310","9","12.320","26","-974","12.32","304b1eec-accf-488b-97e0-76ded9956101","2021-11-23 10:14:10.848"
"AG","12.460","20","12.470","27","978","12.27","0396ae55-5e0b-41ab-bcb6-1daf4cc33595","2021-11-23 10:16:20.678"
"AG","12.450","9","12.460","30","978","12.27","ebe257df-9a89-4ad1-9d36-f0728c8e27b1","2021-11-23 10:16:20.678"
"AG","12.450","5","12.460","22","978","12.27","b0b8e153-b4b4-4ac0-8450-5d228c35eb19","2021-11-23 10:16:20.678"
"AG","12.450","48","12.460","2","978","12.27","71c65874-2a3c-4633-8052-08c249b73c9f","2021-11-23 10:16:20.678"
"AG","12.270","18","12.280","4","-978","12.28","afae51e7-aba9-4c5e-9c3e-d138e0ce1ffc","2021-11-23 10:16:51.106"
"AG","12.270","18","12.280","4","-978","12.28","c924f49c-5d49-496b-b735-2150c7e02360","2021-11-23 10:16:51.106"
"AG","12.280","73","12.290","11","-978","12.29","4607eb97-83f1-4798-8b19-4c5f0b29ed39","2021-11-23 10:17:02.905"
"AG","12.280","69","12.290","7","-978","12.29","04be6446-426f-4bc0-a2e7-f2a28e5edd32","2021-11-23 10:17:10.457"
"AG","12.490","6","12.500","30","978","12.26","4b7e930a-277d-4b16-963b-d27053499b6b","2021-11-23 10:34:01.736"
"AG","12.490","1","12.500","21","978","12.26","24cc3367-617a-41c2-9abc-c9f176946705","2021-11-23 10:34:01.736"
"AG","12.250","34","12.260","16","-978","12.26","dd562a2c-c32d-4a2d-98eb-70e97d57b80d","2021-11-23 10:34:44.149"
"AG","12.230","47","12.240","11","-978","12.24","81651d18-ec52-41dd-8255-93869d715ba4","2021-11-23 10:36:16.466"
"AG","12.120","31","12.130","17","986","12.13","27d816ee-0be4-4b7d-87fb-5d9d92311acd","2021-11-23 11:11:20.006"
"AG","12.090","33","12.100","51","-986","12.10","3fe233bc-d8e3-4953-9dec-42c29611b146","2021-11-23 11:24:31.550"
"AG","12.150","16","12.160","34","990","12.12","1a3babb5-7d39-4c36-9709-9c09ed90dd97","2021-11-23 12:03:14.330"
"AG","12.140","15","12.150","22","990","12.11","069f46c1-51c2-4601-82a7-c7b0c3305236","2021-11-23 12:03:17.337"
"AG","12.140","63","12.150","1","990","12.11","58097b34-23e3-4a73-8345-6093d2e86aaa","2021-11-23 12:03:17.337"
"AG","12.140","63","12.150","1","990","12.11","778ac6b3-d300-4f69-bef5-6c723ab0bb62","2021-11-23 12:03:17.337"
"AG","12.140","37","12.150","14","990","12.11","e0190919-d85a-4c8b-a0a3-7f4ae1895b8a","2021-11-23 12:03:17.337"
"AG","12.150","18","12.160","31","991","12.11","220ca49d-f19b-4b63-87c6-3a55c8f3e1e3","2021-11-23 12:03:17.337"
"AG","12.150","16","12.160","17","991","12.11","32495d0b-57c7-4527-88f7-30d66cfcab3a","2021-11-23 12:03:17.337"
"AG","12.150","18","12.160","13","991","12.11","5ed740ba-e61f-40e6-bca7-b595f3396984","2021-11-23 12:03:17.337"
"AG","12.150","35","12.160","13","990","12.11","aea7d8bc-f029-4e80-9533-ba5e5afd75d1","2021-11-23 12:03:17.337"
"AG","12.150","35","12.160","13","990","12.11","a8d6620d-02bc-4412-9dd7-45f574ac9f8f","2021-11-23 12:03:17.337"
"AG","12.130","13","12.140","35","991","12.11","e69ac13f-d03a-42a1-9830-ebe54bd6eddb","2021-11-23 12:03:17.337"
"AG","12.110","30","12.120","47","-991","12.12","adbd8dcb-35f1-433e-bf07-61617370e902","2021-11-23 12:03:32.161"
"AG","12.110","30","12.120","47","-991","12.12","303c5eb0-b58f-49dd-98f0-f4b74313e615","2021-11-23 12:03:32.161"
"AG","12.110","30","12.120","47","-990","12.12","2d3f7ce2-fd66-4121-8108-91bc7e7539c3","2021-11-23 12:03:32.161"
"AG","12.110","30","12.120","47","-990","12.12","55048f0c-4ddb-458e-a6ce-46093a6572cc","2021-11-23 12:03:32.161"
"AG","12.110","30","12.120","47","-990","12.12","a6aca946-4a00-404d-8e77-664eca40480a","2021-11-23 12:03:32.161"
"AG","12.110","30","12.120","47","-991","12.12","805bb761-6ca0-4ce2-94b3-6af74b2958a1","2021-11-23 12:03:32.161"
"AG","12.130","27","12.140","10","991","12.10","d2773821-0f40-4d6d-96a5-a12a4a68d2a4","2021-11-23 12:03:59.681"
"AG","12.130","27","12.140","10","991","12.10","82d70bf6-c5a0-4517-afdc-61be491144d3","2021-11-23 12:03:59.681"
"AG","12.130","19","12.140","13","992","12.10","0b9e474c-9844-45ea-b39f-0a75709412e4","2021-11-23 12:03:59.681"
"AG","12.130","19","12.140","22","991","12.10","2562044b-5dec-44c5-970c-3a7af1f441e7","2021-11-23 12:03:59.681"
"AG","12.130","24","12.140","14","992","12.10","f775aecd-aaa8-4f98-b68d-fa189cf53ed8","2021-11-23 12:03:59.681"
"AG","12.140","15","12.150","33","991","12.10","9b0f30f8-781b-4139-a1cc-7a42a73d464c","2021-11-23 12:03:59.681"
"AG","12.140","16","12.150","20","991","12.10","d7926256-3ebd-465d-9c08-74c542a581bc","2021-11-23 12:03:59.681"
"AG","12.130","50","12.140","21","992","12.10","72065e48-3336-4b2c-8763-e660b763700c","2021-11-23 12:03:59.681"
"AG","12.130","50","12.140","21","991","12.10","c87a76ad-0248-45ba-b5fd-2a3386f360d0","2021-11-23 12:03:59.681"
"AG","12.130","25","12.140","17","992","12.10","ba869268-635b-4f34-9597-8f1b7af0ec72","2021-11-23 12:03:59.681"
"AG","12.130","25","12.140","6","992","12.09","6692352a-ffee-4bad-9910-cf2b278c5759","2021-11-23 12:03:59.699"
"AG","12.090","24","12.100","25","-990","12.10","dd0f38c5-241c-4976-a70e-6167844bc5cb","2021-11-23 12:04:18.441"
"AG","12.090","27","12.100","12","-991","12.10","cf3af9b3-adf0-4023-a945-aac7ba90c35f","2021-11-23 12:05:03.807"
"AG","12.090","27","12.100","12","-991","12.10","be42b15d-8183-4f7a-a619-43f2e5218dc6","2021-11-23 12:05:03.807"
"AG","12.090","27","12.100","12","-992","12.10","e86f7f50-54f3-49f3-bac3-cf6f77ba9375","2021-11-23 12:05:03.807"
"AG","12.090","27","12.100","12","-991","12.10","fed52202-6ff4-428c-854b-2f6ca1bbe36a","2021-11-23 12:05:03.807"
"AG","12.090","27","12.100","12","-992","12.10","d5ee575e-ff37-403b-81fb-cf1eea97ed55","2021-11-23 12:05:03.807"
"AG","12.100","27","12.110","35","-991","12.11","ef87fc27-72a9-4a4c-b8e2-f814cc4882ae","2021-11-23 12:05:15.007"
"AG","12.100","27","12.110","35","-990","12.11","9e63e2f2-9c93-4277-a954-e24702edc352","2021-11-23 12:05:15.007"
"AG","12.100","27","12.110","35","-991","12.11","dda347c4-289b-4126-8a61-b804caf1b0e3","2021-11-23 12:05:15.007"
"AG","12.100","27","12.110","35","-990","12.11","5011d2ae-8d1c-4463-9e54-fbffe0fabb09","2021-11-23 12:05:15.007"
"AG","12.100","27","12.110","35","-991","12.11","d31f2104-dfc5-4afb-b5a2-8db413bb3305","2021-11-23 12:05:15.007"
"AG","12.100","25","12.110","50","-992","12.11","900ab995-ee9f-4580-b3a8-989051dfea44","2021-11-23 12:05:49.733"
"AG","12.100","25","12.110","50","-991","12.11","82b60792-e718-41f1-922e-8a96e289484d","2021-11-23 12:05:49.733"
"AG","12.100","29","12.110","34","-990","12.11","9349f2c0-ec57-464c-8468-c6c3e95e3b49","2021-11-23 12:07:23.316"
"AG","12.100","29","12.110","34","-992","12.11","94cd8dad-785b-4f83-90ad-746411299c79","2021-11-23 12:07:23.316"
"AG","12.100","50","12.110","43","-992","12.11","bd2123f1-b14d-448b-ad6b-a03682eaf764","2021-11-23 12:07:47.719"
"AG","12.150","23","12.160","13","988","12.14","57518d37-5273-4cf8-a28c-38735e86823c","2021-11-23 12:14:32.560"
"AG","12.130","62","12.140","10","-988","12.14","033fcf42-03d6-4803-9e09-c4f97f7c5a55","2021-11-23 12:15:37.348"
"AG","12.200","32","12.210","18","987","12.16","b96decd6-d4f0-4587-884c-3562b177d607","2021-11-23 12:47:05.288"
"AG","12.200","22","12.210","17","987","12.16","e9ac8953-95bc-470d-a7ee-b79ade5e566f","2021-11-23 12:47:05.288"
"AG","12.200","22","12.210","17","986","12.16","8360ce56-0f7c-4706-b602-5d77bf144c4c","2021-11-23 12:47:05.288"
"AG","12.200","22","12.210","17","986","12.16","cec2262e-91ea-40c2-a0d3-2f0582bff667","2021-11-23 12:47:05.288"
"AG","12.160","17","12.170","22","-986","12.17","9a9a1587-8aa1-4385-b025-a3aba266901e","2021-11-23 12:48:47.394"
"AG","12.160","17","12.170","22","-987","12.17","6632343f-f36c-43f3-baa7-d17b1468b0bf","2021-11-23 12:48:47.394"
"AG","12.160","5","12.170","61","-986","12.17","110b4e24-83dc-4af1-86aa-393d23e7a0c6","2021-11-23 12:51:05.857"
"AG","12.160","5","12.170","63","-987","12.17","7ae855f1-acac-46f6-be3b-98e222465318","2021-11-23 12:51:05.857"
"AG","12.190","60","12.200","9","987","12.15","67b05ee3-cdbe-47d8-9f60-4e3d80b56a8e","2021-11-23 12:57:12.616"
"AG","12.190","31","12.200","17","987","12.15","8f624aec-1dec-4ba7-9cf0-68a507623bac","2021-11-23 12:57:12.616"
"AG","12.190","36","12.200","17","987","12.15","0e53dfe3-f725-4b1b-a355-9e9a5b165804","2021-11-23 12:57:12.616"
"AG","12.190","36","12.200","17","987","12.15","5e037863-86a8-4593-b1e0-474a3a4e262c","2021-11-23 12:57:12.616"
"AG","12.190","17","12.200","14","987","12.15","821f6176-5d7d-43ab-97a8-f1613e481910","2021-11-23 12:57:12.616"
"AG","12.190","43","12.200","13","987","12.15","41d8ab5f-75af-42cf-aa7a-840681c0ab02","2021-11-23 12:57:12.616"
"AG","12.190","57","12.200","10","987","12.15","8d3b1d69-5c2c-48dd-b09c-e9d2d9a88fb4","2021-11-23 12:57:12.616"
"AG","12.130","31","12.140","47","-987","12.14","03defbe2-069d-4c4b-9eaa-c2a5488a86c2","2021-11-23 12:58:45.714"
"AG","12.130","31","12.140","47","-987","12.14","ab45cae5-dfc1-4c58-9fd0-81562e91bcd1","2021-11-23 12:58:45.714"
"AG","12.130","31","12.140","47","-987","12.14","938ad471-ba3f-4f70-b8a5-f696de1cf141","2021-11-23 12:58:45.714"
"AG","12.130","39","12.140","7","-987","12.14","c0be8305-ed46-43bf-897e-0e2b63e832d9","2021-11-23 12:58:50.278"
"AG","12.130","39","12.140","7","-987","12.14","0c08b1c4-aab4-4820-847b-017aacf730a9","2021-11-23 12:58:50.278"
"AG","12.130","23","12.140","4","-987","12.14","219dd934-c75c-4c64-8d37-a0ae21e1d5fc","2021-11-23 12:59:04.211"
"AG","12.140","43","12.150","2","-987","12.15","f6140300-5e8e-409a-8514-bdc08b0e2883","2021-11-23 12:59:59.736"
"AG","12.350","46","12.360","28","976","12.28","9856196a-d824-459c-b9e6-dfd61e7faf6b","2021-11-23 15:06:23.248"
"AG","12.350","46","12.360","28","976","12.28","0a225fb9-c7e6-406f-905e-c584dc2cd11a","2021-11-23 15:06:23.248"
"AG","12.350","28","12.360","33","976","12.28","73d8f9d8-f1f3-4987-a81a-5c6a4b568464","2021-11-23 15:06:23.248"
"AG","12.340","32","12.350","32","976","12.28","f7078bd0-d814-40bd-8912-e2f2bddf32da","2021-11-23 15:06:23.248"
"AG","12.340","12","12.350","47","976","12.28","e45be292-d151-4655-a487-9f76a31e0518","2021-11-23 15:06:23.248"
"AG","12.280","24","12.290","24","-976","12.29","d450bdb4-924c-47bf-9759-123d4aceab6b","2021-11-23 15:07:43.282"
"AG","12.280","24","12.290","24","-976","12.29","1695e8c5-271d-460e-a8fa-4592e7d843d0","2021-11-23 15:07:43.282"
"AG","12.280","24","12.290","24","-976","12.29","422081f4-e4e2-4834-85d4-5fcb5ac66028","2021-11-23 15:07:43.282"
"AG","12.280","24","12.290","24","-976","12.29","56830757-f3c0-47f4-b9d4-a76e17776f8b","2021-11-23 15:07:43.282"
"AG","12.280","12","12.290","23","-976","12.29","b3173033-7913-4472-b136-80d809427ef4","2021-11-23 15:07:43.282"
"AG","12.360","28","12.370","13","977","12.28","f1d29ec1-c969-467f-84c4-ffe0444e5b99","2021-11-23 15:10:27.843"
"AG","12.360","20","12.370","38","976","12.28","7a1d9125-ee47-4328-b321-bcf292a78d0a","2021-11-23 15:10:27.843"
"AG","12.360","20","12.370","38","976","12.28","9bdb3b1d-9aa2-4dbd-851d-1f95559c3278","2021-11-23 15:10:27.843"
"AG","12.360","20","12.370","32","976","12.28","e535fb16-8683-4ee1-886c-b5179a81b774","2021-11-23 15:10:27.843"
"AG","12.360","18","12.370","35","977","12.28","aef28c99-d757-410c-b09f-404600846f48","2021-11-23 15:10:27.843"
"AG","12.270","20","12.280","18","-977","12.28","7529e731-6acf-49a6-9297-74113d81eb35","2021-11-23 15:11:33.335"
"AG","12.270","20","12.280","18","-977","12.28","0b535871-f27c-408e-8aac-dfba80584b0f","2021-11-23 15:11:33.335"
"AG","12.270","20","12.280","18","-976","12.28","2f815315-8caf-4bed-823a-06f925efa3c8","2021-11-23 15:11:33.335"
"AG","12.270","20","12.280","18","-976","12.28","135ddf2d-9597-4d4b-a7c1-44b03904dc76","2021-11-23 15:11:33.335"
"AG","12.270","28","12.280","14","-976","12.28","a818534c-4fb7-4ced-8dcf-97ac68d19b6f","2021-11-23 15:12:32.034"
"AG","12.360","10","12.370","39","978","12.27","0fa4bd77-8920-4d9e-b019-04e5cb45b722","2021-11-23 15:12:32.317"
"AG","12.270","28","12.280","17","-978","12.28","bd2a4fdd-52c7-4fc1-ae76-718c35e89029","2021-11-23 15:13:46.564"
"ABB","35.700","42","35.710","11","336","35.67","33cfba27-1776-40dc-8738-5dcb9cdac70d","2021-11-23 10:06:43.488"
"ABB","35.700","42","35.710","11","336","35.67","7e11c988-1a44-468f-a289-5a245ac85488","2021-11-23 10:06:43.488"
"ABB","35.700","42","35.710","11","336","35.67","993d7c59-c953-4c4b-8d45-ab9ec2ebb49c","2021-11-23 10:06:43.488"
"ABB","35.640","39","35.650","1","-336","35.65","03ee9443-cdca-4e89-ac3e-391a549457ed","2021-11-23 10:08:00.358"
"ABB","35.640","39","35.650","1","-336","35.65","669728d3-e599-4ea9-b95d-b548b75375a0","2021-11-23 10:08:00.358"
"ABB","35.690","18","35.700","18","336","35.64","841b8ea7-858f-4f6b-891d-3c0825ef654b","2021-11-23 10:08:00.426"
"ABB","35.650","41","35.660","2","-336","35.66","854c3fd5-b0de-4220-be55-18eb5742078e","2021-11-23 10:08:12.892"
"ABB","35.630","22","35.630","1","-336","35.63","bebf1451-6255-481d-996b-dd7a157e28c0","2021-11-23 10:08:50.006"
"ABB","35.710","12","35.720","8","337","35.60","8dcf1c35-e672-4209-948b-cc1bdd3a276a","2021-11-23 10:14:05.760"
"ABB","35.700","8","35.710","14","337","35.60","341daa31-086a-4936-90fb-87c9347297f6","2021-11-23 10:14:05.760"
"ABB","35.710","6","35.720","13","337","35.60","4769e3c9-aae4-4f5d-a461-bb946c84e065","2021-11-23 10:14:05.760"
"ABB","35.750","11","35.760","1","337","35.58","7da294ca-7bfd-4b30-8c0d-55f25314fbcf","2021-11-23 10:14:23.681"
"ABB","35.750","5","35.760","10","337","35.58","f8f8c38d-c4ea-45ef-8f2b-cc0cd5b40a57","2021-11-23 10:14:23.681"
"ABB","35.750","7","35.760","6","337","35.58","ac00dfb2-ec7c-465a-9625-40f2a700b3bc","2021-11-23 10:14:23.681"
"ABB","35.750","12","35.760","5","337","35.58","1d8b0c9a-fb50-43a5-a25e-bd6d86409ae0","2021-11-23 10:14:23.681"
"ABB","35.750","7","35.760","2","337","35.58","a82f6fdd-91c9-40af-a764-72a58506261e","2021-11-23 10:14:23.681"
"ABB","35.750","7","35.760","2","337","35.58","e5afec33-027b-4ff8-aaf1-298529deac09","2021-11-23 10:14:23.681"
"ABB","35.750","7","35.760","2","337","35.58","5f107a74-6453-4552-b7b2-c019b2d94a49","2021-11-23 10:14:23.681"
"ABB","35.740","12","35.750","13","337","35.58","882e0f3c-21f3-43cc-9352-27a91b10f827","2021-11-23 10:14:23.681"
"ABB","35.750","5","35.760","8","337","35.58","66d683b3-345d-4221-ad42-3292a4a9b382","2021-11-23 10:14:23.681"
"ABB","35.750","5","35.760","8","337","35.58","97a5a686-5ddf-4791-bc15-f29c019c88c0","2021-11-23 10:14:23.681"
"ABB","35.760","17","35.770","13","337","35.58","f8fa51f3-9b46-4048-9936-917f1f5f556a","2021-11-23 10:14:23.681"
"ABB","35.760","17","35.770","13","337","35.58","669e1338-f6e6-4459-8cdd-4812e8067e01","2021-11-23 10:14:23.681"
"ABB","35.760","7","35.770","10","337","35.58","bb8f77aa-f0b8-4851-9112-7d2904302695","2021-11-23 10:14:23.681"
"ABB","35.770","8","35.780","8","337","35.58","39f1677a-a1b1-4090-865e-6dddde9d409c","2021-11-23 10:14:23.681"
"ABB","35.770","3","35.780","7","337","35.58","8d9fb447-0eb1-42fa-af32-b637d1d4a9a7","2021-11-23 10:14:23.681"
"ABB","35.760","17","35.770","22","337","35.58","8693b6e6-c1d3-4cfd-bf8f-fbbc10f0a625","2021-11-23 10:14:23.681"
"ABB","35.600","43","35.610","4","-337","35.62","d7a143ad-16f0-4324-8874-2e69b7c4f6be","2021-11-23 10:15:04.366"
"ABB","35.600","43","35.610","4","-337","35.62","fdd27c6a-4370-4931-a491-43a74e726754","2021-11-23 10:15:04.366"
"ABB","35.600","43","35.610","4","-337","35.62","b50f4205-cb54-41d5-8d17-a6b9ab938754","2021-11-23 10:15:04.366"
"ABB","35.600","43","35.610","4","-337","35.62","aa242533-9102-4585-a0c0-b61af11706b8","2021-11-23 10:15:04.366"
"ABB","35.600","43","35.610","4","-337","35.62","729be900-387b-41bf-9203-a0328b1963e5","2021-11-23 10:15:04.366"
"ABB","35.600","43","35.610","4","-337","35.62","ca44f265-9bd9-4c45-9968-8cc7efb28963","2021-11-23 10:15:04.366"
"ABB","35.600","43","35.610","4","-337","35.62","5e899d9f-c94c-4c6c-ba66-be197fb78fd1","2021-11-23 10:15:04.366"
"ABB","35.600","43","35.610","4","-337","35.62","4e79bbfd-57f2-48ad-a2c6-f0fbc235b96b","2021-11-23 10:15:04.366"
"ABB","35.600","43","35.610","4","-337","35.62","da7bab04-6933-4d84-b1e7-a2538335055d","2021-11-23 10:15:04.366"
"ABB","35.600","43","35.610","4","-337","35.62","0c6ebeda-63fe-4aae-9275-358ca92901f3","2021-11-23 10:15:04.366"
"ABB","35.610","32","35.620","9","-337","35.62","8890a4d2-a71d-4503-9206-21253a44c92c","2021-11-23 10:15:23.889"
"ABB","35.610","32","35.620","9","-337","35.62","0458a352-a893-4bc6-a566-a80aba27e9f4","2021-11-23 10:15:23.889"
"ABB","35.620","32","35.630","9","-337","35.63","bc112162-6a92-4f32-81c5-bdd83b3c7d63","2021-11-23 10:15:31.717"
"ABB","35.620","32","35.630","9","-337","35.63","1f6d66cd-7f48-4279-9010-4ee6fdd3cee4","2021-11-23 10:15:31.717"
"ABB","35.620","32","35.630","9","-337","35.63","d3ad63ea-669b-48a8-8f2b-60fa911c7026","2021-11-23 10:15:31.717"
"ABB","35.620","32","35.630","9","-337","35.63","80d826b4-e179-4d1d-b680-dee60e713816","2021-11-23 10:15:31.717"
"ABB","35.610","5","35.620","23","-337","35.62","6c379106-acee-4ef6-93e9-ff495f492eab","2021-11-23 10:16:06.512"
"ABB","35.620","38","35.630","19","-337","35.63","ee03763d-7074-4228-bb19-d07be0039ccd","2021-11-23 10:16:13.060"
"ABB","35.730","1","35.740","23","337","35.57","1b8099b6-de0e-49d7-95b3-47c60024b3d4","2021-11-23 10:19:17.660"
"ABB","35.730","2","35.740","23","337","35.57","9e5390a5-e76c-441f-9783-aa7e79eb7c5b","2021-11-23 10:19:17.660"
"ABB","35.720","7","35.730","17","337","35.57","93096f71-cdec-444b-8330-9ab2b6b5cac0","2021-11-23 10:19:17.660"
"ABB","35.720","8","35.730","21","337","35.57","926eff9e-a826-4f11-bf7e-7deb31a25c55","2021-11-23 10:19:17.660"
"ABB","35.730","7","35.740","10","337","35.57","f6266ac0-74e1-4552-96de-7c98ca32b93b","2021-11-23 10:19:17.660"
"ABB","35.740","7","35.750","11","337","35.57","0d473afe-cf5b-46cc-8814-2a36e3709aa5","2021-11-23 10:19:17.660"
"ABB","35.580","32","35.590","22","-337","35.59","78d8cafb-6da4-42da-aeb9-c9ca2879cef1","2021-11-23 10:20:01.000"
"ABB","35.580","32","35.590","22","-337","35.59","c3b5c276-b38f-40b2-999c-cb75b4090382","2021-11-23 10:20:01.000"
"ABB","35.570","1","35.570","22","-337","35.57","be2ec5a5-1c91-4d73-9aba-5381bdb410a5","2021-11-23 10:20:50.006"
"ABB","35.570","1","35.580","27","-337","35.58","0e59b508-c1f6-44b3-bde2-244708743c6c","2021-11-23 10:20:51.330"
"ABB","35.570","1","35.580","27","-337","35.58","5067a186-e281-41a1-911b-0d3711ab8d9a","2021-11-23 10:20:51.330"
"ABB","35.570","1","35.580","15","-337","35.58","0187ecf9-bd44-400a-a74c-89c5f26dc121","2021-11-23 10:20:51.330"
"ABB","35.570","1","35.580","15","-337","35.58","e8d300c3-fb79-4930-89cb-7fbaa670fe2e","2021-11-23 10:20:51.330"
"ABB","35.550","14","35.560","13","337","35.53","94640023-df7b-49c5-b557-8e5f02592963","2021-11-23 10:54:17.140"
"ABB","35.560","15","35.570","14","337","35.53","351f0e76-ee4f-43d3-87f5-35960a985e89","2021-11-23 10:54:17.140"
"ABB","35.560","3","35.570","26","337","35.53","ead64cfb-cfcb-4f7a-b008-16f4da32be54","2021-11-23 10:54:17.140"
"ABB","35.570","33","35.580","11","337","35.52","d6b2df67-5709-4f44-8ea3-dd8b416c74bc","2021-11-23 10:54:19.382"
"ABB","35.540","25","35.550","6","337","35.52","80817d82-d3f8-4acf-b0e0-9f09757c880d","2021-11-23 10:54:19.382"
"ABB","35.540","47","35.550","25","337","35.52","c9c01441-5794-417e-9b59-49b038c48c23","2021-11-23 10:54:19.382"
"ABB","35.560","13","35.570","18","337","35.52","b1a9dfde-2d18-4bb9-976c-608d0defbb15","2021-11-23 10:54:19.382"
"ABB","35.560","29","35.570","13","337","35.52","6528be3c-ae88-4d9d-bc55-decde782b355","2021-11-23 10:54:19.382"
"ABB","35.560","57","35.570","6","337","35.52","7ff9cddd-8193-4048-9ebc-7a5e347ef5df","2021-11-23 10:54:19.382"
"ABB","35.570","52","35.580","13","337","35.52","82f320e5-8d2f-40c2-80e1-8b5c2e305ed0","2021-11-23 10:54:19.382"
"ABB","35.560","50","35.570","29","337","35.52","762743cb-a5d9-48ab-8223-bf49605c9dde","2021-11-23 10:54:19.382"
"ABB","35.560","50","35.570","22","337","35.52","4acb93f7-dc54-4090-a00b-da50fb0c396a","2021-11-23 10:54:19.382"
"ABB","35.570","35","35.580","24","337","35.52","234f3d6d-3ccc-432c-a453-92b3e22e3275","2021-11-23 10:54:19.382"
"ABB","35.570","35","35.580","24","337","35.52","547077cf-e2b1-45fc-a167-af9a07213dde","2021-11-23 10:54:19.382"
"ABB","35.550","50","35.560","16","337","35.52","4416797e-252c-43c8-a672-261ccad53de2","2021-11-23 10:54:19.382"
"ABB","35.550","54","35.560","16","337","35.52","ae01e225-3edf-4e9f-8860-4aeb08be3883","2021-11-23 10:54:19.382"
"ABB","35.550","64","35.560","11","337","35.52","a17e9cd9-2f39-4d49-8a40-014c5cfd5961","2021-11-23 10:54:19.382"
"ABB","35.550","30","35.560","50","337","35.52","3ce5c20b-973e-405d-9a4b-a752ad9f9e4b","2021-11-23 10:54:19.382"
"ABB","35.540","49","35.550","15","337","35.52","29215759-8c0c-4b0c-8e8d-b215f45bd920","2021-11-23 10:54:19.382"
"ABB","35.540","47","35.550","21","337","35.52","46f2e0e8-68e3-4f9d-9899-8b921db4b335","2021-11-23 10:54:19.382"
"ABB","35.500","52","35.510","14","-337","35.51","b0a3a719-2259-4e63-9aac-a539904bd1bc","2021-11-23 10:55:23.263"
"ABB","35.500","52","35.510","14","-337","35.51","41fa34e5-2d20-4732-9ed0-8df5bee20de2","2021-11-23 10:55:23.263"
"ABB","35.500","52","35.510","14","-337","35.51","8749c07b-1f76-4e5d-9255-7a01a68b05a7","2021-11-23 10:55:23.263"
"ABB","35.480","49","35.490","5","-337","35.49","216e0d2b-96c7-4563-826d-ccebb5b0ea2d","2021-11-23 10:56:00.291"
"ABB","35.480","49","35.490","5","-337","35.49","2a74f5bb-2e61-41da-9ada-9156f1bee751","2021-11-23 10:56:00.291"
"ABB","35.480","49","35.490","5","-337","35.49","5e40176b-7937-4392-a396-862fae8a7c31","2021-11-23 10:56:00.291"
"ABB","35.480","49","35.490","5","-337","35.49","f68b3aaf-6b97-41d5-9674-916b842f0234","2021-11-23 10:56:00.291"
"ABB","35.480","49","35.490","5","-337","35.49","d4367762-d7e3-423d-8681-636f9a859604","2021-11-23 10:56:00.291"
"ABB","35.480","49","35.490","5","-337","35.49","e266efce-0135-4ddf-9fa9-387bc3250d90","2021-11-23 10:56:00.291"
"ABB","35.480","49","35.490","5","-337","35.49","035e7f0b-62c1-4b31-b2ea-678a0385f079","2021-11-23 10:56:00.291"
"ABB","35.480","49","35.490","5","-337","35.49","b265059c-5dd4-4587-9ee1-72121eff3683","2021-11-23 10:56:00.291"
"ABB","35.480","49","35.490","5","-337","35.49","f4542dd3-ebc2-4516-81c3-f123fabf9c98","2021-11-23 10:56:00.291"
"ABB","35.460","52","35.470","9","-337","35.47","1520269c-2dac-4787-8052-7b5a37689edc","2021-11-23 10:56:10.636"
"ABB","35.460","52","35.470","9","-337","35.47","b8d8bbf7-7d3a-46d7-9f83-bfeb80d79c49","2021-11-23 10:56:10.636"
"ABB","35.460","52","35.470","9","-337","35.47","c20c2b2d-f0d6-4e1b-903d-342668a08c0f","2021-11-23 10:56:10.636"
"ABB","35.460","52","35.470","9","-337","35.47","a729c702-034b-4de1-ac1c-2ac527764386","2021-11-23 10:56:10.636"
"ABB","35.450","57","35.460","13","-337","35.46","6236b621-4091-4dce-8d58-a5c193f5f92a","2021-11-23 10:56:21.534"
"ABB","35.450","57","35.460","13","-337","35.46","7dad3f22-30fe-4618-9e42-2868dd35b5e3","2021-11-23 10:56:21.534"
"ABB","35.390","50","35.400","12","-337","35.40","08c63768-a39e-4e10-b419-a5bd37195aba","2021-11-23 11:01:31.088"
"ABB","35.370","61","35.380","7","-337","35.38","af443834-92a2-4642-aea3-f2fc8fb3c549","2021-11-23 11:02:40.409"
"ABB","35.420","17","35.430","17","338","35.41","96b6c1ee-7870-40e9-ab99-0fbf7547c4b4","2021-11-23 11:34:48.944"
"ABB","35.420","17","35.430","8","338","35.41","33cf72ee-ed9b-403b-a18e-992bbe9e38c6","2021-11-23 11:34:48.944"
"ABB","35.450","5","35.460","13","339","35.40","2ffcaeea-2cc7-4bae-9c7e-db1ac8739015","2021-11-23 11:35:27.535"
"ABB","35.440","10","35.450","19","339","35.40","04955b1e-a0f1-4e5d-96ac-027ac96a214f","2021-11-23 11:35:27.535"
"ABB","35.460","27","35.470","1","339","35.39","3c3c535f-381d-41d9-bf89-2a29e709137b","2021-11-23 11:36:04.598"
"ABB","35.460","13","35.470","19","339","35.39","705de601-1de1-4eb5-9ad4-cf8afe754699","2021-11-23 11:36:04.598"
"ABB","35.450","3","35.460","26","339","35.39","a47bff77-8f8b-46f5-b91b-c880e3d0b2b0","2021-11-23 11:36:04.598"
"ABB","35.450","9","35.460","15","339","35.39","6c74e0ad-ad07-4464-bbce-9cfc1ee34363","2021-11-23 11:36:04.598"
"ABB","35.450","12","35.460","13","339","35.39","a6d98c51-4049-4acb-a6b5-b0cf42fe232e","2021-11-23 11:36:04.598"
"ABB","35.450","2","35.460","31","339","35.39","7ee149d8-e38a-48bb-a0c4-965cb7baa5d1","2021-11-23 11:36:04.598"
"ABB","35.450","2","35.460","31","339","35.39","405c4817-316f-4a09-8ca6-4c895155f2fb","2021-11-23 11:36:04.598"
"ABB","35.380","22","35.390","11","-339","35.39","f715c79f-ac52-4660-bc66-cdfbfd056ad7","2021-11-23 11:36:10.768"
"ABB","35.370","16","35.380","20","-339","35.38","694435a4-1fa3-4253-abe1-fbdb15ffef1b","2021-11-23 11:36:35.494"
"ABB","35.370","16","35.380","20","-339","35.38","b5629111-a917-4b64-9acb-e29eada3379e","2021-11-23 11:36:35.494"
"ABB","35.370","16","35.380","20","-339","35.38","3a7af489-e2fb-400f-a1eb-cbde2fdbbd33","2021-11-23 11:36:35.494"
"ABB","35.380","9","35.390","15","-339","35.39","804e68ed-eea5-4606-9c55-c5bcb108daa4","2021-11-23 11:36:38.082"
"ABB","35.380","9","35.390","15","-339","35.39","85d383af-7394-49a8-9392-065d539a62ab","2021-11-23 11:36:38.082"
"ABB","35.380","9","35.390","15","-339","35.39","1d82b5b2-af23-4ada-8c46-1c3f3a449d76","2021-11-23 11:36:38.082"
"ABB","35.380","9","35.390","15","-338","35.39","6f298d05-eac5-4ac6-a02f-9a2d0f021ba1","2021-11-23 11:36:38.082"
"ABB","35.380","9","35.390","15","-338","35.39","552ba11e-0c6f-4596-ad9f-975c361318ac","2021-11-23 11:36:38.082"
"ABB","35.450","20","35.460","13","339","35.37","0a638d6d-932c-4d40-9ac5-7f10f1f604d0","2021-11-23 11:36:53.120"
"ABB","35.450","36","35.460","13","339","35.37","44ad253a-495e-4b1a-b93e-4e0144d25797","2021-11-23 11:36:53.120"
"ABB","35.460","52","35.470","12","339","35.37","5017166c-d405-49f1-8b1f-ce87275ef26f","2021-11-23 11:36:53.120"
"ABB","35.460","3","35.470","36","339","35.37","74b9eecf-4a56-49f4-971b-22236cce95ab","2021-11-23 11:36:53.120"
"ABB","35.440","8","35.450","15","339","35.37","fff8e84c-d9dc-4d2a-bb53-c639d5033453","2021-11-23 11:36:53.120"
"ABB","35.440","8","35.450","15","339","35.37","41adda99-bb15-4163-8d95-4cca664383ec","2021-11-23 11:36:53.120"
"ABB","35.450","22","35.460","19","339","35.37","1d34fc59-760c-4e33-95d5-b82983d07e7e","2021-11-23 11:36:53.120"
"ABB","35.450","6","35.460","17","339","35.37","1de4c231-ddaa-4f22-88f8-2063bf10ec7a","2021-11-23 11:36:53.120"
"ABB","35.460","17","35.470","14","339","35.37","34e837c5-6eb0-4b96-9de8-d3521a48e900","2021-11-23 11:36:53.120"
"ABB","35.460","3","35.470","10","339","35.37","bbbea8e8-0265-42ba-9e2c-f7cae331569c","2021-11-23 11:36:53.120"
"ABB","35.460","12","35.470","10","339","35.37","69f49f79-b977-4c43-9de4-ee6ce5061b04","2021-11-23 11:36:53.120"
"ABB","35.370","18","35.380","15","-339","35.38","6a7b6c27-2202-4b11-80bd-7d87e8ab4c75","2021-11-23 11:37:10.577"
"ABB","35.370","1","35.380","20","-339","35.38","b7f29b33-1759-4a57-ae67-a1de8c9dc729","2021-11-23 11:37:10.577"
"ABB","35.400","26","35.410","1","-339","35.41","90dd030f-85e8-4360-a8d5-d63d9dd6e1ff","2021-11-23 11:37:34.851"
"ABB","35.400","26","35.410","1","-339","35.41","22da3dc6-70c5-46c0-955d-1deae9e2372a","2021-11-23 11:37:34.851"
"ABB","35.400","26","35.410","1","-339","35.41","b2488369-1aee-4173-924c-bb1685d4385c","2021-11-23 11:37:34.851"
"ABB","35.400","26","35.410","1","-339","35.41","8559ff43-b7ea-452e-bc32-d1913e921a31","2021-11-23 11:37:34.851"
"ABB","35.400","26","35.410","1","-339","35.41","41bd710b-fdef-43c2-882b-8fe88ed8f90e","2021-11-23 11:37:34.851"
"ABB","35.400","26","35.410","1","-339","35.41","326fdf02-7ebc-4b65-8f9b-10be2b0722cf","2021-11-23 11:37:34.851"
"ABB","35.400","18","35.410","7","-339","35.42","fbe033d2-c3ed-476d-810c-852e26e83dfa","2021-11-23 11:37:40.162"
"ABB","35.400","18","35.410","7","-339","35.42","863b8248-d8eb-463f-abfe-7d40aceb1d16","2021-11-23 11:37:40.162"
"ABB","35.400","18","35.410","7","-339","35.42","55ec384b-e945-4727-83a2-51de9dfa9faa","2021-11-23 11:37:40.162"
"ABB","35.410","10","35.420","12","-339","35.42","9c93817d-110c-463f-9bd5-a6e6775a9cbc","2021-11-23 11:38:10.054"
"ABB","35.430","4","35.440","12","-339","35.44","9e73b6c0-232c-4e98-bddc-944cbfa4c6a8","2021-11-23 11:39:20.213"
"ABB","35.420","23","35.430","1","338","35.43","a568ac3e-4f59-42ca-8592-9774bd4651c9","2021-11-23 11:46:10.006"
"ABB","35.430","2","35.440","24","-338","35.45","f81a4324-f376-488a-bd89-e5474798b067","2021-11-23 11:47:29.038"
"ABB","35.450","6","35.460","11","339","35.40","3e874ff0-3c43-445c-8028-56db59c65dbb","2021-11-23 12:04:31.349"
"ABB","35.450","6","35.460","11","339","35.40","84647653-1bdc-42da-9c26-d8b170dbcb66","2021-11-23 12:04:31.349"
"ABB","35.410","1","35.420","22","-339","35.42","1918b3a5-878b-438e-9667-1ee2c2beea86","2021-11-23 12:05:29.427"
"ABB","35.410","9","35.420","17","-339","35.42","e95bce0e-b40b-4c9a-8354-a77b3ba006cb","2021-11-23 12:06:42.031"
"ABB","35.450","6","35.460","11","339","35.39","ab371e80-b4b4-4636-b69d-baf895bcba69","2021-11-23 12:13:59.366"
"ABB","35.400","28","35.410","1","-339","35.41","c32c5baa-6ab6-4e60-a579-4aca0f93bed1","2021-11-23 12:20:42.723"
"ABB","35.440","1","35.450","46","338","35.43","6b0033bc-1991-415a-a2af-565fe8f72d12","2021-11-23 12:45:56.063"
"ABB","35.430","5","35.440","25","-338","35.44","e328dfd8-2212-4740-bbfd-f29cc2951c48","2021-11-23 12:46:22.136"
"ABB","35.450","10","35.460","18","338","35.45","2b4631ab-490e-4e91-a02c-625660f0a334","2021-11-23 12:49:14.194"
"ABB","35.450","8","35.460","31","338","35.45","bf4d21fc-8f7a-4bd4-94c2-9f505362013d","2021-11-23 12:49:14.194"
"ABB","35.430","20","35.440","8","-338","35.44","87d13eb6-5470-4e31-9585-cf9c3b162a8e","2021-11-23 12:50:20.675"
"ABB","35.430","8","35.440","30","-338","35.44","0bd06e1c-62ab-41eb-a2fe-fa94b92b57e0","2021-11-23 12:50:20.675"
"ABB","35.450","16","35.460","10","338","35.42","ec7b2c40-04f1-4b50-a369-f8f6a47bf6c7","2021-11-23 12:57:55.876"
"ABB","35.450","16","35.460","8","338","35.42","9709bcb8-9498-4dd6-ac14-4b95e26fb460","2021-11-23 12:57:55.876"
"ABB","35.450","16","35.460","8","338","35.42","0d8e881c-f124-47be-a7ae-8435730e5cb3","2021-11-23 12:57:55.876"
"ABB","35.450","6","35.460","18","338","35.42","807d5209-e419-49db-81bc-514ab7283829","2021-11-23 12:57:55.876"
"ABB","35.450","6","35.460","18","338","35.42","9bb5dc88-9030-4a15-a59c-0695476814ca","2021-11-23 12:57:55.876"
"ABB","35.410","26","35.420","1","-338","35.43","d9a2b917-7b81-45a3-8e8a-52042fcdf548","2021-11-23 12:58:11.388"
"ABB","35.410","26","35.420","1","-338","35.43","b14e8a92-4130-45f3-b9c9-7be37da6cc30","2021-11-23 12:58:11.388"
"ABB","35.410","26","35.420","1","-338","35.43","a4fc000f-bb1f-4870-a4ac-fad216db0a27","2021-11-23 12:58:11.388"
"ABB","35.420","15","35.430","9","-338","35.43","128bc11a-878b-4131-85d0-0a58006d4976","2021-11-23 12:58:50.667"
"ABB","35.420","13","35.430","9","-338","35.43","369c8842-342d-4863-b8ec-b7549f384a0c","2021-11-23 12:59:01.752"
"ABB","35.450","13","35.460","8","338","35.43","0dd2cd06-765c-45e8-9838-08ae0c44f405","2021-11-23 13:08:29.969"
"ABB","35.450","15","35.460","4","338","35.43","ea248228-88bc-4948-ac0a-31c0a3603499","2021-11-23 13:08:29.969"
"ABB","35.440","27","35.450","1","338","35.43","337a0382-fdbd-4efd-992e-5e30a24ae3e8","2021-11-23 13:08:29.969"
"ABB","35.440","27","35.450","1","338","35.43","147f4425-94d5-4f70-bf9f-41e30799b485","2021-11-23 13:08:29.969"
"ABB","35.440","12","35.450","14","338","35.43","69d6bcc7-7ed0-4a6b-8ae2-f04d3048632b","2021-11-23 13:08:29.969"
"ABB","35.420","30","35.430","1","-338","35.44","ec5b2398-ba7e-48b8-903c-aa2fa65bcf5c","2021-11-23 13:14:31.138"
"ABB","35.420","30","35.430","1","-338","35.44","e6838c18-91a8-477c-bece-5961b7f3ee8c","2021-11-23 13:14:31.138"
"ABB","35.420","30","35.430","1","-338","35.44","217acbcd-a9c3-4a41-9c8a-bf6e64895a2e","2021-11-23 13:14:31.138"
"ABB","35.420","30","35.430","1","-338","35.44","49f8509d-fcda-484c-b022-63efd1e2e475","2021-11-23 13:14:31.138"
"ABB","35.430","25","35.440","1","-338","35.44","c45e430c-15a3-46cb-bb77-6bc2444db24b","2021-11-23 13:14:59.112"
"ABB","35.440","17","35.450","10","338","35.42","163023c8-d5b9-4a9d-a702-34aa9642fec7","2021-11-23 13:18:04.641"
"ABB","35.430","10","35.440","19","338","35.42","34b0615e-5581-4689-8e74-74641e265dfc","2021-11-23 13:18:04.641"
"ABB","35.420","15","35.430","8","338","35.41","1dba95af-749d-47e7-8151-6c0b48a104b5","2021-11-23 13:19:36.877"
"ABB","35.420","15","35.430","8","338","35.41","29b8b201-e934-4961-981f-3399fda3ebc9","2021-11-23 13:19:36.877"
"ABB","35.420","15","35.430","8","338","35.41","dbcf677f-7103-4439-b341-b98f7dca36e2","2021-11-23 13:19:36.877"
"ABB","35.440","23","35.450","1","338","35.40","4e37c51b-b868-459d-a5ab-202423e48beb","2021-11-23 13:19:42.707"
"ABB","35.400","8","35.410","18","-338","35.41","eb66733b-7f23-49b6-a67e-e5deac1ec83c","2021-11-23 13:20:03.052"
"ABB","35.400","8","35.410","18","-338","35.41","65bb46ac-1a43-4ad3-99b1-65cd85d0d647","2021-11-23 13:20:03.052"
"ABB","35.410","22","35.420","17","-338","35.42","8ab6b65e-2288-4be2-8e23-2a9413f8c4e8","2021-11-23 13:20:35.078"
"ABB","35.410","22","35.420","17","-338","35.42","ca930efc-9ba6-4222-b865-6a8184277ee2","2021-11-23 13:20:35.078"
"ABB","35.410","20","35.420","18","-338","35.42","c8d3bc4d-d145-44c1-8477-294bdd54e431","2021-11-23 13:20:35.078"
"ABB","35.410","15","35.420","16","-338","35.42","66d41668-fdb8-47e6-9d8e-ece9e1e1daeb","2021-11-23 13:20:35.078"
"ABB","35.440","15","35.450","16","338","35.43","2847ea58-42cb-41fb-94a6-2993de2b2cda","2021-11-23 13:24:22.119"
"ABB","35.430","17","35.440","18","338","35.43","f6faf7ef-b1f5-47ae-b3e7-5f616c422f74","2021-11-23 13:24:22.119"
"ABB","35.420","8","35.430","16","-338","35.43","a68ab303-1d9c-410b-a88e-bb47d29a1bf2","2021-11-23 13:26:20.372"
"ABB","35.420","1","35.430","24","-338","35.43","57b17607-5e44-4781-9359-bd5047a028d3","2021-11-23 13:26:20.372"
"ABB","35.500","17","35.510","7","338","35.47","75059900-a776-471f-8ea3-1cc694f2c132","2021-11-23 14:16:14.232"
"ABB","35.460","26","35.470","10","-338","35.47","7b42b438-d305-47c5-8b44-58ee26a6dbe3","2021-11-23 14:18:01.062"
"ABB","35.480","26","35.490","1","338","35.46","03c0dd96-36b6-460e-9687-a34b349a1ecf","2021-11-23 14:20:04.235"
"ABB","35.480","27","35.500","17","338","35.46","0c48d567-1e77-4b75-a840-97f68fde6188","2021-11-23 14:20:04.235"
"ABB","35.490","22","35.500","10","338","35.46","79286af1-26eb-42e2-aabe-b717e6dc39ea","2021-11-23 14:20:04.235"
"ABB","35.490","22","35.500","10","338","35.46","45e4cf22-a006-4d91-96d5-6fdffcfd0017","2021-11-23 14:20:04.235"
"ABB","35.490","22","35.500","10","338","35.46","56df70be-6ee8-4606-a632-c272b3d049a6","2021-11-23 14:20:04.235"
"ABB","35.460","26","35.470","8","-338","35.47","6ddfaa0b-4e83-4ed9-bfb3-333804bc1c14","2021-11-23 14:20:32.775"
"ABB","35.460","26","35.470","8","-338","35.47","072c2271-4980-4f71-9e8f-30d4c3c18ee3","2021-11-23 14:20:32.775"
"ABB","35.460","26","35.470","8","-338","35.47","95628dd4-99cb-4da4-8918-b7ba0543bf34","2021-11-23 14:20:32.775"
"ABB","35.460","16","35.470","14","-338","35.47","f85cd297-7d66-4cab-a0b4-43d53a10d5e4","2021-11-23 14:21:14.165"
"ABB","35.470","30","35.480","1","-338","35.48","5f8dab34-1373-4e98-ace2-ccb05e6917ba","2021-11-23 14:21:34.932"
"ABB","35.490","28","35.500","3","338","35.48","21fcfa6d-0c2c-44f9-9ea4-dcf0040840d8","2021-11-23 14:31:11.405"
"ABB","35.490","28","35.500","3","338","35.48","112c58f7-31c2-4f48-bcce-9836b0314eb9","2021-11-23 14:31:11.405"
"ABB","35.450","24","35.460","8","-338","35.46","2ff8fbcb-670a-41f7-a973-5970a8659560","2021-11-23 14:32:30.990"
"ABB","35.460","6","35.470","23","-338","35.47","e7b7bb8a-e950-415d-9c8b-e02dbb18da6a","2021-11-23 14:32:31.031"
"ABB","35.510","16","35.520","8","338","35.50","1d6ee2d2-3bee-46e3-8cf8-e8a1ea4866fd","2021-11-23 15:03:51.711"
"ABB","35.520","25","35.530","6","-338","35.53","ec38ff9d-b458-42b4-97e4-5a0657ce5beb","2021-11-23 15:06:48.923"
"ABB","35.520","30","35.530","6","337","35.52","59352215-3eba-400a-a325-789d36def84f","2021-11-23 15:12:16.952"
"ABB","35.510","17","35.520","24","-337","35.52","a83c1159-4365-4d1f-923e-b9f4aae51b9d","2021-11-23 15:13:40.284"
"ABB","35.530","21","35.540","10","337","35.51","15f1e5e6-c6e0-4d90-b1c2-064d5bd6a395","2021-11-23 15:16:59.869"
"ABB","35.530","18","35.540","12","338","35.49","e3eba2a5-6df5-49c8-9a4e-8eb761ad2a98","2021-11-23 15:20:27.518"
"ABB","35.530","10","35.540","14","338","35.49","1b4b5f95-218c-47cf-836e-97f8882e59b5","2021-11-23 15:20:27.518"
"ABB","35.530","10","35.540","14","338","35.49","41362cb9-0600-4282-a4a7-276812a2a3b8","2021-11-23 15:20:27.518"
"ABB","35.530","19","35.540","8","338","35.49","fb96a48c-6bc2-4522-9bee-7c703493d79e","2021-11-23 15:20:27.518"
"ABB","35.520","24","35.530","7","338","35.49","038e42af-9127-46c2-a9f9-feb3e5b4dbdf","2021-11-23 15:20:27.518"
"ABB","35.520","26","35.530","6","338","35.49","ba4d3936-c2b2-45fa-b391-04823fd90588","2021-11-23 15:20:27.518"
"ABB","35.530","20","35.540","10","338","35.49","9902e987-f425-4f3b-ba7e-974ef849b7ed","2021-11-23 15:20:27.518"
"ABB","35.490","12","35.500","20","-338","35.50","82eea84b-c97b-41c6-8b02-56e98d751917","2021-11-23 15:21:42.504"
"ABB","35.490","12","35.500","20","-337","35.50","7da277f1-0869-4b15-b0e0-edb745428cb5","2021-11-23 15:21:42.504"
"ABB","35.490","12","35.500","20","-338","35.50","c490386f-5b50-4c98-ac03-b674b7881bf5","2021-11-23 15:21:42.504"
"ABB","35.490","12","35.500","20","-338","35.50","74120ffe-e99a-4e96-afd7-3598e115c5fb","2021-11-23 15:21:42.504"
"ABB","35.490","12","35.500","20","-338","35.50","5ffe8c2f-dc25-430f-a76e-872c26258020","2021-11-23 15:21:42.504"
"ABB","35.490","12","35.500","20","-338","35.50","a548b929-dd32-46f3-b9bd-8937616fe927","2021-11-23 15:21:42.504"
"ABB","35.490","12","35.500","20","-338","35.50","ee15bebe-5142-4f0b-91ea-3bfbca40036b","2021-11-23 15:21:42.504"
"ABB","35.490","12","35.500","20","-338","35.50","0086532b-4055-45f0-8b1b-e37c45ccad24","2021-11-23 15:21:42.504"
"ALB","285.030","1","285.490","2","42","282.00","b2dd9165-9ecd-4a54-b902-15cf08d1aede","2021-11-23 10:11:37.189"
"ALB","284.880","1","285.440","1","42","282.00","f0a0b1d1-8a28-4c93-a822-b1ca9575457a","2021-11-23 10:11:37.189"
"ALB","284.880","1","285.440","1","42","282.00","b89a1fcd-53a4-408f-b69b-eb0e36778e0b","2021-11-23 10:11:37.189"
"ALB","284.330","8","284.790","2","42","282.00","81cf35c1-3aee-4968-a7b1-e66e3b5f59a7","2021-11-23 10:11:37.189"
"ALB","284.000","2","284.520","1","42","282.00","11281df8-978e-4b26-8274-2a16df1930f5","2021-11-23 10:11:37.189"
"ALB","283.560","1","284.100","1","42","282.00","03000c45-26f9-4b41-8620-eacfd346b91e","2021-11-23 10:11:37.189"
"ALB","283.930","2","284.630","2","42","282.00","75e079df-3eeb-425a-890b-53a52deb1320","2021-11-23 10:11:37.189"
"ALB","283.780","1","284.320","1","42","282.00","5ad0b673-d8f8-485b-a12c-e0e1b0937832","2021-11-23 10:11:37.189"
"ALB","283.560","2","284.480","1","42","282.00","c087c3dd-3202-403d-a357-159ff3e2bec6","2021-11-23 10:11:37.189"
"ALB","283.560","1","283.980","1","42","282.00","f644adc7-bed9-45f7-ab6b-aaf5f16025cf","2021-11-23 10:11:37.189"
"ALB","284.020","1","284.760","1","42","282.00","3d027149-e9c0-49f7-9176-483515d0ba7f","2021-11-23 10:11:37.189"
"ALB","284.050","2","284.980","2","42","282.00","986fbb4a-1f7c-4b30-bd88-93d8688db610","2021-11-23 10:11:37.189"
"ALB","284.020","2","284.960","1","42","282.00","44e71156-f519-4c7c-b196-b1133f97e2e1","2021-11-23 10:11:37.189"
"ALB","284.020","2","284.940","1","42","282.00","723a88c4-ba71-4ae2-a280-c761841430b6","2021-11-23 10:11:37.189"
"ALB","283.870","2","284.910","2","42","282.00","ccae2418-80f0-4705-87c2-316216664e54","2021-11-23 10:11:37.189"
"ALB","283.870","1","284.920","3","42","282.00","564afb39-9c63-4063-b6e1-35a8c4fbf207","2021-11-23 10:11:37.189"
"ALB","283.870","2","284.920","3","42","282.00","1ba3b66f-338f-4157-bb57-b5dd80130c02","2021-11-23 10:11:37.189"
"ALB","281.290","1","281.890","1","-42","281.89","d53304c0-f530-4b93-8412-ebfabb6f53bf","2021-11-23 10:12:40.136"
"ALB","281.290","1","281.890","1","-42","281.89","34fad526-b70b-4aa6-a1e8-054d6f18182d","2021-11-23 10:12:40.136"
"ALB","281.390","2","281.970","1","-42","281.98","b3b42937-6a57-40af-8bf4-5ef6f391fa17","2021-11-23 10:13:03.975"
"ALB","281.390","2","281.970","1","-42","281.98","02279bc7-91d0-45a1-a457-2a58c22a5425","2021-11-23 10:13:03.975"
"ALB","281.390","2","281.970","1","-42","281.98","c00cf412-a223-4c14-b840-a81e48351c95","2021-11-23 10:13:03.975"
"ALB","281.390","2","281.970","1","-42","281.98","4f98a8e3-357f-4da7-8017-3d78e5ba5a6d","2021-11-23 10:13:03.975"
"ALB","281.300","1","281.610","1","-42","281.61","1e53bedc-702e-4fed-b24e-3853fdffb440","2021-11-23 10:13:25.687"
"ALB","281.300","1","281.610","1","-42","281.61","ac9f19f4-ca0b-44f7-b1bc-938df9077b7e","2021-11-23 10:13:25.687"
"ALB","281.300","1","281.610","1","-42","281.61","5918ca80-07f7-4264-9d38-51ff66fa0193","2021-11-23 10:13:25.687"
"ALB","280.740","1","281.450","1","-42","281.58","6553c0e6-bc02-412a-9e67-407616fb55a7","2021-11-23 10:13:38.245"
"ALB","280.740","1","281.450","1","-42","281.58","07ca353d-237d-469b-b606-357ad9a967a2","2021-11-23 10:13:38.245"
"ALB","280.740","1","281.450","1","-42","281.58","36348afa-ba95-4fe9-a710-c24a121a2e64","2021-11-23 10:13:38.245"
"ALB","280.740","1","281.450","1","-42","281.58","1b7d4036-101e-4186-a5cc-2f8ebd910072","2021-11-23 10:13:38.245"
"ALB","280.920","2","281.610","2","-42","281.61","c23fbbfe-346b-40d6-aefe-182474f44674","2021-11-23 10:13:44.845"
"ALB","280.920","2","281.610","2","-42","281.61","2f687a1a-739b-4970-8d5b-8d9023aa1d9c","2021-11-23 10:13:44.845"
"ALB","280.920","2","281.610","1","-42","281.61","56828ef2-4127-4b4e-832d-a95fff16cba1","2021-11-23 10:13:55.845"
"ALB","280.440","2","281.350","2","-42","281.37","f38adcd7-2acc-4299-8caa-f43730ef850a","2021-11-23 10:15:06.157"
"ALB","285.580","2","286.260","2","42","280.10","90f27321-60f8-4ffe-95df-f6651bac99fb","2021-11-23 10:21:02.521"
"ALB","284.660","2","285.290","1","42","280.04","d7a73e64-12f7-49ef-8b6b-035eb4de79b8","2021-11-23 10:21:02.623"
"ALB","284.750","1","285.300","11","42","280.04","7a207986-82f5-4071-812b-0b7e20e090e7","2021-11-23 10:21:02.623"
"ALB","284.500","2","285.300","11","42","280.04","7ce37607-3432-43a2-85f2-2b9e8b09ef8e","2021-11-23 10:21:02.623"
"ALB","284.860","2","286.040","2","42","280.04","8c3a87d3-ce73-4825-b055-b8b81b37d814","2021-11-23 10:21:02.623"
"ALB","285.680","2","286.490","2","42","280.04","bc6fcde6-9a35-4c3b-a300-5137c8b8b324","2021-11-23 10:21:02.623"
"ALB","285.690","1","286.440","1","42","280.04","09c1d6aa-5996-42ce-b0b1-c1ee023660ba","2021-11-23 10:21:02.623"
"ALB","285.730","1","286.440","1","42","280.04","c9be65e3-3e9a-4d8f-a38a-12a0b52a42ac","2021-11-23 10:21:02.623"
"ALB","285.740","1","286.450","1","42","280.04","f464f278-9e5d-4a1f-aaae-ce2aaf0329ff","2021-11-23 10:21:02.623"
"ALB","286.020","1","286.630","1","42","280.04","06bba66b-be2c-46e5-a183-aaa8d30a6be3","2021-11-23 10:21:02.623"
"ALB","285.310","1","286.290","1","42","280.04","5aa819cb-a9f2-4223-a1a4-e54bb5929010","2021-11-23 10:21:02.623"
"ALB","280.320","1","280.630","1","-42","280.63","4908a7bf-c057-457e-bad9-7962d3ef4a8c","2021-11-23 10:22:17.215"
"ALB","280.650","1","281.080","1","-42","281.09","f766cf81-16d3-43d0-a580-85b75d267800","2021-11-23 10:23:15.297"
"ALB","280.650","1","281.080","1","-42","281.09","12031d8a-d874-49c7-adfc-e65e4ea3b011","2021-11-23 10:23:15.297"
"ALB","280.650","1","281.080","1","-42","281.09","cba87c39-1d22-4ce7-9a65-94c2499e237b","2021-11-23 10:23:15.297"
"ALB","280.950","1","281.180","1","-42","281.18","71f447a7-72b7-4bee-bf9d-5da7dc5781c3","2021-11-23 10:24:02.749"
"ALB","280.950","1","281.180","1","-42","281.18","b4990e0b-157d-4728-a871-283df27af841","2021-11-23 10:24:02.749"
"ALB","280.950","1","281.180","1","-42","281.18","401bd9d2-0884-4415-a6c5-e280456ca3a9","2021-11-23 10:24:02.749"
"ALB","278.270","2","278.580","1","-42","278.58","075f2fe1-cba2-404e-b185-6c8f0822591c","2021-11-23 10:29:04.120"
"ALB","278.490","1","278.920","1","-42","278.93","4b33343a-72e1-41c4-84a8-3d6b4555d6a3","2021-11-23 10:30:50.923"
"ALB","278.490","1","278.920","1","-42","278.93","1a5febad-2a0c-4d10-8bc2-3b64d2fd80c6","2021-11-23 10:30:50.923"
"ALB","278.580","2","278.920","1","-42","278.93","dfe7c97d-c905-4bc3-aeb4-d6f5725c77d5","2021-11-23 10:30:50.923"
"ALB","272.820","1","273.000","87","43","273.00","d980a6d0-1176-4b7a-b57c-6be9a3a9c138","2021-11-23 11:04:40.006"
"ALB","272.560","1","272.990","1","-43","273.00","f360efbf-3896-40bb-9157-865befed39c0","2021-11-23 11:05:58.432"
"ALB","272.760","2","273.000","58","44","272.04","262c137d-cd28-4213-b81d-ffc10dee737e","2021-11-23 11:20:18.131"
"ALB","272.970","1","273.430","1","44","271.49","82a619c7-322f-42c0-b953-e490d72fd517","2021-11-23 11:20:56.285"
"ALB","272.570","2","273.040","4","44","271.49","158cb751-011f-4468-ace1-5e06ff62193d","2021-11-23 11:20:56.285"
"ALB","272.560","1","272.870","4","44","271.49","5ee061ae-af28-4a98-9637-bfd5962978ce","2021-11-23 11:20:56.285"
"ALB","272.280","1","272.850","1","44","271.49","33f566ab-2ccc-40c4-bd57-342097960646","2021-11-23 11:20:56.285"
"ALB","272.100","1","272.500","2","-44","272.50","6c1ab819-ed77-4963-b7fc-5618adad9e5e","2021-11-23 11:21:10.012"
"ALB","272.100","1","272.500","2","-44","272.50","5c695e9b-4f01-404a-86c2-0e7fb55cf09a","2021-11-23 11:21:10.012"
"ALB","272.100","1","272.500","2","-44","272.50","f4d28c72-d798-4f34-a149-87040d573954","2021-11-23 11:21:10.012"
"ALB","271.730","2","272.060","1","-44","272.07","eb34b493-4830-4f61-95b4-bee2cfa90c8e","2021-11-23 11:22:09.767"
"ALB","272.580","1","273.230","2","-44","273.27","3dbf4876-86fb-42f6-83a8-889d8f3f7f2b","2021-11-23 11:25:15.095"
"ALB","273.180","1","273.660","1","44","272.02","c38f3617-93b5-40eb-8c82-14d46f9c1105","2021-11-23 11:30:11.284"
"ALB","273.000","1","273.290","1","44","272.02","2fbcee0d-8f47-4f95-96ff-ce0616edf030","2021-11-23 11:30:11.284"
"ALB","272.720","2","273.130","1","44","272.02","57fdea54-a19d-48c2-b4db-5096d6c3f048","2021-11-23 11:30:11.284"
"ALB","272.740","1","273.100","1","44","272.02","b33f877f-90f5-4643-a111-ad6f14df34cb","2021-11-23 11:30:11.284"
"ALB","272.250","2","272.780","1","-44","272.78","afc9922b-b620-4155-92b6-2bebbc2633d8","2021-11-23 11:30:52.783"
"ALB","272.250","2","272.780","1","-44","272.78","3974fe06-2088-4305-8ee5-8877a69045e7","2021-11-23 11:30:52.783"
"ALB","272.690","1","273.150","1","-44","273.15","5823cb57-3922-4789-8998-d640de039a89","2021-11-23 11:31:10.621"
"ALB","272.690","1","273.240","1","-44","273.24","6e0b45aa-ed68-4b98-8ac1-e6e62a361f77","2021-11-23 11:31:24.421"
"ALB","273.000","2","273.510","1","44","272.31","d3f6214f-83ac-4cd8-9744-1aa81d65476e","2021-11-23 11:31:56.389"
"ALB","272.700","1","273.170","1","44","272.31","42053c40-ce53-4b9f-af85-6391fe88f4f7","2021-11-23 11:31:56.389"
"ALB","272.450","1","272.920","2","-44","272.92","98c4a6dc-abe7-4ba3-bdd1-e5eec4933578","2021-11-23 11:32:53.680"
"ALB","272.540","1","272.920","2","-44","272.92","a5a29e95-ae22-48cc-b877-6cccb849c6e7","2021-11-23 11:33:00.944"
"ALB","272.450","1","272.960","1","44","272.45","003f7fd9-8d7b-4222-bcd9-40da3a3e24d3","2021-11-23 11:34:15.045"
"ALB","271.710","2","272.500","2","-44","272.50","74bb0bda-4fee-4bc4-9668-b0b27333e52b","2021-11-23 11:35:26.294"
"ALB","272.830","1","273.420","1","44","271.95","93a18a7f-087d-48d1-a4bc-924f56fbc3fa","2021-11-23 11:44:31.989"
"ALB","272.870","1","273.410","1","44","271.95","a1570370-cbe3-4563-bbc4-e5b28896cc3d","2021-11-23 11:44:31.989"
"ALB","272.310","1","272.840","1","44","271.95","d6933924-90ad-4ed8-a95f-c446adc37f34","2021-11-23 11:44:31.989"
"ALB","272.650","1","273.130","1","44","271.76","ae1f68b5-2cff-4433-9d52-e1474a1f05f9","2021-11-23 11:44:33.080"
"ALB","272.650","1","273.250","2","44","271.76","f1e94dfa-7b9a-4172-ba66-5d836d54c802","2021-11-23 11:44:33.080"
"ALB","272.650","2","273.260","2","44","271.76","1b1518d8-3384-4c54-9df5-11c99535c973","2021-11-23 11:44:33.080"
"ALB","272.660","1","273.260","2","44","271.76","e84b488e-d8bf-402f-9516-18d3a630c3a0","2021-11-23 11:44:33.080"
"ALB","273.070","1","273.650","2","44","271.76","77029570-3d59-4778-8dbf-5b842e043696","2021-11-23 11:44:33.080"
"ALB","273.070","1","273.650","2","44","271.76","771baef8-d51f-4c84-843f-fed61e076f97","2021-11-23 11:44:33.080"
"ALB","272.780","2","273.440","2","44","271.76","3d3505ff-3038-4f64-8532-f1a66dcfb31e","2021-11-23 11:44:33.080"
"ALB","272.930","2","273.430","1","44","271.76","8c433fe6-834d-4072-8d0f-53ffeedf6e66","2021-11-23 11:44:33.080"
"ALB","272.930","2","273.430","1","44","271.76","44dbbab1-83c4-491b-8ad4-917c26a1d108","2021-11-23 11:44:33.080"
"ALB","273.020","1","273.430","1","44","271.76","bf119612-c5be-452c-9730-b8e5d406054d","2021-11-23 11:44:33.080"
"ALB","273.010","2","273.420","1","44","271.76","8e4b7860-53c2-47c9-90d2-b76afe35543c","2021-11-23 11:44:33.080"
"ALB","272.800","2","273.210","2","44","271.76","420990ac-f4bd-4789-8d9e-db838505fa59","2021-11-23 11:44:33.080"
"ALB","273.110","1","273.440","1","44","271.76","5fad4bdc-506f-4c4b-8ec8-8914c0a5e66c","2021-11-23 11:44:33.080"
"ALB","272.700","1","273.210","1","44","271.50","4e5c8fe5-f465-461e-8afb-a8f4d66a1c56","2021-11-23 11:44:48.559"
"ALB","272.730","1","273.210","1","44","271.50","96992d5a-23ca-4bb4-a702-04402bdff695","2021-11-23 11:44:48.559"
"ALB","272.740","1","273.340","2","44","271.50","56176602-97d9-49ad-b60c-b20ceeaf5a10","2021-11-23 11:44:48.559"
"ALB","272.760","2","273.180","1","44","271.50","2b6581c2-d410-42de-9d48-675251ba0ab6","2021-11-23 11:44:48.559"
"ALB","273.060","1","273.640","2","44","271.50","7390a6ab-783c-4c36-a61e-036a09f2699e","2021-11-23 11:44:48.559"
"ALB","273.430","1","273.850","2","44","271.50","464c5bb7-3442-4a38-8ec2-74b51f163e98","2021-11-23 11:44:48.559"
"ALB","273.470","1","273.980","1","44","271.50","85a72779-867d-4f60-921a-333504a26315","2021-11-23 11:44:48.559"
"ALB","273.480","1","273.980","1","44","271.50","8bfdae89-973d-48dd-8f19-a2e7ce54c34c","2021-11-23 11:44:48.559"
"ALB","273.750","2","274.360","1","44","271.50","37415cd4-23ad-4813-ba42-512c618e1cfc","2021-11-23 11:44:48.559"
"ALB","273.550","1","274.350","1","44","271.50","d154e776-088e-4e1d-87b3-697ff7dae63d","2021-11-23 11:44:48.559"
"ALB","273.540","2","274.350","2","44","271.50","b344724b-fc72-40d5-902b-a2b208e98bc9","2021-11-23 11:44:48.559"
"ALB","273.680","1","274.340","1","44","271.50","80b00e78-45a9-4280-8d3e-2fafe7404a50","2021-11-23 11:44:48.559"
"ALB","271.480","2","271.950","1","-44","271.95","f9aa7fcf-9cab-4907-9efc-d2ae1469ef8f","2021-11-23 11:45:04.770"
"ALB","271.480","2","271.950","1","-44","271.95","dc881259-5811-4bc5-9ee2-902579e7149b","2021-11-23 11:45:04.770"
"ALB","271.480","2","271.950","1","-44","271.95","83f0c398-fc96-4e62-a871-7d227f62a8c8","2021-11-23 11:45:04.770"
"ALB","271.480","2","271.950","1","-44","271.95","c98a9dfa-baa7-49e8-a1ad-3f91b61cdaaa","2021-11-23 11:45:04.770"
"ALB","271.480","2","271.950","1","-44","271.95","90dd4849-1e02-43a4-b36b-74fc5f153689","2021-11-23 11:45:04.770"
"ALB","271.480","2","271.950","1","-44","271.95","fc285132-f489-4a3a-b242-bcaf599ac9bb","2021-11-23 11:45:04.770"
"ALB","271.480","2","271.950","1","-44","271.95","fa26f45e-df9b-480f-b494-ab463212d788","2021-11-23 11:45:04.770"
"ALB","271.480","2","271.950","1","-44","271.95","f0332573-1655-462b-a962-0272adedce9c","2021-11-23 11:45:04.770"
"ALB","271.480","2","271.950","1","-44","271.95","5191b026-6704-4b6e-8c33-f1fa5f3bb585","2021-11-23 11:45:04.770"
"ALB","271.480","2","271.950","1","-44","271.95","fd6ae7de-f4e4-491e-a4d8-3457acf8e52e","2021-11-23 11:45:04.770"
"ALB","271.680","1","272.300","1","-44","272.30","7a9decf6-12b1-4562-9b30-f5ebe14beb9a","2021-11-23 11:45:41.853"
"ALB","271.680","1","272.300","1","-44","272.30","ddf13648-fe98-48f9-9680-2ee3758a0ba1","2021-11-23 11:45:41.853"
"ALB","271.680","1","272.300","1","-44","272.30","b53e8220-b4c7-48b4-b72f-9559eac05352","2021-11-23 11:45:41.853"
"ALB","271.680","1","272.300","1","-44","272.30","34c63200-b9cc-4524-83ce-d39fcb603f09","2021-11-23 11:45:41.853"
"ALB","271.680","1","272.300","1","-44","272.30","c8a9f2f7-4e15-4022-8d56-52e6c115eb61","2021-11-23 11:45:41.853"
"ALB","271.680","1","272.300","1","-44","272.30","ba6c2872-4eb1-4859-99d9-84379ca9df49","2021-11-23 11:45:41.853"
"ALB","271.860","2","272.800","1","-44","272.80","f88b1794-ca08-4f5b-813b-b8c28dd1bf0f","2021-11-23 11:46:00.373"
"ALB","271.860","2","272.800","1","-44","272.80","60ee3568-7ed7-41cd-ab53-24c3283b2994","2021-11-23 11:46:00.373"
"ALB","271.860","2","272.800","1","-44","272.80","97fe63ae-31b8-4455-8794-b6991d932227","2021-11-23 11:46:00.373"
"ALB","272.540","2","272.760","2","-44","272.76","36df23f6-b2f5-483d-89b2-9ef0eb109c98","2021-11-23 11:47:08.811"
"ALB","272.540","2","272.760","2","-44","272.76","96ad3259-46f8-47a1-abc8-a2643e8fd07c","2021-11-23 11:47:08.811"
"ALB","272.540","2","272.760","2","-44","272.76","b7434db2-af98-47fc-949b-01154caaa674","2021-11-23 11:47:08.811"
"ALB","272.650","1","272.800","1","-44","272.80","4e016afe-353c-47f1-a3c9-8908ae3a4820","2021-11-23 11:47:10.492"
"ALB","272.650","1","272.800","1","-44","272.80","ea0391df-f6bc-4635-b5ad-2d250ed54f24","2021-11-23 11:47:10.492"
"ALB","272.650","1","272.800","1","-44","272.80","b42fedea-f382-45c3-bedd-1e285d399c69","2021-11-23 11:47:10.492"
"ALB","272.690","2","273.190","1","-44","273.25","fe1a40e7-0034-492b-9ba4-9edcecf9e560","2021-11-23 11:47:24.794"
"ALB","272.690","2","273.190","1","-44","273.25","efa9f9ac-7903-4f43-996a-6d9b27911853","2021-11-23 11:47:24.794"
"ALB","272.700","2","273.250","2","-44","273.25","77419cb5-f8db-499d-b252-8438bb3aa690","2021-11-23 11:47:32.542"
"ALB","272.670","2","273.080","1","44","272.01","fb95aad6-fe5d-4bff-acc9-ed2abad67599","2021-11-23 12:02:28.420"
"ALB","272.690","2","273.080","1","44","272.01","3f6ea8e8-9d37-426a-ae80-4e641f0b37da","2021-11-23 12:02:28.420"
"ALB","272.690","2","273.070","1","44","272.01","8a2fa59c-5b82-4889-94bc-8b1de440e5c4","2021-11-23 12:02:28.420"
"ALB","272.000","2","272.280","2","-44","272.28","57686789-a321-48ba-a80b-2563a3e075f6","2021-11-23 12:04:00.569"
"ALB","272.000","2","272.280","2","-44","272.28","036cf9ef-f1a9-40cf-9861-17072c632dc6","2021-11-23 12:04:00.569"
"ALB","272.010","1","272.280","2","-44","272.28","0f3619eb-ec68-41aa-ad78-071f76ca4f1b","2021-11-23 12:04:00.569"
"ALB","272.410","2","272.810","1","43","272.81","7776ae9f-2f65-4b2a-9628-f995c967337d","2021-11-23 12:09:20.006"
"ALB","273.290","1","273.630","2","-43","273.63","1a33d92e-1750-41c2-8775-fac26d8e608a","2021-11-23 12:11:54.377"
"ALB","274.570","2","275.000","2","43","274.41","47b8f94a-821c-4b08-822a-b4b86a307db2","2021-11-23 12:51:20.067"
"ALB","274.690","2","275.000","1","43","274.41","0ff30490-f193-4043-8d7e-475f535f49bf","2021-11-23 12:51:20.067"
"ALB","275.060","1","275.410","2","43","274.41","168ac9ee-8319-4438-aa16-9b4c2f8a50a6","2021-11-23 12:51:20.067"
"ALB","275.060","2","275.420","2","43","274.41","a09f1f1a-a4d0-44e3-bbbf-3fbb9028dd3a","2021-11-23 12:51:20.067"
"ALB","274.880","1","275.200","1","43","274.41","dea043fa-1ffe-46c7-ad5b-f2afd06577e8","2021-11-23 12:51:20.067"
"ALB","274.880","1","275.200","1","43","274.41","75d451a5-52a2-46b9-aa90-b86e9d63b544","2021-11-23 12:51:20.067"
"ALB","274.880","1","275.190","1","43","274.41","8db5afeb-bfbd-4282-b309-181f6414d9f4","2021-11-23 12:51:20.067"
"ALB","274.380","1","274.830","2","43","274.01","5ba8d43e-ad48-4f1b-a2e2-be5425970c90","2021-11-23 12:54:42.843"
"ALB","274.390","1","274.830","1","43","274.01","95207327-c593-4ab8-9598-c67b836002d6","2021-11-23 12:54:42.843"
"ALB","274.720","1","275.070","3","43","273.88","26fbccb4-75bb-4ee8-a842-36fff75b6f54","2021-11-23 12:54:50.710"
"ALB","274.720","1","275.060","3","43","273.88","6a5cf7a7-9f41-409a-8ebb-34b91deecffc","2021-11-23 12:54:50.710"
"ALB","274.580","1","274.960","2","43","273.86","f50cdc8d-808f-447a-ad07-f645b09ec0a4","2021-11-23 12:54:52.018"
"ALB","274.580","1","274.960","2","43","273.86","67dc8c67-4dbc-430f-8b9d-879110e9d919","2021-11-23 12:54:52.018"
"ALB","274.680","1","275.160","1","43","273.86","2dc0a69f-d544-46ce-9fd4-2837f15bb6c7","2021-11-23 12:54:52.018"
"ALB","273.750","1","274.060","1","-43","274.06","f2ed3ea8-673a-4fdd-a735-dd44e770c084","2021-11-23 12:55:20.681"
"ALB","273.740","1","274.010","1","-43","274.01","6738fea0-1d9f-4429-ae48-b6280f61fcae","2021-11-23 12:56:06.612"
"ALB","273.740","1","274.010","1","-43","274.01","d60ebc33-4e62-4fb3-a37a-a8daaf9e3df6","2021-11-23 12:56:06.612"
"ALB","273.740","1","274.010","1","-43","274.01","82f3daf3-6cce-41af-bfe0-6be6aa78809a","2021-11-23 12:56:06.612"
"ALB","273.740","1","274.010","1","-43","274.01","44cd823f-2153-497e-9c66-8cbacab6cc9e","2021-11-23 12:56:06.612"
"ALB","273.770","1","274.010","1","-43","274.01","9738da81-de56-4412-8df4-ec39db08ca96","2021-11-23 12:56:06.612"
"ALB","273.770","1","274.010","1","-43","274.01","2181f10a-9fe0-4833-b940-45432d6e8ea4","2021-11-23 12:56:06.612"
"ALB","273.770","1","274.010","1","-43","274.01","b01892db-ab6f-4b56-b72a-9ac55174b96d","2021-11-23 12:56:06.612"
"ALB","273.770","1","274.010","1","-43","274.01","f53ad8ad-724b-4dbd-8ae0-5bda288f3f54","2021-11-23 12:56:06.612"
"ALB","273.770","1","274.010","1","-43","274.01","21ccf10c-8457-40a9-822a-159bb6bcfd3f","2021-11-23 12:56:06.612"
"ALB","273.750","1","274.060","1","-43","274.06","634f4f75-4b67-48b5-a7c4-e61bc421e1eb","2021-11-23 12:56:56.419"
"ALB","273.750","1","274.060","1","-43","274.06","4bb7eb40-035f-4434-82c5-e29c60f44ad0","2021-11-23 12:57:00.904"
"ALB","273.750","1","274.060","1","-43","274.06","0d0d94fd-b906-4fa5-913f-ce924801dcf9","2021-11-23 12:57:00.904"
"ALB","274.820","1","275.110","3","43","273.21","786548b1-5c80-4071-97b8-263e3977cac2","2021-11-23 12:57:25.003"
"ALB","274.400","2","274.680","3","43","273.21","cca04a0c-97c2-4080-8852-5c46139720c7","2021-11-23 12:57:25.003"
"ALB","272.960","1","273.260","7","-43","273.30","1e792e0c-6ec9-4e39-b5f5-86977d0979bc","2021-11-23 12:59:59.778"
"ALB","272.960","1","273.260","7","-43","273.30","a64c784d-b68a-4276-842f-c3f1a8dd606d","2021-11-23 12:59:59.778"
"ALB","273.180","1","273.460","2","-43","273.46","8f0ee905-3a2e-48b0-9356-3cf24c638fac","2021-11-23 13:00:02.172"
"ALB","272.910","1","273.160","2","43","273.16","bbd5334e-293b-42e2-ac9a-36be69df7b2b","2021-11-23 13:16:10.006"
"ALB","273.080","2","273.520","1","44","272.17","129cc6a4-75ab-4dfa-b362-be44b7e69ff8","2021-11-23 13:17:53.364"
"ALB","273.080","3","273.520","1","44","272.17","a715c848-7e5a-489a-a78c-0adf39d6733b","2021-11-23 13:17:53.364"
"ALB","273.100","3","273.520","1","44","272.17","375a4735-c1cc-4e76-a8e4-5764201c3cd1","2021-11-23 13:17:53.364"
"ALB","272.720","1","273.150","2","44","272.04","fcc1d0c9-9fe4-4005-8a7d-66ad1b86bfd6","2021-11-23 13:19:36.048"
"ALB","272.980","3","273.430","1","44","272.04","92b6f0de-62f7-4b6d-9015-41c70dcb4079","2021-11-23 13:19:36.048"
"ALB","271.860","1","272.080","3","-44","272.08","fbcda89b-dc21-4b18-8960-4437c6af94b6","2021-11-23 13:19:50.447"
"ALB","271.860","1","272.080","3","-44","272.08","a72a8ec2-7b5f-48fd-999d-31e40a90c0ad","2021-11-23 13:19:50.447"
"ALB","271.860","2","272.120","2","-43","272.12","7546c679-5e75-4594-bbd0-ca88b1a147ec","2021-11-23 13:20:02.985"
"ALB","272.040","1","272.260","2","-44","272.26","2d765307-0bfc-4f88-8960-8053be3b65cc","2021-11-23 13:20:22.839"
"ALB","272.040","1","272.260","2","-44","272.26","9cd8bd23-c2c7-47be-9cf0-c549179d36ca","2021-11-23 13:20:22.839"
"ALB","272.050","1","272.260","2","-44","272.26","f8c11b94-961b-4693-86fc-5ee75e5e774e","2021-11-23 13:20:22.839"
"ALB","272.370","1","273.080","3","44","271.79","7d47381c-28f2-497c-8f46-f8e9197f07ba","2021-11-23 13:34:01.596"
"ALB","272.520","3","272.960","1","44","271.79","d86d084d-60c3-4da3-a35d-afca4088f333","2021-11-23 13:34:01.596"
"ALB","272.710","1","273.530","1","44","271.69","66c481f3-22f2-4dd5-ae3c-818c0539db08","2021-11-23 13:34:01.607"
"ALB","272.850","1","273.510","1","44","271.69","1be03a4f-2956-4ae2-aaab-471eff2a02a2","2021-11-23 13:34:01.607"
"ALB","273.030","1","273.510","1","44","271.69","d3fc5ee9-04a8-492b-8e46-fa7f0d6509e0","2021-11-23 13:34:01.607"
"ALB","272.140","2","272.560","2","44","271.69","a20afb06-24bf-4948-9fba-40f05e8df826","2021-11-23 13:34:01.607"
"ALB","271.850","2","272.090","1","-44","272.09","8abe7fed-c96a-435f-aaf4-337308b00ca5","2021-11-23 13:35:11.645"
"ALB","271.850","2","272.090","1","-44","272.09","b0d219d6-f1a6-4f2d-8d7b-8ec22e4fc792","2021-11-23 13:35:11.645"
"ALB","271.850","2","272.090","1","-44","272.09","ade6ccda-83bc-46cc-b539-ece310058033","2021-11-23 13:35:11.645"
"ALB","271.670","1","271.910","1","-44","271.91","85c28c59-6339-414f-aa98-19474bccac94","2021-11-23 13:35:59.095"
"ALB","271.850","2","272.090","1","-44","272.09","50b5fe86-e3eb-49bc-904a-03f5f59d9593","2021-11-23 13:37:20.157"
"ALB","271.850","2","272.090","1","-44","272.09","55e7b194-a87e-4f71-a770-bf8a94ee99b8","2021-11-23 13:37:20.157"
"ALB","272.280","2","272.600","2","44","271.76","c25c1149-065c-4d17-a0a4-0c712bb7bc2b","2021-11-23 13:58:58.853"
