"Symbol","Bid","Bid Sz","Ask","Ask Sz","Shares","Price","Order ID","Timestamp"
"AA","62.310","1","62.390","11","2","61.84","ce76d15e-6685-4211-8081-97a3a82ee15b","2022-01-26 10:16:10.464"
"AA","62.420","2","62.490","1","2","61.84","a884ea55-17df-4655-a594-d402de999080","2022-01-26 10:16:10.464"
"AA","62.330","2","62.400","1","2","61.82","0df3e784-4244-419d-965e-d3f501dad1e1","2022-01-26 10:16:11.363"
"AA","62.380","1","62.440","5","2","61.82","f3b3577d-1fb2-4bb6-8bfc-e529f2503ff1","2022-01-26 10:16:11.363"
"AA","61.880","8","61.910","2","-2","61.91","e2740be5-3979-4e13-9e06-0f3d0d1f62f5","2022-01-26 10:16:33.331"
"AA","61.880","8","61.910","2","-2","61.91","c5526a4c-d2d5-4093-993f-b02ebc43c131","2022-01-26 10:16:33.331"
"AA","61.910","1","61.950","3","-2","61.95","2ce51348-9a4e-4c8e-bfa0-a316ca598b7c","2022-01-26 10:16:45.844"
"AA","61.960","1","62.000","1","-2","62.00","5eea3f35-feff-44e6-b903-a15a0f097dde","2022-01-26 10:16:51.036"
"AA","62.380","7","62.400","1","2","62.29","921d021a-e7fa-4fbd-a5f6-cd5d424bef94","2022-01-26 10:24:16.444"
"AA","62.350","3","62.410","1","-2","62.42","f45c9db6-c2ac-43a1-832c-d2843c08e527","2022-01-26 10:24:43.010"
"AA","62.510","9","62.560","5","2","62.15","722426e4-33f1-4444-b289-04f61585840c","2022-01-26 10:25:28.135"
"AA","62.440","9","62.510","3","2","62.15","3694cf83-9928-4e7a-a0b9-6dda953d5333","2022-01-26 10:25:28.135"
"AA","62.490","3","62.540","1","2","62.15","5180334f-c498-4763-a573-88f5cdb6475b","2022-01-26 10:25:28.135"
"AA","62.440","1","62.480","2","2","62.15","de27bda1-b558-443f-929b-ff6418a784a2","2022-01-26 10:25:28.135"
"AA","62.420","9","62.470","2","2","62.02","7c0e16cf-14f0-4b19-ba69-4a1e34527868","2022-01-26 10:25:40.347"
"AA","62.540","1","62.580","1","2","62.02","ebe10ccf-5525-4932-8b70-6dbc483a25ad","2022-01-26 10:25:40.347"
"AA","62.020","2","62.080","3","-2","62.09","f36bd39a-0f49-4aec-ac06-9d8bf849f5ba","2022-01-26 10:25:43.483"
"AA","62.020","2","62.080","3","-2","62.09","cb56d4b7-1f09-4a3e-a700-94d8afcc07e4","2022-01-26 10:25:43.483"
"AA","62.080","1","62.140","1","-2","62.15","1b644d99-1e4a-4508-a763-ea2f3022ebd6","2022-01-26 10:25:52.257"
"AA","62.080","2","62.140","2","-2","62.14","aa15e733-6359-4f4b-af9a-8022b5aa421b","2022-01-26 10:26:04.055"
"AA","62.080","2","62.140","2","-2","62.14","b223dd19-f90f-499c-9d46-cdda93922ebe","2022-01-26 10:26:04.055"
"AA","62.110","3","62.160","1","-2","62.16","f9bdf9fe-bc69-48a6-802d-06dcd7856c5b","2022-01-26 10:26:10.420"
"AA","62.600","3","62.630","2","2","61.92","7129b71a-f993-4293-86b4-db5df0ebbea1","2022-01-26 10:27:11.444"
"AA","62.700","1","62.710","1","2","61.92","e94e3290-834b-46b5-938f-34d18a29736d","2022-01-26 10:27:11.444"
"AA","62.530","1","62.570","1","2","61.92","ebd21f73-1f98-48f4-8fd7-e42879ba8f40","2022-01-26 10:27:11.444"
"AA","62.460","1","62.510","1","2","61.92","bf1f8c0e-eaf4-4314-aa36-fe7be40ba13e","2022-01-26 10:27:11.444"
"AA","62.480","1","62.530","1","2","61.92","2bdfa464-533a-450f-869b-9f840478c45d","2022-01-26 10:27:11.444"
"AA","62.500","4","62.560","1","2","61.92","6170fe9f-63a4-4147-87c8-8bc1f19c17e4","2022-01-26 10:27:11.444"
"AA","62.490","1","62.550","5","2","61.92","7bd6ce8b-d351-4997-a2b9-20d68cb19cd7","2022-01-26 10:27:11.444"
"AA","61.960","6","62.010","4","-2","62.01","b28d64d6-1f4e-459f-99f9-561baf5d8a2d","2022-01-26 10:27:31.613"
"AA","61.960","6","62.010","4","-2","62.01","43001cbb-edba-4fcc-ad25-cdce39899046","2022-01-26 10:27:31.613"
"AA","61.960","6","62.010","4","-2","62.01","ed4c2d55-7682-4cc5-8791-a23a8f5186d9","2022-01-26 10:27:31.613"
"AA","61.960","6","62.010","4","-2","62.01","bfe30c96-6258-4cef-ae5a-46f9dedfb03e","2022-01-26 10:27:31.613"
"AA","62.200","4","62.220","1","2","61.77","dab32fea-a76e-4ba0-a381-dd3b6ad573c9","2022-01-26 10:28:01.238"
"AA","62.510","1","62.560","5","2","61.66","7351c9bc-4d35-478a-ab5c-da3b606f3195","2022-01-26 10:28:52.628"
"AA","61.620","1","61.660","2","-2","61.66","52401ec7-8d12-4567-a8e8-b578a8643f5e","2022-01-26 10:29:06.132"
"AA","61.660","8","61.710","2","-2","61.71","81c3a67e-54d5-4ed5-a739-6b8e3b92b0d5","2022-01-26 10:29:21.209"
"AA","61.700","1","61.740","1","-2","61.74","88fe787a-992f-4078-bd0a-36833674e8aa","2022-01-26 10:29:33.239"
"AA","61.700","1","61.740","1","-2","61.74","3cb1c0cd-daf7-43f3-aec1-ae8da41940ab","2022-01-26 10:29:33.239"
"AA","61.540","1","61.600","4","-2","61.60","b3ec6b95-f756-41c1-8046-f799f2d9cc48","2022-01-26 10:30:29.156"
"AA","62.010","1","62.060","1","2","62.06","d237ec92-8f7b-4d3b-8840-4b5c324e27b5","2022-01-26 10:41:00.006"
"AA","62.140","1","62.180","17","-2","62.18","7da629e5-9168-4f3e-bd31-cafa8d5f811a","2022-01-26 10:43:02.890"
"AA","61.980","25","62.030","2","2","61.61","85cf587b-507a-492a-8fc8-69f7e11bd58c","2022-01-26 10:50:58.591"
"AA","61.970","1","62.010","4","2","61.61","d9e50952-42d8-44a7-8e34-b4c21bbee5b9","2022-01-26 10:50:58.591"
"AA","61.410","1","61.460","2","-2","61.46","f1104c1b-eed7-428b-83d2-ea922cc39009","2022-01-26 10:54:33.366"
"AA","61.420","1","61.460","1","-2","61.46","6dddca9a-d061-4889-8d86-e94786167549","2022-01-26 10:55:51.024"
"AA","62.340","1","62.390","1","2","62.21","f2f23631-7609-468b-b23d-0a5e3325c9ed","2022-01-26 11:32:45.281"
"AA","62.380","1","62.400","1","2","62.21","9de9e30b-4a2a-471f-9f02-19b0f90ce1c5","2022-01-26 11:32:45.281"
"AA","62.330","1","62.380","2","2","62.21","5b99c8f7-3ed2-4a27-b2c1-a39e2b226fc8","2022-01-26 11:32:45.281"
"AA","62.140","2","62.180","1","-2","62.18","f801913e-c5da-429d-a69a-2ae1a8ccfcc2","2022-01-26 11:33:49.638"
"AA","62.160","1","62.180","4","-2","62.18","98b4bf18-85e9-41bb-91c4-78c3bc2f7e48","2022-01-26 11:33:50.452"
"AA","62.190","2","62.250","1","-2","62.27","26656528-43f8-473d-b691-1cabad87af9f","2022-01-26 11:33:54.971"
"AA","63.200","1","63.230","2","2","63.05","018783f4-bf6e-41fb-ba3e-57cce5049e36","2022-01-26 12:57:26.688"
"AA","63.210","5","63.230","2","2","63.05","16a74c22-d387-4b99-9f9f-1d476e7cdf79","2022-01-26 12:57:26.688"
"AA","63.220","2","63.230","1","2","63.03","a664d67a-2f01-4699-b5c2-5240be3476c2","2022-01-26 12:57:29.878"
"AA","63.210","1","63.230","2","2","63.03","787c811d-2ef3-42fd-b40e-8a5057670cac","2022-01-26 12:57:29.878"
"AA","63.190","1","63.210","1","2","63.03","d1922ecf-9ed0-4815-b532-5547ca91f192","2022-01-26 12:57:29.878"
"AA","63.260","1","63.280","5","2","63.01","348e716c-8646-4273-8d67-375dd0908219","2022-01-26 12:57:32.779"
"AA","63.270","1","63.290","2","2","63.01","fb38ab24-5f28-4290-ae16-89e5dccc44df","2022-01-26 12:57:32.779"
"AA","63.260","1","63.280","2","2","63.01","52c329b1-7528-496e-9da0-062258a4281b","2022-01-26 12:57:32.779"
"AA","63.190","2","63.210","11","2","63.01","5c2e2d68-4e10-4516-948b-3caf3bf2cab8","2022-01-26 12:57:32.779"
"AA","63.190","3","63.210","11","2","63.01","2bf150bf-8ffa-45e9-bda4-de69830923c8","2022-01-26 12:57:32.779"
"AA","63.220","1","63.240","1","2","62.98","2fbace7b-e684-466a-9893-ee82bcc153db","2022-01-26 12:57:53.174"
"AA","63.250","1","63.280","9","2","62.98","afadfe99-0ce9-48ea-8291-5c86b13fba6b","2022-01-26 12:57:53.174"
"AA","63.250","2","63.280","3","2","62.98","aad288a6-30a3-4ea9-8dd4-f0c7b838a91c","2022-01-26 12:57:53.174"
"AA","63.240","2","63.280","2","2","62.98","36e51dc3-036f-43dd-95c0-96b6678863ed","2022-01-26 12:57:53.174"
"AA","63.020","2","63.050","2","-2","63.05","709f1398-69ee-4b40-aeff-a67dc3c82267","2022-01-26 12:58:02.876"
"AA","63.020","2","63.050","2","-2","63.05","31c20cd7-2f25-45c9-8582-5f93284a3d60","2022-01-26 12:58:02.876"
"AA","63.020","2","63.050","2","-2","63.05","b14ca8be-8b6c-4285-87df-a5ccdac9e065","2022-01-26 12:58:02.876"
"AA","63.070","2","63.100","15","-2","63.10","1d5ab1e4-eee0-4137-b02e-bc89e88066af","2022-01-26 12:58:10.823"
"AA","63.070","2","63.100","15","-2","63.10","b2eb4468-0fb7-4f51-8cef-b4467e80c79c","2022-01-26 12:58:10.823"
"AA","63.070","2","63.100","15","-2","63.10","bb06d509-1df0-4e3e-ade3-a66c8bbdecbd","2022-01-26 12:58:10.823"
"AA","63.070","2","63.100","15","-2","63.10","d62264c5-b19c-4b6c-ac33-cea72b97af28","2022-01-26 12:58:10.823"
"AA","63.070","2","63.100","15","-2","63.10","4e31a5e6-6098-4239-8981-6222267a35b1","2022-01-26 12:58:10.823"
"AA","63.070","2","63.100","15","-2","63.10","e6166b48-478c-4e8f-8d9d-9dd8b2bc24a1","2022-01-26 12:58:10.823"
"AA","63.060","2","63.080","1","-2","63.08","d038a865-0529-490c-a353-f0dbce757c97","2022-01-26 12:58:30.641"
"AA","63.060","2","63.080","2","-2","63.09","a95113a7-d949-4da7-8aca-0e7451e8d154","2022-01-26 12:58:47.392"
"AA","63.060","2","63.080","2","-2","63.09","8023c9fa-ae73-4585-8d01-889962d12fc1","2022-01-26 12:58:47.392"
"AA","63.070","1","63.090","1","-2","63.09","eb13a19e-375a-4147-8867-cd0e6abab24a","2022-01-26 12:58:53.205"
"AA","63.060","2","63.090","4","-2","63.09","70bcf382-5392-484f-951e-04256e9384ce","2022-01-26 12:59:03.411"
"AA","62.690","1","62.710","1","2","62.71","382fa871-8351-42a0-bb2b-191a89edc5db","2022-01-26 13:16:40.006"
"AA","62.610","3","62.650","2","-2","62.65","d5893f65-c0b5-402d-a039-682f3f4f49ce","2022-01-26 13:19:28.768"
"AA","62.700","1","62.720","5","2","62.46","e0cc80d2-edd5-4445-88f9-91a4c380148c","2022-01-26 13:23:17.273"
"AA","62.440","1","62.460","1","-2","62.46","5f542130-bfe7-4578-84e8-457e19caf4a8","2022-01-26 13:23:30.904"
"AA","63.180","1","63.230","2","2","63.15","944fcaa1-b35c-4da5-9c93-548a18c2fc49","2022-01-26 13:58:52.888"
"AA","63.200","11","63.260","2","2","63.15","f9fe724a-d8bd-4e39-b909-0f5e943159a2","2022-01-26 13:58:52.888"
"AA","63.200","1","63.260","4","2","63.15","f6e05b38-ab96-4c59-bb59-e34b21c780cf","2022-01-26 13:58:52.888"
"AA","63.230","5","63.270","1","2","63.14","86d21f4a-14e3-4d68-943e-1035c31f3c32","2022-01-26 13:58:52.889"
"AA","63.290","2","63.320","1","2","63.04","697208fe-8cf1-4449-b2e6-ca164ffaf32e","2022-01-26 13:59:06.199"
"AA","63.290","2","63.320","1","2","63.04","775c354b-9d39-45c7-b3c2-baad3db7e745","2022-01-26 13:59:06.199"
"AA","63.290","2","63.320","2","2","63.04","d5f48d7a-db5c-4d96-9781-6c27a93ff64e","2022-01-26 13:59:06.199"
"AA","63.310","2","63.340","3","2","63.04","f2b61d7f-9f89-4c39-b91b-0bee715cec92","2022-01-26 13:59:06.199"
"AA","63.330","1","63.360","2","2","63.02","d9ba4d7a-1668-4e14-8383-a815c4475542","2022-01-26 13:59:12.617"
"AA","63.340","2","63.380","2","2","63.02","770302db-d312-48b1-a255-facb181d1cd4","2022-01-26 13:59:12.617"
"AA","63.020","3","63.090","3","-2","63.09","f3c9f24a-36a3-47a5-b587-cf9d83275ce3","2022-01-26 13:59:17.189"
"AA","63.020","3","63.090","3","-2","63.09","65bc6120-476b-4eeb-97dc-e34dabf2d54b","2022-01-26 13:59:17.189"
"AA","63.060","1","63.100","1","-2","63.10","ec3b327b-fff0-41a2-825e-9b4cfe410c2b","2022-01-26 13:59:20.456"
"AA","63.120","1","63.140","1","-2","63.16","80683eca-ff89-4818-b11e-18984ec02c87","2022-01-26 13:59:35.050"
"AA","63.160","1","63.250","5","-2","63.27","a2c02d88-de1d-4029-a1dd-25222e86b19f","2022-01-26 13:59:43.944"
"AA","63.160","1","63.250","5","-2","63.27","d5f34240-4d82-433a-bcbb-f7b3d9148f47","2022-01-26 13:59:43.944"
"AA","63.160","1","63.250","5","-2","63.27","c0bf9922-c84d-41f4-bdad-c74ffb78d513","2022-01-26 13:59:43.944"
"AA","63.160","3","63.240","1","-2","63.24","acb930e0-7513-4f13-8909-bfc9fc23cdec","2022-01-26 13:59:53.961"
"AA","63.160","3","63.240","1","-2","63.24","376d996b-d897-4fb4-8739-3753ef0fdf50","2022-01-26 13:59:53.961"
"AA","63.160","2","63.240","5","-2","63.24","ed23df9e-1796-4dfa-8eab-508311c2b445","2022-01-26 14:00:05.305"
"AA","63.500","2","63.550","2","2","63.16","403c2c6f-3363-43aa-95bc-63589c120dea","2022-01-26 14:03:33.966"
"AA","63.510","2","63.590","1","2","63.16","7c4418e4-f70c-4021-a87c-9b5073274007","2022-01-26 14:03:33.966"
"AA","63.410","1","63.510","10","2","63.16","0a54ec3d-8709-4682-b694-6ceea6455944","2022-01-26 14:03:33.966"
"AA","63.310","3","63.360","2","2","63.16","82732841-a0b2-43fb-975b-564ab6666771","2022-01-26 14:03:33.966"
"AA","63.270","2","63.340","1","-2","63.34","ebc7ed84-9f12-4e8b-a6d5-019152eed4ad","2022-01-26 14:03:50.210"
"AA","63.270","2","63.340","1","-2","63.34","10ec5e28-7e56-434f-84bd-a192282c2b78","2022-01-26 14:03:50.210"
"AA","63.050","2","63.090","1","-2","63.09","9c238d95-add7-45f1-bd57-4ab7e84a7506","2022-01-26 14:04:40.573"
"AA","63.100","1","63.150","1","-2","63.15","ff8b41f4-05b8-425e-b437-f2c060d83ec6","2022-01-26 14:05:53.485"
"AA","63.110","3","63.170","1","2","62.65","637943f6-c48e-4602-ac6f-710664f6fadc","2022-01-26 14:35:12.346"
"AA","63.070","1","63.110","1","2","62.65","3d250a0e-487b-4d43-a60e-89e1469d71c4","2022-01-26 14:35:12.346"
"AA","62.670","1","62.720","2","-2","62.72","fdc9add9-b987-4deb-b33c-4fe46869952e","2022-01-26 14:35:34.580"
"AA","62.700","1","62.760","1","-2","62.76","2c259128-7c5f-4358-8d57-fda475817e2b","2022-01-26 14:35:53.119"
"AA","63.130","4","63.190","2","2","62.63","3786c83f-499e-487b-8462-40e77a63faf3","2022-01-26 14:36:15.559"
"AA","63.230","1","63.290","1","2","62.63","b5abf156-9efd-453a-b0d1-4a21e87e6605","2022-01-26 14:36:15.559"
"AA","63.250","2","63.300","2","2","62.63","1a0346ea-a878-4bdb-954f-728a1bfa0a09","2022-01-26 14:36:15.559"
"AA","63.240","2","63.330","2","2","62.58","457a79fd-f7ed-4564-8928-72281606d14b","2022-01-26 14:36:36.529"
"AA","63.190","3","63.240","2","2","62.58","a0f962a9-d59e-4c9e-80c8-4288a95fe24a","2022-01-26 14:36:36.529"
"AA","63.140","1","63.200","2","2","62.58","c00056d6-2781-42d7-9e52-65496d13c81c","2022-01-26 14:36:36.529"
"AA","63.110","3","63.160","1","2","62.58","1d76dc6e-4168-420e-9c07-cc5a1b9d840a","2022-01-26 14:36:36.529"
"AA","63.020","2","63.080","1","2","62.58","60f0ee44-a0a1-4450-9ab8-419c48668575","2022-01-26 14:36:36.529"
"AA","63.070","1","63.140","2","2","62.58","965ee688-35b7-4686-8e2b-70c2377b87f2","2022-01-26 14:36:36.529"
"AA","62.650","1","62.730","1","-2","62.73","f01abf39-cf3b-4705-9339-4efa9e9f025c","2022-01-26 14:37:03.723"
"AA","62.650","1","62.730","1","-2","62.73","4b470fe5-b7b3-4e3a-85b4-a68cd3a4375a","2022-01-26 14:37:03.723"
"AA","62.650","1","62.730","1","-2","62.73","f18b2c94-2798-4e1d-977b-dae21c31c52e","2022-01-26 14:37:03.723"
"AA","62.650","1","62.730","1","-2","62.73","d9dfe7ea-14aa-410c-bca5-46b15f8ffb07","2022-01-26 14:37:03.723"
"AA","62.650","1","62.730","1","-2","62.73","0652113e-86ba-460d-956f-55bd041b00bc","2022-01-26 14:37:03.723"
"AA","62.750","2","62.820","2","-2","62.82","80c693bf-01c8-4bd0-b690-f9645e307ddb","2022-01-26 14:37:10.913"
"AA","62.750","2","62.820","2","-2","62.82","6111864b-e1d0-4fbb-8bec-604570da577a","2022-01-26 14:37:10.913"
"AA","62.740","1","62.840","6","-2","62.84","7e5b8149-017a-448b-b121-1db696a36569","2022-01-26 14:37:20.865"
"AA","62.810","2","62.880","2","-2","62.93","d6f1dd7e-d340-4260-a712-7579de237eb3","2022-01-26 14:38:17.853"
"AA","62.880","1","62.950","1","2","62.77","a9c15d0e-574e-43c5-8b0f-2246d7801b1a","2022-01-26 14:43:00.443"
"AA","63.190","3","63.260","3","2","62.72","908e074f-4f0b-435b-9e4b-9d8c181f8e66","2022-01-26 14:43:01.855"
"AA","63.140","1","63.210","1","2","62.72","98e34999-f630-4ae8-9932-f1c8398f0a0a","2022-01-26 14:43:01.855"
"AA","63.210","1","63.280","3","2","62.72","14206825-3bd5-4652-aa9c-bf282f8fbb43","2022-01-26 14:43:01.855"
"AA","63.010","1","63.100","1","2","62.72","aeaf3f04-1957-4d69-ac41-5317852f5fde","2022-01-26 14:43:01.855"
"AA","62.950","1","63.090","10","2","62.72","4c1cbe56-750b-4a4f-9666-9e538bd9c768","2022-01-26 14:43:01.855"
"AA","63.060","1","63.130","1","2","62.72","52acbd95-a7d5-4fac-919d-948ca38b53dc","2022-01-26 14:43:01.855"
"AA","63.070","2","63.180","3","2","62.72","6b4287f7-a8c5-4661-bcea-dc90b1c1c242","2022-01-26 14:43:01.855"
"AA","63.070","2","63.170","2","2","62.72","e113d7ee-13ea-4b72-8903-65bee1b0de70","2022-01-26 14:43:01.855"
"AA","62.940","2","63.000","1","2","62.72","af2f7e61-1c71-4ab5-8f6f-9eff75e8d1de","2022-01-26 14:43:01.855"
"AA","63.130","1","63.180","2","2","62.68","c28fc059-0808-41f6-9dbb-30508396cd29","2022-01-26 14:43:01.857"
"AA","63.270","3","63.360","1","2","62.68","0439f24f-b97e-42b8-a155-3586d8b53bc4","2022-01-26 14:43:01.857"
"AA","63.230","2","63.310","1","2","62.68","2c26938f-763c-4885-be92-187deef8d4cb","2022-01-26 14:43:01.857"
"AA","63.180","4","63.270","1","2","62.68","98082e66-9a6c-4297-ad0b-9f02018ab5a3","2022-01-26 14:43:01.857"
"AA","62.660","1","62.730","2","-2","62.73","9bc0908d-557f-4d0b-82b9-69fdb2721553","2022-01-26 14:43:21.760"
"AA","62.660","1","62.730","2","-2","62.73","83a091b8-2d54-47f5-9b07-6c1337cc8a24","2022-01-26 14:43:21.760"
"AA","62.660","1","62.730","2","-2","62.73","ec70d0a2-704d-44b7-bbd5-a513ec0c5910","2022-01-26 14:43:21.760"
"AA","62.660","1","62.730","2","-2","62.73","9926e25e-a4e1-4d00-a15f-4979dd65a944","2022-01-26 14:43:21.760"
"AA","62.660","1","62.730","2","-2","62.73","f565d2a1-9b62-49fb-aeed-5ed96aa06d71","2022-01-26 14:43:21.760"
"AA","62.660","1","62.730","2","-2","62.73","6f2c2960-4c9e-4d3d-b827-a4b7daf33d4f","2022-01-26 14:43:21.760"
"AA","62.660","1","62.730","2","-2","62.73","60c66479-c8b8-4b76-8f48-3f50a6e82c87","2022-01-26 14:43:21.760"
"AA","62.620","1","62.660","6","-2","62.70","d1258aa5-598e-4453-ae49-45beecd4fcaa","2022-01-26 14:43:37.813"
"AA","62.620","1","62.660","6","-2","62.70","3a6490bc-4765-44ed-9824-3d4d9eea1e1c","2022-01-26 14:43:37.813"
"AA","62.620","1","62.660","6","-2","62.70","2626209f-046c-4777-85a0-64c601f2c3b6","2022-01-26 14:43:37.813"
"AA","62.620","1","62.660","6","-2","62.70","29468457-3528-476d-8a8a-4b1d1ab89c68","2022-01-26 14:43:37.813"
"AA","62.620","2","62.700","5","-2","62.71","e23136e1-d410-43b7-8e74-3a2eb1894712","2022-01-26 14:43:47.912"
"AA","62.620","2","62.700","5","-2","62.71","a1523ebc-91aa-46db-afc2-a287c59e3c98","2022-01-26 14:43:47.912"
"AA","62.700","1","62.760","5","-2","62.77","a0eb0e74-dcb6-44fa-a16c-8b15059f485b","2022-01-26 14:43:52.499"
"AA","63.030","1","63.100","1","2","62.50","6256dce8-62e6-4233-957a-453bd1c62153","2022-01-26 14:44:59.816"
"AA","62.260","1","62.310","2","-2","62.31","44bbecec-5c8c-42c8-843e-ff2e8d9ef831","2022-01-26 14:45:30.616"
"AA","61.810","1","61.860","1","2","60.90","487b9235-64c6-4bb0-bb97-11f2a23c204f","2022-01-26 15:07:22.922"
"AA","61.780","1","61.820","1","2","60.90","8934eed3-672e-4a8c-9520-97a36fa725e5","2022-01-26 15:07:22.922"
"AA","60.970","1","61.020","2","-2","61.02","e03e33c6-a02d-4ef0-b9e7-1a03f7b84771","2022-01-26 15:07:40.271"
"AA","60.820","2","60.900","1","-2","60.91","91ce250d-9e38-4a11-973d-51b4cfb9e956","2022-01-26 15:08:26.520"
"AA","62.120","1","62.200","1","2","60.26","8ea12fb7-9ae8-41d0-9f7b-84b30f6fb11e","2022-01-26 15:20:58.587"
"AA","62.230","8","62.290","10","2","60.26","00880707-962a-405e-be7f-0fe2a82700a6","2022-01-26 15:20:58.587"
"AA","62.210","8","62.290","2","2","60.26","c6ddd594-a94e-4642-b04d-41fecbbcbc16","2022-01-26 15:20:58.587"
"AA","62.230","1","62.280","20","2","60.26","77166441-cc4c-4e36-8a66-9b9495370f61","2022-01-26 15:20:58.587"
"AA","62.110","1","62.200","1","2","60.26","ae8c4831-6204-4945-9df1-50d5fec6c667","2022-01-26 15:20:58.587"
"AA","62.120","1","62.190","1","2","60.26","f5b38001-093e-400f-bd40-199cf39a349f","2022-01-26 15:20:58.587"
"AA","62.130","4","62.180","2","2","60.26","fb12dd7a-caf1-433b-82c5-75ba1ca56490","2022-01-26 15:20:58.587"
"AA","62.070","1","62.120","2","2","60.26","346f6720-6054-4b03-a4de-19692334a21a","2022-01-26 15:20:58.587"
"AA","61.990","1","62.050","1","2","60.26","60b11a6e-99d4-44fa-b43e-4f70aaac8950","2022-01-26 15:20:58.587"
"AA","60.290","2","60.350","1","-2","60.37","e198d9c0-3d23-451c-a066-ceef278a4053","2022-01-26 15:21:10.179"
"AA","60.290","2","60.350","1","-2","60.37","05930e11-0fd7-4897-9988-914c0a12efc7","2022-01-26 15:21:10.179"
"AA","60.290","2","60.350","1","-2","60.37","f4640b53-c2b3-4feb-9e5b-a1024a463929","2022-01-26 15:21:10.179"
"AA","60.290","2","60.350","1","-2","60.37","c3f0c4b9-bbb4-47f0-a323-6593d010b112","2022-01-26 15:21:10.179"
"AA","60.290","2","60.350","1","-2","60.37","327728c4-6ccf-4f41-bfb5-64ef327e1085","2022-01-26 15:21:10.179"
"AA","60.340","1","60.380","1","-2","60.38","255caad5-448b-4e48-bc45-685560125854","2022-01-26 15:21:20.221"
"AA","60.340","1","60.380","1","-2","60.38","9b839f91-81cf-4ab3-8182-0a74eedecc5c","2022-01-26 15:21:20.221"
"AA","60.250","2","60.310","3","-2","60.31","1d4922c3-2aa3-4447-8c44-e3abb3ae6f3b","2022-01-26 15:21:30.165"
"AA","60.290","2","60.330","4","-2","60.33","3155183f-627a-4923-8ff6-14418db58af3","2022-01-26 15:21:41.424"
"AG","10.720","19","10.730","17","10","10.65","0ad8fcb3-880d-40ff-b8c7-7756ae373529","2022-01-26 10:23:30.573"
"AG","10.700","20","10.710","8","10","10.65","31d80f2d-ae71-4caa-9225-5e157a95ad08","2022-01-26 10:23:30.573"
"AG","10.690","26","10.700","15","10","10.65","6812a322-dc6e-4573-9fbb-b66bb088a9ea","2022-01-26 10:23:30.573"
"AG","10.690","19","10.700","15","10","10.65","ac607f33-79d6-4cde-b3c4-5b5045ed9ae9","2022-01-26 10:23:30.573"
"AG","10.690","41","10.710","31","10","10.65","58576949-0c58-4ce5-bc75-dd2609b3fc34","2022-01-26 10:23:30.573"
"AG","10.690","23","10.700","7","10","10.65","f1fdd03a-dcf7-4f22-a43f-8cf595afcb35","2022-01-26 10:23:30.573"
"AG","10.690","23","10.700","7","10","10.65","3284d754-95d2-43c7-a561-5387b837c30f","2022-01-26 10:23:30.573"
"AG","10.680","12","10.690","18","10","10.65","baec5b1d-37e9-41eb-81a4-34e434e94abd","2022-01-26 10:23:30.573"
"AG","10.680","1","10.690","46","10","10.65","b0b01889-0b2c-466c-9556-c9382c24d005","2022-01-26 10:23:30.573"
"AG","10.650","1","10.660","49","-10","10.66","96483ed3-ae2d-4525-bca2-28a0ba6727cb","2022-01-26 10:24:14.526"
"AG","10.650","1","10.660","49","-10","10.66","3b015aa4-5e98-4ac6-8b28-0377b2c2e061","2022-01-26 10:24:14.526"
"AG","10.630","1","10.640","30","-10","10.64","4a563791-9182-4a9b-abd8-7439dd51fbc6","2022-01-26 10:24:32.910"
"AG","10.630","1","10.640","30","-10","10.64","bb82947e-4633-418e-a991-33ade5c849aa","2022-01-26 10:24:32.910"
"AG","10.630","1","10.640","30","-10","10.64","664eb868-ab2d-4731-ad0d-d853aa354ed4","2022-01-26 10:24:32.910"
"AG","10.630","10","10.640","11","-10","10.64","8120f8d6-8d48-4bc9-9972-c000c4b5d7c0","2022-01-26 10:24:40.927"
"AG","10.630","10","10.640","11","-10","10.64","99f760f3-2a70-4ad4-89ab-b032a75130c5","2022-01-26 10:24:40.927"
"AG","10.720","17","10.730","4","10","10.61","79d0d168-1732-4f66-a30a-286c14be880b","2022-01-26 10:25:04.584"
"AG","10.710","16","10.720","30","10","10.61","a6787a88-3dff-4fcf-ace6-d9a306282c92","2022-01-26 10:25:04.584"
"AG","10.700","9","10.710","22","10","10.59","3f346896-594b-4488-8156-bf15ed7b5606","2022-01-26 10:25:10.117"
"AG","10.710","4","10.720","47","10","10.58","446f0c5e-8a68-4817-9476-5dcf93455386","2022-01-26 10:25:17.510"
"AG","10.690","26","10.700","4","10","10.58","bf196c00-e6ea-4101-b122-999be4c3e879","2022-01-26 10:25:17.510"
"AG","10.570","43","10.590","37","-10","10.59","dffbf081-856e-4865-a8db-c80c4a492a3b","2022-01-26 10:25:21.058"
"AG","10.570","43","10.590","37","-10","10.59","47bf4a35-c80b-4b9d-b987-c7c832f1397e","2022-01-26 10:25:21.058"
"AG","10.560","2","10.570","22","-10","10.57","f272efc4-2434-479e-8e9e-2c6e8fa67d1e","2022-01-26 10:25:52.334"
"AG","10.560","2","10.570","22","-10","10.57","8c193188-93d0-4701-82b4-7158fc04798d","2022-01-26 10:25:52.334"
"AG","10.590","8","10.600","28","-10","10.60","454f4efc-3b99-4158-9384-025bb4549539","2022-01-26 10:26:17.832"
"AG","10.600","15","10.600","1","-10","10.60","c8c51b4c-bba6-4290-9326-9310ed691fd4","2022-01-26 10:26:20.006"
"AG","10.600","33","10.610","12","-10","10.61","c00a9876-175a-4c83-b720-608be77b2709","2022-01-26 10:27:32.642"
"AG","10.540","35","10.550","44","10","10.55","a833d6e2-0565-4a80-a060-222d5443b60b","2022-01-26 10:42:10.006"
"AG","10.490","39","10.500","2","-10","10.50","c4c314c2-2abb-4067-902c-91ef87943250","2022-01-26 10:45:50.292"
"AG","10.540","12","10.550","25","10","10.52","17c1bebd-a009-4501-a5b1-8c5fc5db2b37","2022-01-26 11:01:09.573"
"AG","10.550","4","10.560","58","10","10.52","7d4ed1a7-b7a7-45d3-a3a8-8b50bc073158","2022-01-26 11:01:09.573"
"AG","10.550","18","10.560","35","10","10.52","5abe7102-3386-4704-94a1-d30555924e8a","2022-01-26 11:01:09.573"
"AG","10.550","18","10.560","35","10","10.52","330de679-6508-4750-91e0-9bad3dc664ac","2022-01-26 11:01:09.573"
"AG","10.550","5","10.560","64","10","10.52","0fa5e088-c01a-4bcc-a26b-591f8f57689a","2022-01-26 11:01:09.573"
"AG","10.550","5","10.560","57","10","10.52","3c126422-1a31-4e18-b1e9-cc79a1c09dce","2022-01-26 11:01:09.573"
"AG","10.540","33","10.550","27","10","10.52","75b0425a-b607-46e9-bec0-482b9155e875","2022-01-26 11:01:09.573"
"AG","10.510","14","10.520","21","-10","10.52","9e4c1e2c-7aa8-4a88-ba79-e080fa9dfae6","2022-01-26 11:02:15.119"
"AG","10.510","14","10.520","21","-10","10.52","1151b5c5-6669-4746-8bdc-3a5ff07443d4","2022-01-26 11:02:15.119"
"AG","10.510","14","10.520","21","-10","10.52","22dde370-6dda-4dc0-a572-8c3f7dd4ab07","2022-01-26 11:02:15.119"
"AG","10.510","14","10.520","21","-10","10.52","6f77c20a-a527-4b4f-8019-f14418060a82","2022-01-26 11:02:15.119"
"AG","10.510","16","10.520","25","-10","10.52","24491d41-4f6e-4cc3-85a0-fcab2ef99ee0","2022-01-26 11:02:15.119"
"AG","10.510","16","10.520","25","-10","10.52","bd734768-f1fc-4dbd-a481-7c06fedb7277","2022-01-26 11:02:15.119"
"AG","10.510","14","10.520","30","-10","10.52","9422055c-c8c2-4cab-851f-668b34edd67a","2022-01-26 11:02:15.119"
"AG","10.550","16","10.560","45","10","10.49","808963c8-bb80-4123-bb4d-f363f9fdb226","2022-01-26 11:03:17.165"
"AG","10.550","29","10.560","17","10","10.49","3a8f7e83-533c-4e2b-9ffd-3f275d51c9ab","2022-01-26 11:03:17.165"
"AG","10.550","6","10.560","41","10","10.49","aeab05a8-c84b-4d48-ace0-c40937f53d0e","2022-01-26 11:03:17.165"
"AG","10.530","32","10.540","5","10","10.49","f885f825-e50c-43e9-a89a-68869f673bfa","2022-01-26 11:03:17.165"
"AG","10.530","31","10.540","7","10","10.49","24dce811-292c-4369-b75f-f5bd1f7082bb","2022-01-26 11:03:17.165"
"AG","10.500","20","10.510","19","-10","10.51","be624348-b76a-49f0-8548-3898bd51c609","2022-01-26 11:04:10.051"
"AG","10.500","20","10.510","19","-10","10.51","e718e445-ec54-43aa-a428-e49e787ad250","2022-01-26 11:04:10.051"
"AG","10.500","15","10.510","48","-10","10.51","5804c5b5-80e8-4153-bf17-15fcdf612fad","2022-01-26 11:04:58.875"
"AG","10.510","17","10.520","21","-10","10.52","cf9c7eb3-324d-448e-ab95-dc83853895ae","2022-01-26 11:05:07.497"
"AG","10.510","29","10.520","14","-10","10.52","bc611c38-6a82-43f0-90a7-f7b55256fda6","2022-01-26 11:06:42.108"
"AG","10.580","45","10.590","15","10","10.52","46443884-3b53-474a-8817-68407bfc6c6d","2022-01-26 11:36:06.644"
"AG","10.560","27","10.570","6","10","10.50","67c916ac-6454-435b-9073-03f21fe0515b","2022-01-26 11:36:53.402"
"AG","10.540","30","10.550","17","10","10.50","bc2bd90e-a8a4-4692-b1c4-5d1255bbd518","2022-01-26 11:36:53.402"
"AG","10.540","30","10.550","17","10","10.50","f065202a-eade-4b9f-949a-81e59163ea4a","2022-01-26 11:36:53.402"
"AG","10.540","22","10.550","20","10","10.50","ad0a68f3-31af-4116-882c-fe44b6b99c7e","2022-01-26 11:36:53.402"
"AG","10.550","40","10.560","47","10","10.50","3f3717f5-3bd6-4a91-91de-4bab81607f85","2022-01-26 11:36:53.402"
"AG","10.550","9","10.560","37","10","10.50","59b5a931-92d1-4ee3-a490-ac1de164bf52","2022-01-26 11:36:53.402"
"AG","10.550","9","10.560","29","10","10.50","75d66194-6cbd-48ba-aa78-af2509db81eb","2022-01-26 11:36:53.402"
"AG","10.530","20","10.540","19","10","10.50","64d2058c-6be1-460a-aeca-a98e1e4f48ea","2022-01-26 11:36:53.402"
"AG","10.540","56","10.550","13","10","10.50","8581777b-ef83-4e24-ba55-11be67e8d686","2022-01-26 11:36:53.402"
"AG","10.560","24","10.570","30","10","10.50","94b8a606-0cfe-4dac-960b-98ce222b1e7d","2022-01-26 11:36:53.402"
"AG","10.560","17","10.570","26","10","10.50","c669dc2b-393c-4b5c-a0ee-2a68bc7ae708","2022-01-26 11:36:53.402"
"AG","10.560","9","10.570","59","10","10.50","2e3a7807-769f-4ee5-bd07-bf9b4f2204ec","2022-01-26 11:36:53.402"
"AG","10.560","5","10.570","66","10","10.50","586cab4b-c391-44e3-a771-4b4014e1209b","2022-01-26 11:36:53.402"
"AG","10.500","21","10.510","38","-10","10.51","4e288df0-5a1f-43af-9402-6075d8a0f6c6","2022-01-26 11:37:43.551"
"AG","10.500","21","10.510","38","-10","10.51","3b965c88-7761-4168-b952-f4a9c646e60a","2022-01-26 11:37:43.551"
"AG","10.500","21","10.510","38","-10","10.51","b2b74fab-24d7-4658-b4ba-7302457f2874","2022-01-26 11:37:43.551"
"AG","10.500","21","10.510","38","-10","10.51","7247b59f-09f9-470f-b544-86fe99f6d7ef","2022-01-26 11:37:43.551"
"AG","10.500","13","10.510","51","-10","10.51","9606c8f2-b705-4d85-aa6f-46cf0ee61a55","2022-01-26 11:37:43.551"
"AG","10.500","13","10.510","51","-10","10.51","b068bd68-7bda-44ba-852f-470c72b7328b","2022-01-26 11:37:43.551"
"AG","10.500","13","10.510","51","-10","10.51","2e2ed205-e916-42a0-9a38-52b337fe3edf","2022-01-26 11:37:43.551"
"AG","10.500","13","10.510","51","-10","10.51","acf06d91-2f92-44fb-9c4d-1b9ddd757895","2022-01-26 11:37:43.551"
"AG","10.500","13","10.510","51","-10","10.51","5e90dfca-a98a-4edc-89e2-3fa8dab2ef7f","2022-01-26 11:37:43.551"
"AG","10.490","35","10.500","52","-10","10.50","c140d989-976c-4eb6-8c01-46aeaab5a48d","2022-01-26 11:37:50.384"
"AG","10.490","35","10.500","52","-10","10.50","e0eb8c7f-b3ca-4fcd-849a-e8899c29de8b","2022-01-26 11:37:50.384"
"AG","10.490","35","10.500","52","-10","10.50","d1803fef-764b-4673-8bdd-1d9f87dfb008","2022-01-26 11:37:50.384"
"AG","10.510","12","10.520","39","-10","10.52","41223fc5-9b7b-414d-b012-e0440d9e8202","2022-01-26 11:38:27.071"
"AG","10.510","27","10.520","20","-10","10.52","d164b4c9-cb21-4cda-b443-a2c2cbe7ed72","2022-01-26 11:38:39.364"
"AG","10.650","20","10.660","45","10","10.62","22c0efb6-fa90-4ba0-8266-3a43e2fb277c","2022-01-26 13:01:44.440"
"AG","10.650","4","10.660","65","10","10.62","a995c03a-d751-4b2f-9fe7-7f3480171bb1","2022-01-26 13:01:44.440"
"AG","10.660","57","10.660","1","10","10.61","a132a22d-18f5-4391-8ab9-4b854da8f75a","2022-01-26 13:01:44.447"
"AG","10.650","20","10.660","44","10","10.61","f98e1b38-8265-4fb2-b007-313d09819b05","2022-01-26 13:01:44.447"
"AG","10.650","15","10.660","66","10","10.61","c156e896-b088-4c42-a25a-106c596b16ff","2022-01-26 13:01:44.447"
"AG","10.630","41","10.640","29","10","10.61","608fbac6-b2e6-4c34-9cb8-c1a9e2b76893","2022-01-26 13:01:44.447"
"AG","10.630","15","10.640","38","10","10.61","0e2bdf63-be33-47a4-a044-e1a2770c6e71","2022-01-26 13:01:44.447"
"AG","10.630","15","10.640","34","10","10.61","6f617dc3-a575-402b-9c67-6c8a9006432f","2022-01-26 13:01:44.447"
"AG","10.610","37","10.620","8","-10","10.62","14eb2db5-59f7-44e0-a5e0-781910ebc74e","2022-01-26 13:02:41.395"
"AG","10.610","37","10.620","8","-10","10.62","4313f29e-c761-456a-90ed-33b3be512a3b","2022-01-26 13:02:41.395"
"AG","10.610","37","10.620","8","-10","10.62","15245785-c801-4f48-9df7-b26425b6aba2","2022-01-26 13:02:41.395"
"AG","10.610","37","10.620","8","-10","10.62","835fb6a2-b755-464c-872a-1e96bbcc32aa","2022-01-26 13:02:41.395"
"AG","10.610","37","10.620","8","-10","10.62","ec50722c-24a8-48d5-96d1-fb1003df7525","2022-01-26 13:02:41.395"
"AG","10.610","37","10.620","8","-10","10.62","0efccdc6-93f3-4c33-a35d-28c0213478b2","2022-01-26 13:02:41.395"
"AG","10.610","17","10.620","33","-10","10.62","107806d2-4de3-462e-80f5-97604e102a6e","2022-01-26 13:04:09.674"
"AG","10.610","21","10.620","33","-10","10.62","95696c09-29f8-42a9-b8eb-553fb73d2c0f","2022-01-26 13:04:37.553"
"AG","10.650","16","10.660","41","10","10.63","fc2fca81-7e18-48e8-8584-f8f2a066295d","2022-01-26 13:30:57.632"
"AG","10.650","1","10.650","20","10","10.63","2dafd45e-21ad-4a9e-9650-269be1e2f2db","2022-01-26 13:30:57.632"
"AG","10.630","27","10.640","29","-10","10.64","fa4cdd22-3418-4801-9023-efd9eb76caa8","2022-01-26 13:32:22.970"
"AG","10.640","26","10.650","47","-10","10.65","3555bd12-a842-4058-baab-0e0ed7cdbecd","2022-01-26 13:33:28.142"
"AG","10.640","63","10.650","3","10","10.63","a93eb748-55ad-4276-a902-2c20960d1fa5","2022-01-26 13:37:15.472"
"AG","10.640","32","10.650","20","10","10.63","04606ece-2f02-4d47-9eb2-1eee97df7d09","2022-01-26 13:37:15.472"
"AG","10.630","39","10.640","44","-10","10.64","6ac30f52-edb0-40a1-bc69-804cf1e18649","2022-01-26 13:40:50.591"
"AG","10.640","26","10.650","44","-10","10.65","4341494c-4244-4fb7-9365-7be3d4332922","2022-01-26 13:41:47.596"
"AG","10.640","60","10.650","17","10","10.64","2c3bc0a5-5769-4db1-9b27-2b0a5d8a073f","2022-01-26 13:52:51.828"
"AG","10.640","60","10.650","17","10","10.64","37a7bee6-6e3b-4584-a512-52f7ab3f1cfe","2022-01-26 13:52:51.828"
"AG","10.640","27","10.650","43","-10","10.65","8ad59e86-5319-4115-9e12-cdbf0ed9b5ae","2022-01-26 13:54:55.983"
"AG","10.650","20","10.660","57","-10","10.66","9d8e6df5-cdb7-4266-a5e9-177db6cadf0e","2022-01-26 13:55:19.181"
"AG","10.650","24","10.660","40","10","10.63","ad7aca59-6606-4c82-92b0-a0a35ca2c911","2022-01-26 13:58:08.987"
"AG","10.650","16","10.660","48","10","10.63","a8efd475-04d3-47a5-b658-5cf373c8eb74","2022-01-26 13:58:08.987"
"AG","10.640","45","10.650","59","10","10.63","6a84c09a-b7bd-4066-bfc7-2824e279f94f","2022-01-26 13:58:08.987"
"AG","10.640","28","10.650","44","10","10.63","8f998ed9-efeb-4241-9be6-68d8d829ac4f","2022-01-26 13:58:08.987"
"AG","10.640","46","10.650","10","10","10.63","8c3134d8-9d23-4a9a-8a66-dd818eda3f7d","2022-01-26 13:58:08.987"
"AG","10.640","44","10.650","6","10","10.63","1aa0e07f-d266-4f38-8ad4-5237832a881c","2022-01-26 13:58:08.987"
"AG","10.650","28","10.660","36","10","10.63","a2bd55ef-3b1a-4417-84fc-f64996016d22","2022-01-26 13:58:08.987"
"AG","10.650","44","10.660","58","10","10.63","00b1b61b-5f07-4600-9cd9-fe8734901741","2022-01-26 13:58:08.987"
"AG","10.650","4","10.660","67","10","10.63","83557d1a-75d2-4c12-8ded-5789238d5aa7","2022-01-26 13:58:08.987"
"AG","10.620","18","10.630","27","-10","10.63","d6fdfaa4-6756-47f9-a778-11fd8ae5b61a","2022-01-26 13:59:12.070"
"AG","10.620","18","10.630","27","-10","10.63","fe33f699-b9a3-4967-aaf7-04159f467acb","2022-01-26 13:59:12.070"
"AG","10.620","18","10.630","27","-10","10.63","ac712a3a-f578-4e18-bf65-8c65f894df60","2022-01-26 13:59:12.070"
"AG","10.620","18","10.630","27","-10","10.63","a20c3991-2683-4275-a12d-c280d9ecff34","2022-01-26 13:59:12.070"
"AG","10.620","18","10.630","27","-10","10.63","a76bd7aa-c721-4251-9744-2621a5055d9c","2022-01-26 13:59:12.070"
"AG","10.620","23","10.630","21","-10","10.63","0bbb9d1c-7429-4e06-8e04-0e1dc27e159c","2022-01-26 13:59:35.043"
"AG","10.620","23","10.630","21","-10","10.63","df4071b2-8ca1-4130-a33e-4d7352d98d25","2022-01-26 13:59:35.043"
"AG","10.620","25","10.630","21","-10","10.63","782aaf5a-83f6-4ece-a3ae-84deffe4432f","2022-01-26 13:59:35.043"
"AG","10.630","40","10.640","34","-10","10.64","38914207-a535-456a-9ece-3de15e5bc709","2022-01-26 13:59:57.011"
"AG","10.720","8","10.730","24","10","10.64","4fe37bbf-6aa2-4c0e-b791-292ee74a59e3","2022-01-26 14:03:33.885"
"AG","10.710","19","10.720","1","10","10.64","09cb0d80-7e09-43e3-9ee5-25efc1ee1dd1","2022-01-26 14:03:33.885"
"AG","10.660","12","10.670","11","10","10.64","8b543b21-ca6c-467b-8f94-93520a7185fe","2022-01-26 14:03:33.885"
"AG","10.660","1","10.670","13","10","10.64","446a8d4b-782a-4422-a345-fe166dfcfa7d","2022-01-26 14:03:33.885"
"AG","10.660","9","10.670","17","10","10.64","cf6f8370-2bba-454c-9096-9ee42e2c192b","2022-01-26 14:03:33.885"
"AG","10.670","3","10.680","11","10","10.63","2e3fa0aa-22b4-42fd-a32d-0cbadb47389c","2022-01-26 14:03:35.530"
"AG","10.680","15","10.690","24","10","10.63","eebc859d-18b9-4259-a9fb-df21e04c7d3a","2022-01-26 14:03:35.530"
"AG","10.710","23","10.720","15","10","10.63","dd7762f9-fa8f-44ca-919b-97f0c0a4ffdb","2022-01-26 14:03:35.530"
"AG","10.710","2","10.720","17","10","10.63","1fc49979-eb88-4e8f-845e-b6da524e5ecb","2022-01-26 14:03:35.530"
"AG","10.630","1","10.640","19","-10","10.64","be4bb8ae-ad3d-4d11-be91-d95d72dfad1e","2022-01-26 14:03:51.105"
"AG","10.630","1","10.640","19","-10","10.64","eb439877-c5c8-4500-a07a-7224ce1816c3","2022-01-26 14:03:51.105"
"AG","10.630","1","10.640","19","-10","10.64","48801baa-7252-45c3-a7e7-0f37460c8147","2022-01-26 14:03:51.105"
"AG","10.630","1","10.640","19","-10","10.64","d9ff4859-402f-435e-ad60-21565f1f77a6","2022-01-26 14:03:51.105"
"AG","10.630","1","10.640","19","-10","10.64","1bdf4747-9760-4b8a-819d-a16ad4d5518a","2022-01-26 14:03:51.105"
"AG","10.620","17","10.640","19","-10","10.64","9d57c8ae-e43f-4319-ba67-fcf024e59871","2022-01-26 14:04:05.612"
"AG","10.620","17","10.640","19","-10","10.64","2f8a16b2-43e1-4ea7-92b5-34c274569e1c","2022-01-26 14:04:05.612"
"AG","10.630","2","10.640","14","-10","10.64","b97a8fd9-1929-4ae4-a862-7408ec51e00f","2022-01-26 14:04:20.930"
"AG","10.620","18","10.630","2","-10","10.63","2e5791cb-8ce5-4fa5-96d0-dc22e183cdd6","2022-01-26 14:04:40.359"
"AG","10.640","21","10.650","33","10","10.62","61cc50ab-d5ea-4010-976b-21659010a67e","2022-01-26 14:04:57.945"
"AG","10.640","21","10.650","33","10","10.62","07fe1ab6-e262-49c0-a51e-dc1976f4094d","2022-01-26 14:04:57.945"
"AG","10.640","16","10.650","31","10","10.62","a307b9b4-1c8b-48f8-8cb8-fd41deec9657","2022-01-26 14:04:57.945"
"AG","10.640","33","10.650","22","10","10.62","b7a533d3-022c-4562-9405-4f42aee2e75f","2022-01-26 14:04:57.945"
"AG","10.640","33","10.650","18","10","10.62","33bd717f-82a8-43c1-ab15-847b9b6da85d","2022-01-26 14:04:57.945"
"AG","10.630","43","10.640","19","-10","10.64","911dccaf-c985-4973-9267-afeb3ca6e3d4","2022-01-26 14:05:42.006"
"AG","10.630","15","10.640","2","-10","10.65","532e7dfd-8e46-425f-8b3d-7389efd56efe","2022-01-26 14:05:51.234"
"AG","10.630","15","10.640","2","-10","10.65","e70500c9-fea2-4afe-ac5c-85d1c57a912a","2022-01-26 14:05:51.234"
"AG","10.650","13","10.650","5","-10","10.65","6707d137-a640-4ca0-ac9f-4bbf9c2bce46","2022-01-26 14:06:00.006"
"AG","10.640","11","10.650","17","-10","10.66","26c15f71-6080-47ef-bd53-1ea6a41d7b6a","2022-01-26 14:06:14.891"
"AG","10.660","29","10.670","1","10","10.64","6ca36fe6-6012-484b-8235-3210c33cfdf3","2022-01-26 14:07:40.000"
"AG","10.670","17","10.680","2","-10","10.68","65a7e182-606c-4c25-8f24-a87f5602f07b","2022-01-26 14:08:20.052"
"AG","10.670","17","10.680","13","10","10.64","8dff3957-fb6b-45f7-8b97-ceeac1c5b3c9","2022-01-26 14:11:00.589"
"AG","10.670","17","10.680","3","10","10.64","28ccf827-7701-4705-9212-57d3d5c6be1d","2022-01-26 14:11:00.589"
"AG","10.670","29","10.680","1","10","10.64","168e1153-fbad-49ac-815e-aad41e7030d5","2022-01-26 14:11:00.589"
"AG","10.680","14","10.690","13","10","10.64","978508f2-3e68-461f-bc93-bd7e1a21922c","2022-01-26 14:11:00.589"
"AG","10.680","15","10.690","4","10","10.64","54002e44-92cf-4d54-8e8e-1e89bfdf1fad","2022-01-26 14:11:00.589"
"AG","10.670","17","10.680","10","10","10.64","86a89e04-a968-44dc-8a9a-fcd0bd50e6b1","2022-01-26 14:11:00.589"
"AG","10.660","39","10.670","24","10","10.64","fec3aad7-0612-4706-9649-072aa521fe4a","2022-01-26 14:11:00.589"
"AG","10.660","27","10.670","4","10","10.64","4e1dfd42-dd85-4584-b552-c015bff5e7ba","2022-01-26 14:11:00.589"
"AG","10.610","16","10.620","15","-10","10.62","4889dcae-3707-47da-90c5-a6fd24a8dc37","2022-01-26 14:11:29.041"
"AG","10.610","16","10.620","15","-10","10.62","9fc47d1f-13f9-49cf-95c2-ae9f17b3ab6d","2022-01-26 14:11:29.041"
"AG","10.610","16","10.620","15","-10","10.62","449b5c8f-526d-4ac7-ab16-e62fbe9d107c","2022-01-26 14:11:29.041"
"AG","10.610","16","10.620","15","-10","10.62","25eaf918-a8d0-4e51-97e1-5aa9a98dad46","2022-01-26 14:11:29.041"
"AG","10.610","4","10.620","27","-10","10.62","31f636b5-bc48-4ee7-9c6c-15c08de8f0f5","2022-01-26 14:11:47.970"
"AG","10.620","24","10.630","26","-10","10.63","84a535a4-f649-48ee-b8ae-8f3fecaf68c5","2022-01-26 14:11:59.327"
"AG","10.620","22","10.630","15","-10","10.63","c1aab47d-4cfa-41f1-8307-33c54810f079","2022-01-26 14:12:01.972"
"AG","10.630","15","10.640","25","-10","10.64","fab077b7-d8c0-48ea-9a8d-c064d0fe4f47","2022-01-26 14:12:16.375"
"AG","10.740","43","10.750","3","10","10.63","df150105-d9aa-4689-8094-4252a7fb67fa","2022-01-26 14:32:17.221"
"AG","10.740","27","10.750","11","10","10.63","0aa51c91-6163-4fbc-942e-8ada803ea39d","2022-01-26 14:32:17.221"
"AG","10.630","16","10.640","30","-10","10.64","7d99e6a9-7a6e-41aa-9c7d-27794d2d3707","2022-01-26 14:32:56.013"
"AG","10.630","31","10.640","19","-10","10.64","9f97cc7d-c7c1-48ed-9272-05274ba78c10","2022-01-26 14:33:12.148"
"AG","10.670","27","10.680","16","10","10.61","a798aa2c-7c1f-4f0d-81ca-ae1ce3e3520c","2022-01-26 14:33:28.173"
"AG","10.740","23","10.750","16","10","10.61","d7da3be2-11fb-4d9a-b613-865c1c7441e7","2022-01-26 14:33:28.173"
"AG","10.720","15","10.730","22","10","10.61","e987d35e-120a-49be-8333-da75151c7676","2022-01-26 14:33:28.173"
"AG","10.710","31","10.720","14","10","10.61","9b224c94-ac0d-4eef-84a3-22e614d128c4","2022-01-26 14:33:28.173"
"AG","10.710","21","10.720","27","10","10.61","796b5c87-1158-4d1a-916a-8270e2fff08a","2022-01-26 14:33:28.173"
"AG","10.700","2","10.700","6","10","10.61","b1072266-47b5-4418-b140-f6020f0b22ec","2022-01-26 14:33:28.173"
"AG","10.680","31","10.690","24","10","10.61","fe0a64e6-6462-40b3-b49a-974839562c35","2022-01-26 14:33:28.173"
"AG","10.560","16","10.570","26","-10","10.57","f8adeda8-69ee-4098-bdac-58f17cb3b37c","2022-01-26 14:34:55.154"
"AG","10.560","16","10.570","26","-10","10.57","05d2613e-caee-414f-b2c0-cf3ba34c72f9","2022-01-26 14:34:55.154"
"AG","10.560","16","10.570","26","-10","10.57","debea129-392d-4a60-9272-95159131c638","2022-01-26 14:34:55.154"
"AG","10.560","16","10.570","26","-10","10.57","638f5727-e3cd-4be0-92a3-de34fc7f5919","2022-01-26 14:34:55.154"
"AG","10.560","22","10.570","16","-10","10.57","30656f62-7fab-4edf-be26-514b968e644f","2022-01-26 14:35:00.564"
"AG","10.560","22","10.570","16","-10","10.57","a40e9de9-4df6-49fa-a39a-cffaf7852405","2022-01-26 14:35:00.564"
"AG","10.560","37","10.570","53","-10","10.57","c3469a56-76a4-489d-b35e-e2649840b27a","2022-01-26 14:35:11.149"
"AG","10.610","33","10.620","2","10","10.42","d19d29e4-7f29-4feb-81ae-82bbc4a09106","2022-01-26 14:44:56.454"
"AG","10.580","27","10.590","5","10","10.42","dc9dcef0-6b6b-4bbd-930b-567c25a09393","2022-01-26 14:44:56.454"
"AG","10.590","16","10.600","6","10","10.38","62bff6f3-ce42-4786-8df3-f0b42cb0ad12","2022-01-26 14:45:21.771"
"AG","10.590","29","10.600","37","10","10.38","8da80c4f-ba9e-46b7-ac53-31c3eb7d3ff1","2022-01-26 14:45:21.771"
"AG","10.590","35","10.600","41","10","10.38","7f4b3725-6da9-40be-977e-ab7595068811","2022-01-26 14:45:21.771"
"AG","10.590","30","10.600","39","10","10.38","c93bc918-715d-41a5-85f4-69b9ed9af052","2022-01-26 14:45:21.771"
"AG","10.580","12","10.590","24","10","10.38","d9197fc1-bce0-4eb1-8984-631d146fb4f6","2022-01-26 14:45:21.771"
"AG","10.580","23","10.590","6","10","10.36","382b0e4d-e11b-4422-9252-cd0c2020bccb","2022-01-26 14:45:23.751"
"AG","10.580","12","10.590","17","10","10.36","f8066cc2-98e6-42c7-a64d-32899ad0e428","2022-01-26 14:45:23.751"
"AG","10.590","29","10.600","41","10","10.36","6b0791c9-d982-4aba-a795-105eafef40b3","2022-01-26 14:45:23.751"
"AG","10.590","33","10.600","39","10","10.36","32ee1fac-1ddf-4f2b-a8f4-76fb4a2112e8","2022-01-26 14:45:23.751"
"AG","10.350","6","10.360","19","-10","10.36","2365d4b0-172f-4f5d-9a72-6dfa7c72c0df","2022-01-26 14:45:38.196"
"AG","10.370","27","10.380","35","-10","10.38","a2d6a023-1338-4a1a-84c8-a5f301a4b65e","2022-01-26 14:45:44.148"
"AG","10.370","27","10.380","35","-10","10.38","8a1c80a3-3456-4baf-8261-504e7329b93f","2022-01-26 14:45:44.148"
"AG","10.370","27","10.380","35","-10","10.38","caedaf64-3aed-49d1-89e7-b1c1d091429e","2022-01-26 14:45:44.148"
"AG","10.370","27","10.380","35","-10","10.38","3a71d49e-8abd-4f02-8c73-433be319b814","2022-01-26 14:45:44.148"
"AG","10.370","27","10.380","35","-10","10.38","055439a5-2a65-463b-a0e9-2ecb38738e24","2022-01-26 14:45:44.148"
"AG","10.350","23","10.360","21","-10","10.36","96100bee-b489-4ff6-b749-395bf89839fb","2022-01-26 14:45:50.559"
"AG","10.350","23","10.360","21","-10","10.36","4ab8bb31-33d3-4047-a5a4-e321fc58a7c3","2022-01-26 14:45:50.559"
"AG","10.350","23","10.360","21","-10","10.36","3a29e564-8ab6-43c6-a029-47a3e5442475","2022-01-26 14:45:50.559"
"AG","10.340","27","10.350","10","-10","10.35","44900d8e-9381-457e-ba53-eafe71024ef2","2022-01-26 14:46:00.665"
"AG","10.360","2","10.370","32","-10","10.37","d3df5d3e-7024-4019-bd2d-0e172d54a538","2022-01-26 14:46:11.158"
"AG","10.400","17","10.410","24","10","10.41","f6ea601b-ebfe-4afb-9b24-8d4629db8329","2022-01-26 14:53:10.006"
"AG","10.360","1","10.370","55","-10","10.37","8e721da5-0d85-419e-aeba-51014ffe5fc1","2022-01-26 14:55:51.477"
"ABB","36.020","6","36.030","13","3","35.93","e8298e3a-a493-474e-a75d-8ec6f7591252","2022-01-26 10:12:53.968"
"ABB","36.020","1","36.030","16","3","35.93","053fb28c-0ca4-4cc2-8c3a-a1b58c9d671b","2022-01-26 10:12:53.968"
"ABB","36.000","3","36.010","8","3","35.93","c748729b-ba07-4af4-b93c-c574b30561cf","2022-01-26 10:12:53.968"
"ABB","36.000","3","36.010","15","3","35.93","89cf78b4-f450-4a6c-9ef7-8065ad196059","2022-01-26 10:12:53.968"
"ABB","35.910","38","35.920","1","-3","35.93","2504e915-c4f7-4a21-b49e-8fe7febc8383","2022-01-26 10:13:30.649"
"ABB","35.930","3","35.940","12","-3","35.94","3e548f3f-4c66-4644-afd0-93158d95df6a","2022-01-26 10:13:49.082"
"ABB","35.930","3","35.940","12","-3","35.94","ad418dc4-cd7e-48cd-8bf0-f1a6159abbd2","2022-01-26 10:13:49.082"
"ABB","35.930","5","35.940","15","-3","35.94","8bcef569-5cf1-43a5-b0e7-e2db655b62d0","2022-01-26 10:14:28.052"
"ABB","36.010","4","36.020","7","3","35.90","9dbfedad-5137-4631-9e9a-275504cba1f4","2022-01-26 10:14:57.533"
"ABB","36.010","5","36.020","8","3","35.90","6d076716-c158-4544-8d42-3499f7e9466e","2022-01-26 10:14:57.533"
"ABB","36.000","43","36.010","11","3","35.90","5c04ae01-b1ad-4e50-ac40-19c5903d49b4","2022-01-26 10:14:57.533"
"ABB","36.000","43","36.010","11","3","35.90","dd91213b-0dce-4146-b76f-0daf765ff433","2022-01-26 10:14:57.533"
"ABB","36.060","60","36.070","40","3","35.90","68b92fed-522f-438f-ae00-73b9b0632169","2022-01-26 10:15:05.382"
"ABB","36.060","8","36.070","40","3","35.90","39c1efda-abcd-4be9-950e-3adb97514105","2022-01-26 10:15:05.382"
"ABB","36.030","4","36.040","6","3","35.90","bfe158fe-e5c9-4df6-b4e7-28516c91fe71","2022-01-26 10:15:05.382"
"ABB","36.030","3","36.040","38","3","35.90","45a0c760-6c0a-4461-ad53-cc931d80bc27","2022-01-26 10:15:05.382"
"ABB","36.020","4","36.030","15","3","35.90","96752068-41a3-4c9b-8386-ed07f7675744","2022-01-26 10:15:05.382"
"ABB","36.010","2","36.020","10","3","35.90","942ef0a1-73b8-4a0d-a1c3-44546be2ac52","2022-01-26 10:15:05.382"
"ABB","35.870","1","35.870","11","-3","35.87","4c2f4304-3c27-43ce-a1d5-d07fbd62ebe3","2022-01-26 10:16:20.006"
"ABB","35.860","7","35.870","5","-3","35.87","aba264a4-18cb-481f-a2c7-046643e15dc4","2022-01-26 10:16:34.427"
"ABB","35.860","7","35.870","5","-3","35.87","a5ecf058-5927-4599-9365-24a677d7b456","2022-01-26 10:16:34.427"
"ABB","35.860","7","35.870","5","-3","35.87","46b33cc8-b7f6-4f0d-a303-5780f2d418a8","2022-01-26 10:16:34.427"
"ABB","35.860","7","35.870","5","-3","35.87","080fa13b-3773-49f9-ad5b-8c35912493d3","2022-01-26 10:16:34.427"
"ABB","35.860","7","35.870","5","-3","35.87","140bd58e-6c3f-4bd0-92b3-3c2341bfae49","2022-01-26 10:16:34.427"
"ABB","35.870","14","35.880","7","-3","35.88","d7e13213-449c-43ad-b624-d181d2253098","2022-01-26 10:16:45.728"
"ABB","35.870","14","35.880","7","-3","35.88","cddc36d6-e93c-465e-a9e7-8420067602a8","2022-01-26 10:16:45.728"
"ABB","35.870","10","35.880","4","-3","35.89","ea3cf787-4bd3-4af5-98c4-9076eefac766","2022-01-26 10:16:58.710"
"ABB","35.880","2","35.890","9","-3","35.89","3f02ef70-70b3-4a8c-9024-77f61725c57d","2022-01-26 10:17:03.571"
"ABB","35.900","10","35.910","2","3","35.91","45be7b07-9afc-4eba-9a3b-b1a7af799a81","2022-01-26 10:20:50.006"
"ABB","36.060","2","36.070","46","3","35.85","08dd7801-6f1b-40d7-917f-016e81079f14","2022-01-26 10:24:14.205"
"ABB","36.060","4","36.070","50","3","35.85","25b6a25b-3578-4549-bd3a-2eb2f093c14d","2022-01-26 10:24:14.205"
"ABB","35.830","1","35.830","2","-3","35.83","38223ec5-4ee3-425f-b807-aa26fdeb3b23","2022-01-26 10:25:00.006"
"ABB","35.830","1","35.830","2","-3","35.83","2e9e1551-5cd9-4f32-b5bd-e1a1f377ec60","2022-01-26 10:25:00.006"
"ABB","35.920","6","35.940","39","3","35.81","39033eb7-e74b-44f1-9eb5-24d224af7d47","2022-01-26 10:25:11.156"
"ABB","35.920","7","35.940","36","3","35.81","4d0e1aaf-de65-4282-b5ab-a6c7ba85f1ae","2022-01-26 10:25:11.156"
"ABB","35.940","6","35.950","38","3","35.81","213d9ed7-6fe0-4c38-9edd-1885f9351986","2022-01-26 10:25:11.156"
"ABB","35.940","3","35.950","39","3","35.78","906ffa01-9505-488c-b289-26c71eaea086","2022-01-26 10:25:28.112"
"ABB","35.940","13","35.960","43","3","35.78","8a64277d-0ce2-4173-a618-5a7be71255cd","2022-01-26 10:25:28.112"
"ABB","35.970","8","35.980","1","3","35.78","29a1f3fa-e8f0-445b-94e7-fc436bff5405","2022-01-26 10:25:28.112"
"ABB","35.980","5","36.000","37","3","35.78","f3c7722a-ca9e-42fd-add1-cadd31a9eb29","2022-01-26 10:25:28.112"
"ABB","35.960","4","35.970","2","3","35.78","72625585-637d-411b-b781-c0ba300b8b64","2022-01-26 10:25:28.112"
"ABB","35.970","2","35.980","33","3","35.78","005da8b3-57dc-4008-a1ee-f38a8ec18124","2022-01-26 10:25:28.112"
"ABB","35.950","6","35.970","35","3","35.78","3f3b38e9-04c1-471b-bc57-eef5a17614f9","2022-01-26 10:25:28.112"
"ABB","35.950","6","35.960","14","3","35.78","5246e9a1-97e8-4d11-b580-373c2db95aee","2022-01-26 10:25:28.112"
"ABB","35.770","17","35.780","1","-3","35.79","67cbfb4d-6dc8-4fa9-90de-147ad09d3220","2022-01-26 10:25:37.010"
"ABB","35.770","17","35.780","1","-3","35.79","063527ad-b178-4265-a049-51f13b586d51","2022-01-26 10:25:37.010"
"ABB","35.770","46","35.780","1","-3","35.78","a878c3f1-daee-46c2-a53a-e9f4c7ea3fbc","2022-01-26 10:25:41.102"
"ABB","35.770","46","35.780","1","-3","35.78","6531da65-08ef-41c8-a723-a0e7963a6b57","2022-01-26 10:25:41.102"
"ABB","35.770","46","35.780","1","-3","35.78","3f833a9a-96d7-494a-bf1d-6d30dca80fab","2022-01-26 10:25:41.102"
"ABB","35.770","46","35.780","1","-3","35.78","ac404a7f-8524-4623-a9af-473c1097dc73","2022-01-26 10:25:41.102"
"ABB","35.770","46","35.780","1","-3","35.78","3b7ff843-3ee2-4a2a-ae1f-ac0956f0c7d4","2022-01-26 10:25:41.102"
"ABB","35.790","9","35.800","13","-3","35.80","a1eb21cb-b0c0-4030-bfe9-cfb773b8bd98","2022-01-26 10:26:04.047"
"ABB","35.790","13","35.800","10","-3","35.80","93c9cec6-970a-4467-920c-61169859da3e","2022-01-26 10:26:17.835"
"ABB","35.790","13","35.800","10","-3","35.80","9a261281-821d-4423-bf00-4ac983b7f9fa","2022-01-26 10:26:17.835"
"ABB","35.800","8","35.810","4","-3","35.81","69591349-5a51-4cbb-bdc8-26784436f60c","2022-01-26 10:26:20.071"
"ABB","35.810","1","35.810","11","-3","35.81","cfcf63b0-3a45-4ddd-9a38-96a420dc822e","2022-01-26 10:27:00.006"
"ABB","35.770","17","35.780","6","3","35.75","5ce0af2d-0f18-445e-b822-19be5bba106a","2022-01-26 10:52:13.921"
"ABB","35.750","44","35.760","2","-3","35.76","091b09e3-6543-46c1-a904-eef0576c23b4","2022-01-26 10:54:58.953"
"ABB","35.780","6","35.790","37","3","35.75","7dde5af6-e08f-4d67-b5fb-ae86edb77c3e","2022-01-26 11:00:22.757"
"ABB","35.720","3","35.730","40","-3","35.73","5536d6e0-7bd1-454f-8563-8f6a1c5f1690","2022-01-26 11:05:09.988"
"ABB","35.820","7","35.830","56","3","35.74","338c9471-801c-405b-b5c0-2c03149316f0","2022-01-26 11:18:10.952"
"ABB","35.810","20","35.820","22","3","35.74","4a3b5b73-df49-406f-b3a3-795b14f5912a","2022-01-26 11:18:10.952"
"ABB","35.800","21","35.810","12","3","35.74","51b2bb10-ef9e-4d04-afbb-5083b6dfb2e9","2022-01-26 11:18:10.952"
"ABB","35.790","14","35.800","26","3","35.74","e07870cb-c337-4d31-82d7-77cc59fc1f53","2022-01-26 11:18:10.952"
"ABB","35.740","17","35.750","14","-3","35.75","959cdea9-0fcb-4cfb-a95a-d1d8d0730633","2022-01-26 11:18:42.981"
"ABB","35.740","17","35.750","14","-3","35.75","ed54b497-46f8-4c35-ad7e-3e1559fcc23e","2022-01-26 11:18:42.981"
"ABB","35.760","20","35.770","8","-3","35.77","1829879b-c778-482b-b02f-318c7365046c","2022-01-26 11:19:03.031"
"ABB","35.750","46","35.760","10","-3","35.76","10a8351f-9ad2-4b09-8c74-615bfd4b69e1","2022-01-26 11:19:31.379"
"ABB","35.780","33","35.790","37","3","35.72","fba92404-0c31-45ac-b6df-d4f6a1f6b25e","2022-01-26 11:29:43.112"
"ABB","35.790","5","35.800","49","3","35.72","ce26659d-0a32-4383-add6-e4b1b30389af","2022-01-26 11:29:43.112"
"ABB","35.770","17","35.780","11","3","35.72","d76fcc65-4b9f-4e70-a99d-40d206f9a9bf","2022-01-26 11:29:43.112"
"ABB","35.780","13","35.790","18","3","35.72","19b750c0-aa52-43a9-9be0-b6162f736255","2022-01-26 11:29:43.112"
"ABB","35.780","14","35.790","14","3","35.72","f13582db-ccd7-4f35-a0b7-09a8fc54a8b1","2022-01-26 11:29:43.112"
"ABB","35.770","17","35.780","20","3","35.72","f2fcade1-587a-4402-85fa-bae7bc657487","2022-01-26 11:29:43.112"
"ABB","35.790","6","35.800","21","3","35.72","94e4bfca-e2a0-4925-8fa6-90fa9148fa3e","2022-01-26 11:29:43.112"
"ABB","35.790","9","35.800","52","3","35.72","500bf7d9-4a21-4d02-87c0-e46455902d5d","2022-01-26 11:29:43.112"
"ABB","35.790","2","35.800","62","3","35.72","efdd5267-690e-40ff-8653-889fec0900e5","2022-01-26 11:29:43.112"
"ABB","35.790","30","35.800","4","3","35.72","53e087eb-f752-4bab-8309-ce6bfc75413b","2022-01-26 11:29:43.112"
"ABB","35.790","5","35.800","24","3","35.72","f1914e15-9adc-4753-8074-a5e88789662e","2022-01-26 11:29:43.112"
"ABB","35.780","3","35.790","58","3","35.72","7658027f-e1b4-4142-affd-4542fea588c5","2022-01-26 11:29:43.112"
"ABB","35.780","3","35.790","59","3","35.72","3bf39010-8f1e-497b-8753-16c9a0acd2e1","2022-01-26 11:29:43.112"
"ABB","35.770","2","35.780","64","3","35.72","0da28611-1f41-4c11-aa05-3229b5f1f471","2022-01-26 11:29:43.112"
"ABB","35.760","18","35.770","12","3","35.72","6eb5be61-adff-419a-b282-eb08a568e121","2022-01-26 11:29:43.112"
"ABB","35.760","18","35.770","15","3","35.72","da8654c0-8a09-4c9e-b00d-92d0eafb8189","2022-01-26 11:29:43.112"
"ABB","35.760","20","35.770","47","3","35.72","65bafb13-eca6-4a0a-bc63-a204d0a5e6d6","2022-01-26 11:29:43.112"
"ABB","35.760","6","35.770","59","3","35.72","599e9129-e197-4a8a-af89-a1b8390b76c9","2022-01-26 11:29:43.112"
"ABB","35.690","12","35.700","5","-3","35.71","ae3a272f-1e3c-4edd-835c-c9e042a119b6","2022-01-26 11:30:34.997"
"ABB","35.690","12","35.700","5","-3","35.71","00ab6096-8add-46bd-ba56-2ad353fc8250","2022-01-26 11:30:34.997"
"ABB","35.690","12","35.700","5","-3","35.71","5bccd159-a42f-4e75-be23-b30b3980bbce","2022-01-26 11:30:34.997"
"ABB","35.690","12","35.700","5","-3","35.71","ecb41070-7322-4f48-98e5-3bfb78d20e17","2022-01-26 11:30:34.997"
"ABB","35.690","12","35.700","5","-3","35.71","61b1303f-b471-4226-994e-9fc8cc618856","2022-01-26 11:30:34.997"
"ABB","35.700","13","35.710","18","-3","35.71","a8f2ad88-ccb2-479c-995e-74e4d3a63f45","2022-01-26 11:30:37.298"
"ABB","35.700","13","35.710","18","-3","35.71","dc2cf165-ed1a-4b4a-845d-f7c6484b77f0","2022-01-26 11:30:37.298"
"ABB","35.700","13","35.710","18","-3","35.71","5761dce3-a80c-4f05-a5a5-bd3e3b4cd968","2022-01-26 11:30:37.298"
"ABB","35.700","13","35.710","18","-3","35.71","7f534d1a-2d85-441b-ad2c-0a0f2af8774e","2022-01-26 11:30:37.298"
"ABB","35.700","13","35.710","18","-3","35.71","a716bafd-e526-4c35-a8da-322273c7c99f","2022-01-26 11:30:37.298"
"ABB","35.700","13","35.710","18","-3","35.71","5880a5b9-18f7-4fd2-a4ab-192c2a0156db","2022-01-26 11:30:37.298"
"ABB","35.700","13","35.710","18","-3","35.71","6374577b-61a7-460f-b2e7-af10e8afb188","2022-01-26 11:30:37.298"
"ABB","35.700","13","35.710","18","-3","35.71","6fcffcdb-d8fd-494d-89e4-821598093d80","2022-01-26 11:30:37.298"
"ABB","35.700","13","35.710","18","-3","35.71","deb1a15e-aaf1-4760-939d-793ce44034be","2022-01-26 11:30:37.298"
"ABB","35.700","7","35.700","1","-3","35.70","d38f4ac4-dd09-4523-82dc-c868d771e87c","2022-01-26 11:31:00.006"
"ABB","35.700","8","35.710","20","-3","35.71","478fd227-f9f7-4864-814c-a8b8be0acedf","2022-01-26 11:31:06.672"
"ABB","35.710","2","35.720","31","-3","35.72","ad33a2d7-b979-4e79-b368-84c2e8618de6","2022-01-26 11:31:14.073"
"ABB","35.710","2","35.720","31","-3","35.72","45517242-cfbe-4209-beda-bd9bbfd4ee07","2022-01-26 11:31:14.073"
"ABB","35.750","10","35.760","12","3","35.76","be5365a2-d8e4-433f-80f6-aaf2a1b52812","2022-01-26 11:42:10.006"
"ABB","35.690","17","35.700","20","-3","35.70","cc60ac66-b198-4d20-90aa-1ea302c194ac","2022-01-26 11:53:19.023"
"ABB","35.760","31","35.770","2","3","35.74","1c3a17ab-9e3f-4654-ab85-414b49ebff44","2022-01-26 12:03:51.360"
"ABB","35.770","6","35.780","17","3","35.74","e512691d-7462-4f28-9f4b-ce675994ddc2","2022-01-26 12:03:51.360"
"ABB","35.770","6","35.780","17","3","35.74","bf669149-2bbc-4e58-afb5-e74d37d286a9","2022-01-26 12:03:51.360"
"ABB","35.780","2","35.790","19","3","35.74","6fe2308b-96ef-4ae5-8a8d-1f2ca0b9f227","2022-01-26 12:03:51.360"
"ABB","35.740","9","35.750","19","-3","35.75","b3edfaef-6af1-45c8-8034-368629220ebe","2022-01-26 12:04:25.785"
"ABB","35.740","9","35.750","19","-3","35.75","e7d11391-d9b1-4c71-9cdd-62a1da90e6ff","2022-01-26 12:04:25.785"
"ABB","35.740","14","35.750","7","-3","35.75","7781eca3-7a32-4a30-999d-de49868ba868","2022-01-26 12:05:15.326"
"ABB","35.740","7","35.750","22","-3","35.75","d4b4250f-531f-4bc3-9138-10e42bbcb6fe","2022-01-26 12:05:15.326"
"ABB","35.810","2","35.810","30","3","35.78","9fab737a-b682-4bcc-848d-2e0889ff176e","2022-01-26 12:59:22.519"
"ABB","35.800","18","35.810","10","3","35.78","057eca9f-ee7a-4487-975c-b7fac15840c5","2022-01-26 12:59:22.519"
"ABB","35.800","16","35.810","11","3","35.78","69fa528e-ec73-46a3-9ed2-75a7a686aef9","2022-01-26 12:59:22.519"
"ABB","35.800","16","35.810","11","3","35.78","69849041-7a62-4dbb-8633-a3e8e84403f4","2022-01-26 12:59:22.519"
"ABB","35.800","9","35.810","16","3","35.78","7d73623d-aa83-440a-9e55-9cf4bdce1d5b","2022-01-26 12:59:22.519"
"ABB","35.810","7","35.820","16","3","35.77","26591694-5e6c-469b-a06b-e74484c804ca","2022-01-26 12:59:54.585"
"ABB","35.810","9","35.820","16","3","35.77","986e5b0b-86d3-4534-acb2-c8c672a993ab","2022-01-26 12:59:54.585"
"ABB","35.820","16","35.830","17","3","35.77","2bf11a3c-e309-4523-8dba-c2e066b99b07","2022-01-26 12:59:54.585"
"ABB","35.820","9","35.830","34","3","35.77","0006af8a-2b65-4008-9ab4-f5d8d350376b","2022-01-26 12:59:54.585"
"ABB","35.800","9","35.810","17","3","35.76","7a5e25f1-ca2a-4a1f-92a3-f50a41b7b4c3","2022-01-26 13:00:31.970"
"ABB","35.810","6","35.820","31","3","35.76","ae7676f9-91da-4636-bf30-af52591ab9ae","2022-01-26 13:00:31.970"
"ABB","35.810","10","35.820","14","3","35.75","2703e13e-9750-4e69-8360-59e179deff3c","2022-01-26 13:00:49.420"
"ABB","35.810","7","35.820","21","3","35.75","db59a221-90f0-43a1-86ab-7a93a049e895","2022-01-26 13:00:49.420"
"ABB","35.810","6","35.820","24","3","35.75","5de4034a-9da7-4cd7-be41-18cb36fd6f34","2022-01-26 13:00:49.420"
"ABB","35.810","6","35.820","31","3","35.75","f8dbbde2-f1df-4654-94ff-b6b08d35a3fa","2022-01-26 13:00:49.420"
"ABB","35.730","1","35.740","29","3","35.70","3a507b45-88a4-49b7-ab0f-74afadd512b2","2022-01-26 13:02:02.659"
"ABB","35.740","10","35.750","15","3","35.70","43424bbf-8a12-49c6-b1f8-a111b74caf4b","2022-01-26 13:02:02.659"
"ABB","35.750","12","35.760","19","3","35.70","5cac5e25-539f-4cb2-91c4-762325ec0222","2022-01-26 13:02:02.659"
"ABB","35.740","5","35.750","21","3","35.68","fabf9379-cdb1-46d0-8e28-01b8ef31bd63","2022-01-26 13:03:43.697"
"ABB","35.670","2","35.680","21","-3","35.68","394a3ad0-b9be-4ce3-9d2d-f451494f8cb6","2022-01-26 13:04:11.476"
"ABB","35.670","2","35.680","21","-3","35.68","1e76d85e-beb7-4d25-be62-bb28d037407d","2022-01-26 13:04:11.476"
"ABB","35.670","2","35.680","21","-3","35.68","5cecb27a-2e37-4fb0-994e-b06c00298a87","2022-01-26 13:04:11.476"
"ABB","35.670","2","35.680","21","-3","35.68","441402ef-936e-486f-b225-b66b4615d648","2022-01-26 13:04:11.476"
"ABB","35.670","2","35.680","21","-3","35.68","2cee8262-7b11-44b4-af4e-3b97266b32b2","2022-01-26 13:04:11.476"
"ABB","35.670","15","35.680","10","-3","35.68","e1147111-3bc0-4033-9b86-35892a0fd16f","2022-01-26 13:06:15.602"
"ABB","35.670","15","35.680","10","-3","35.68","d29b6341-bac6-4f11-843c-baabc728fc3f","2022-01-26 13:06:15.602"
"ABB","35.670","15","35.680","10","-3","35.68","c510fc28-d864-403c-958e-35844681ce7e","2022-01-26 13:06:15.602"
"ABB","35.670","15","35.680","10","-3","35.68","9f40f755-62ab-4092-9a33-bbb222ab2baa","2022-01-26 13:06:15.602"
"ABB","35.670","15","35.680","10","-3","35.68","1c7bfedd-7e1f-4e15-9abf-4914b625645b","2022-01-26 13:06:15.602"
"ABB","35.670","15","35.680","10","-3","35.68","ab75a176-b0f2-4b45-88f8-8f64c33ac00c","2022-01-26 13:06:15.602"
"ABB","35.670","15","35.680","10","-3","35.68","e392742f-5c45-4da5-a895-0c5f7af45377","2022-01-26 13:06:15.602"
"ABB","35.670","15","35.680","10","-3","35.68","11077fd3-4db8-4791-8e68-9e56fea597c5","2022-01-26 13:06:15.602"
"ABB","35.670","15","35.680","10","-3","35.68","f8b6b826-b10b-4328-819b-c69afd18bb70","2022-01-26 13:06:15.602"
"ABB","35.670","15","35.680","10","-3","35.68","1c2404d3-af24-4806-b0a3-da3a04ab14b7","2022-01-26 13:06:15.602"
"ABB","35.670","15","35.680","10","-3","35.68","d59ae43c-673f-4e5c-a97b-7f6e606f5646","2022-01-26 13:06:15.602"
"ABB","35.670","15","35.680","10","-3","35.68","b8223fcc-bc6c-4d5b-b9aa-b195ba0f4b39","2022-01-26 13:06:15.602"
"ABB","35.680","6","35.690","17","-3","35.69","684c895c-9c1b-4ca5-be47-fc78a2259b0f","2022-01-26 13:06:42.134"
"ABB","35.680","6","35.690","17","-3","35.69","7d193c5f-d24e-4aba-a66e-54bdbf3ac13c","2022-01-26 13:06:42.134"
"ABB","35.750","3","35.760","30","3","35.76","a8898ab7-ceb6-4814-801d-d1dde34dc491","2022-01-26 13:13:30.006"
"ABB","35.700","14","35.710","12","-3","35.71","5bb3d951-0fe8-42a6-bd25-1cb2ef8a7d56","2022-01-26 13:20:41.404"
"ABB","35.730","7","35.740","20","3","35.74","31304021-c7fc-4691-a5ad-aa48cabe1d91","2022-01-26 13:33:20.006"
"ABB","35.740","15","35.750","25","-3","35.75","d7e68094-c3a4-4d14-b6bb-21c513e21302","2022-01-26 13:36:29.463"
"ABB","35.740","17","35.750","19","3","35.72","b58d3fa4-74a0-4f12-8b75-0243d8bc900a","2022-01-26 13:51:53.061"
"ABB","35.750","1","35.760","25","3","35.72","7fceb38c-240d-458b-be69-5fc3276bb68a","2022-01-26 13:51:53.061"
"ABB","35.740","24","35.750","1","-3","35.76","e6240487-0f95-4f98-b033-c0e4b181097d","2022-01-26 13:53:52.513"
"ABB","35.750","6","35.760","12","-3","35.76","df0739d9-5e8e-4185-a50a-32ce1ef4f4e5","2022-01-26 13:54:07.323"
"ABB","35.750","8","35.760","2","3","35.74","3e22e841-abe3-41fe-9e38-af102a50e2fb","2022-01-26 13:58:46.992"
"ABB","35.750","8","35.770","14","3","35.74","2271340b-8d77-44ef-bac4-58be250c98fc","2022-01-26 13:58:46.992"
"ABB","35.750","8","35.770","14","3","35.74","9e2c1650-e094-47f7-8339-c674c8c97169","2022-01-26 13:58:46.992"
"ABB","35.750","14","35.760","7","3","35.72","30ba5453-f151-4283-8893-c96c45e1a427","2022-01-26 13:58:54.986"
"ABB","35.750","8","35.760","11","3","35.72","c76b1ce4-ca05-4352-8c96-33377d975526","2022-01-26 13:58:54.986"
"ABB","35.750","21","35.760","3","3","35.72","eb8dea08-e496-4f9d-9505-11a7a0fa6a1c","2022-01-26 13:58:54.986"
"ABB","35.750","13","35.760","12","3","35.72","4bd429e8-e63f-4994-a81a-d7f8ab8aa923","2022-01-26 13:58:54.986"
"ABB","35.750","13","35.760","12","3","35.72","6c754649-0543-418e-86ef-d2c683702ecd","2022-01-26 13:58:54.986"
"ABB","35.750","3","35.760","21","3","35.72","a7285436-8435-4e6e-8bda-c44a43eaf3fd","2022-01-26 13:58:54.986"
"ABB","35.750","10","35.760","15","3","35.72","46bbe7d0-0bd5-4a1f-8105-7dd7c98bd43e","2022-01-26 13:58:54.986"
"ABB","35.750","6","35.760","11","3","35.72","6501c2aa-974f-4bf2-9ad9-11fb59caa4ab","2022-01-26 13:58:54.986"
"ABB","35.760","1","35.770","12","3","35.72","a3220304-81ff-4e39-84fe-e21ac43abcf1","2022-01-26 13:58:54.986"
"ABB","35.770","5","35.780","5","3","35.72","87ab703b-d600-4ce4-b296-e61400248cad","2022-01-26 13:58:54.986"
"ABB","35.770","12","35.790","11","3","35.72","7e69e180-7765-4dad-9a7d-91c23445d349","2022-01-26 13:58:54.986"
"ABB","35.700","10","35.710","4","-3","35.72","3bea1672-5bf9-4a4d-845e-32a757abc539","2022-01-26 13:59:15.581"
"ABB","35.700","10","35.710","4","-3","35.72","1fc97dcd-24ad-47e0-86da-f017c6523b21","2022-01-26 13:59:15.581"
"ABB","35.700","10","35.710","4","-3","35.72","69b6a993-22ba-4b7d-9ea0-f54f23de1d15","2022-01-26 13:59:15.581"
"ABB","35.700","10","35.710","4","-3","35.72","a9fee514-b2fc-4f63-8812-56da848c9324","2022-01-26 13:59:15.581"
"ABB","35.700","10","35.710","4","-3","35.72","b15ae8ca-8674-4226-92af-607da66e86b2","2022-01-26 13:59:15.581"
"ABB","35.700","10","35.710","4","-3","35.72","f1ddce4d-8e43-45aa-b3e6-e650a219ffb9","2022-01-26 13:59:15.581"
"ABB","35.700","10","35.710","4","-3","35.72","46fa2435-e5fe-44af-ac70-be296b396c7c","2022-01-26 13:59:15.581"
"ABB","35.720","1","35.730","7","-3","35.73","33519af9-937e-48f1-90ef-84691b2267ca","2022-01-26 13:59:26.299"
"ABB","35.720","1","35.730","7","-3","35.73","4f585c6e-3b82-40f8-a40b-a9e56045300c","2022-01-26 13:59:26.299"
"ABB","35.720","1","35.730","7","-3","35.73","868ffbe1-6a8d-4628-a4ee-0dfe841814f7","2022-01-26 13:59:26.299"
"ABB","35.720","1","35.730","7","-3","35.73","3feda49b-48bc-4607-82d4-653695fd40e8","2022-01-26 13:59:26.299"
"ABB","35.730","7","35.740","5","-3","35.74","2dab96a8-ba3f-4fec-aa40-872769cf515e","2022-01-26 13:59:37.422"
"ABB","35.730","7","35.740","5","-3","35.74","f60a91f7-6bdf-4d59-82be-77e7253f1639","2022-01-26 13:59:37.422"
"ABB","35.730","7","35.740","6","-3","35.74","c5e185aa-7a46-4bb8-ae2e-baec1bc44b82","2022-01-26 13:59:55.723"
"ABB","35.900","6","35.920","6","3","35.72","5704755f-feb6-4026-a24e-4648c8955a22","2022-01-26 14:14:28.222"
"ABB","35.840","8","35.850","9","3","35.72","a1cc89a1-f22b-4afa-96f5-779b99fca893","2022-01-26 14:14:28.222"
"ABB","35.840","7","35.850","3","3","35.72","16dd2024-da5f-4115-8a8b-5f3183ac7472","2022-01-26 14:14:28.222"
"ABB","35.800","7","35.820","11","3","35.72","908d4dfd-b515-4dfb-aceb-1118125a00c1","2022-01-26 14:14:28.222"
"ABB","35.790","1","35.800","7","3","35.72","8c1c8eb7-5deb-4be2-a63e-8b62f8e3c510","2022-01-26 14:14:28.222"
"ABB","35.780","8","35.790","3","3","35.72","4acf57a4-41d0-4b40-b629-9dbd31615a6c","2022-01-26 14:14:28.222"
"ABB","35.760","1","35.760","9","3","35.72","dc950a08-c146-4448-a6ad-e1afecdb916e","2022-01-26 14:14:28.222"
"ABB","35.750","4","35.760","9","3","35.72","a7c99f0f-a32c-4f27-815f-b2c399e9fc7f","2022-01-26 14:14:28.222"
"ABB","35.780","10","35.800","10","3","35.72","c42dd9ee-edfe-49f1-aaf9-83a46f0e8120","2022-01-26 14:14:28.222"
"ABB","35.800","12","35.810","2","3","35.72","fb4b86d4-b342-4a92-9bf9-5abd189716b1","2022-01-26 14:14:28.222"
"ABB","35.780","17","35.790","2","3","35.72","8930be74-bcc4-46b3-8b81-8e9225e64e9e","2022-01-26 14:14:28.222"
"ABB","35.790","8","35.800","11","3","35.72","1f9ac3d1-ca87-4b97-aa32-d551b682759d","2022-01-26 14:14:28.222"
"ABB","35.770","9","35.780","1","3","35.72","46a46e97-4732-4891-aaa3-ca056923aece","2022-01-26 14:14:28.222"
"ABB","35.780","8","35.790","1","3","35.72","42802dee-b3bd-48bb-8af1-7f85ee838fbb","2022-01-26 14:14:28.222"
"ABB","35.760","9","35.770","2","3","35.72","9af0b1ea-592b-40dc-ae94-f27055130bc3","2022-01-26 14:14:28.222"
"ABB","35.710","14","35.720","17","3","35.68","d5626536-143f-4d23-8fcb-66de6c7e9b50","2022-01-26 14:14:39.917"
"ABB","35.700","13","35.710","9","3","35.67","075cc244-f78c-4920-a3bc-730ec18d49e6","2022-01-26 14:14:40.429"
"ABB","35.690","11","35.700","20","3","35.67","669e8080-efaa-42f9-ab35-09357bdfc7c4","2022-01-26 14:14:40.429"
"ABB","35.690","10","35.700","20","3","35.67","199c5b36-5c57-4fba-875e-4fca343d3fe4","2022-01-26 14:14:40.429"
"ABB","35.730","1","35.740","28","3","35.65","3aad7d32-976b-4550-888e-69bacd7776a2","2022-01-26 14:14:42.684"
"ABB","35.730","5","35.740","22","3","35.65","46251e5d-c626-443d-bdcd-bf9acb7f1d35","2022-01-26 14:14:42.684"
"ABB","35.730","5","35.740","26","3","35.65","f9ca9b49-aea2-4644-8696-834cb368e635","2022-01-26 14:14:42.684"
"ABB","35.730","5","35.740","26","3","35.65","ec7986b2-0976-45fd-a47e-445b8654bd80","2022-01-26 14:14:42.684"
"ABB","35.730","5","35.740","17","3","35.65","0c561b26-7acc-4ec3-80c4-7e9469559eff","2022-01-26 14:14:42.684"
"ABB","35.700","14","35.710","14","3","35.65","7d303b9b-a9b7-4030-b9e7-129b17bb6422","2022-01-26 14:14:42.684"
"ABB","35.700","17","35.710","24","3","35.65","2191a9a7-8a21-47f9-bd81-03e332afc8e0","2022-01-26 14:14:42.684"
"ABB","35.630","9","35.640","3","-3","35.64","7b267c49-2f90-4e7b-b0ae-58fca17cfa05","2022-01-26 14:14:50.173"
"ABB","35.630","9","35.640","3","-3","35.64","38104673-dedc-4359-aa29-77d3f0a10646","2022-01-26 14:14:50.173"
"ABB","35.630","9","35.640","3","-3","35.64","27950378-91d7-4073-af9b-d9abd87d03a9","2022-01-26 14:14:50.173"
"ABB","35.630","9","35.640","3","-3","35.64","81beea9c-db0c-463e-b677-91cd946d199b","2022-01-26 14:14:50.173"
"ABB","35.660","12","35.670","1","-3","35.67","3d9a6aa4-2db3-446b-aa18-3b64dff724c2","2022-01-26 14:15:00.707"
"ABB","35.660","12","35.670","1","-3","35.67","47416975-cb0b-4317-b6b9-c6602fa69ea2","2022-01-26 14:15:00.707"
"ABB","35.680","7","35.690","10","-3","35.70","23ff5160-2ac8-440e-a8fa-0c0a2bfb0954","2022-01-26 14:15:27.320"
"ABB","35.680","7","35.690","10","-3","35.70","c3a2c4b8-9c8f-40b8-ab94-6bc0c6e7a45e","2022-01-26 14:15:27.320"
"ABB","35.680","7","35.690","10","-3","35.70","2af05927-2361-404b-9988-7a2e54f11208","2022-01-26 14:15:27.320"
"ABB","35.680","7","35.690","10","-3","35.70","725f5519-7ef3-4c01-a378-6ad7f70a0f52","2022-01-26 14:15:27.320"
"ABB","35.680","7","35.690","10","-3","35.70","805c0704-1fb0-4304-bff7-61373a4dc8a4","2022-01-26 14:15:27.320"
"ABB","35.690","7","35.700","6","-3","35.70","62bea950-b457-43ec-8e68-2c4b988f16e1","2022-01-26 14:15:27.782"
"ABB","35.690","7","35.700","6","-3","35.70","9d243db5-c5f5-40b9-a7d1-7005827ac96e","2022-01-26 14:15:27.782"
"ABB","35.690","7","35.700","6","-3","35.70","efc76b08-f091-4590-8d4a-3ea147700eda","2022-01-26 14:15:27.782"
"ABB","35.690","7","35.700","6","-3","35.70","a0358cff-25a9-43d4-ba3f-52c8a2122278","2022-01-26 14:15:27.782"
"ABB","35.690","7","35.700","6","-3","35.70","14029bf5-5a35-4562-8654-44095be6cb47","2022-01-26 14:15:27.782"
"ABB","35.690","7","35.700","6","-3","35.70","82dd1f44-7afd-4df0-b777-d4e36597798a","2022-01-26 14:15:27.782"
"ABB","35.690","7","35.700","6","-3","35.70","b0862ede-75b3-41d5-9254-a5ca9de4438e","2022-01-26 14:15:27.782"
"ABB","35.690","7","35.700","6","-3","35.70","182957f4-5089-473d-aae4-52cc00e076a4","2022-01-26 14:15:27.782"
"ABB","35.690","7","35.700","6","-3","35.70","b8f2227f-968c-46f6-8655-45f3de660c42","2022-01-26 14:15:27.782"
"ABB","35.690","7","35.700","6","-3","35.70","586815c9-e2cc-44d3-8751-db714b263420","2022-01-26 14:15:27.782"
"ABB","35.680","9","35.690","6","-3","35.69","347fbb9e-a5ef-42ef-af65-de1cd171bb2e","2022-01-26 14:15:31.555"
"ABB","35.680","9","35.690","6","-3","35.69","6026cbd1-6d42-4a47-b080-a018ce27be0e","2022-01-26 14:15:31.555"
"ABB","35.680","9","35.690","6","-3","35.69","bbf4d3a9-7f80-4b19-ae6d-0a24914d06f1","2022-01-26 14:15:31.555"
"ABB","35.700","9","35.710","1","-3","35.71","ef712c62-a4b5-45d4-83ac-3f88f52447f7","2022-01-26 14:15:40.557"
"ABB","35.690","9","35.700","2","-3","35.70","b3e06896-1502-43ae-94f4-1132f235b823","2022-01-26 14:15:50.725"
"ABB","35.770","20","35.780","21","3","35.75","51e5b496-83a2-48e6-9f5b-36e10b7f833b","2022-01-26 14:31:43.299"
"ABB","35.770","20","35.780","21","3","35.75","85d40fea-5d93-4e15-b483-eddd365f9e4e","2022-01-26 14:31:43.299"
"ABB","35.780","14","35.790","19","3","35.75","7260c8ef-096c-4c5f-bcd9-351b449ba523","2022-01-26 14:31:43.299"
"ABB","35.800","4","35.810","11","3","35.67","90b1d809-070c-4e0a-9498-142ca5656c9c","2022-01-26 14:34:23.195"
"ABB","35.790","26","35.800","2","3","35.67","7d6f9956-d617-4300-90c3-421e2b97ea6c","2022-01-26 14:34:23.195"
"ABB","35.800","13","35.810","7","3","35.67","3e07bb5a-472b-49db-9474-35e3a8968a97","2022-01-26 14:34:23.195"
"ABB","35.590","11","35.600","19","-3","35.60","c36746ab-2b93-42ad-b041-5813faedde8a","2022-01-26 14:34:53.431"
"ABB","35.590","11","35.600","19","-3","35.60","f1b2c8f8-f828-478d-bed6-3a4fec153cd5","2022-01-26 14:34:53.431"
"ABB","35.590","11","35.600","19","-3","35.60","70e96ee6-edc4-4c51-b779-740ba7b93d8f","2022-01-26 14:34:53.431"
"ABB","35.610","1","35.620","29","-3","35.62","36ee6794-4908-438f-8402-fb9ead83483f","2022-01-26 14:35:00.646"
"ABB","35.610","1","35.620","29","-3","35.62","54e58efc-89e7-46ed-b6df-33f57a76c086","2022-01-26 14:35:00.646"
"ABB","35.580","23","35.590","1","-3","35.59","edca5d26-ef5f-445b-9c13-d5afd03169ec","2022-01-26 14:35:30.451"
"ABB","35.750","13","35.760","13","3","35.65","a328c9cb-9f14-4bc8-8f86-89bf73e88e71","2022-01-26 14:41:50.463"
"ABB","35.630","11","35.640","15","-3","35.64","aec81b1b-f69b-444d-9934-9a24d0961796","2022-01-26 14:42:21.094"
"ALC","75.590","1","75.640","7","2","75.38","44317da9-efb1-4650-b340-47887229a4a3","2022-01-26 10:25:17.783"
"ALC","75.550","1","75.610","1","2","75.38","172ea738-c156-4a6c-aa70-3e133e9dff1b","2022-01-26 10:25:17.783"
"ALC","75.580","7","75.640","7","2","75.38","40aae15b-4ad0-4c9f-9738-e847aab2e7db","2022-01-26 10:25:17.783"
"ALC","75.580","7","75.640","7","2","75.38","11b2ea5b-b409-4f91-81a3-1bbe854b43c2","2022-01-26 10:25:17.783"
"ALC","75.360","9","75.440","7","-2","75.46","1abaff97-d9db-4fd4-96e5-a373d94cabb7","2022-01-26 10:26:19.661"
"ALC","75.360","9","75.440","7","-2","75.46","8cc319b7-e0d7-4aaf-84cd-0e3e445fb933","2022-01-26 10:26:19.661"
"ALC","75.360","9","75.440","7","-2","75.46","034a4879-7129-437e-bdd9-0d5b29eb5495","2022-01-26 10:26:19.661"
"ALC","75.400","9","75.460","1","-2","75.46","aae58c0d-a080-4372-8136-21b193f9625c","2022-01-26 10:26:20.044"
"ALC","75.600","7","75.700","10","2","75.54","3cc65d80-024c-46bc-ad6e-b0b9ff3e3b2f","2022-01-26 10:36:13.656"
"ALC","75.600","7","75.700","10","2","75.54","bad6fed8-2d70-459d-a78f-d9e8627e92fc","2022-01-26 10:36:13.656"
"ALC","75.480","9","75.580","9","-2","75.58","af6b1ce5-d8a5-4d92-be4f-1d6f727e18c8","2022-01-26 10:37:36.846"
"ALC","75.480","9","75.580","9","-2","75.58","e5f52701-6a33-479c-8a7c-e7059f53fb6c","2022-01-26 10:37:36.846"
"ALC","75.540","7","75.600","1","2","75.50","a2802f88-ef2e-440a-ab48-fd07bad24bd8","2022-01-26 10:40:18.496"
"ALC","75.520","7","75.560","2","-2","75.56","bbf240b2-d10b-461d-911e-3efca1bb839c","2022-01-26 10:41:58.741"
"ALC","75.550","1","75.620","7","2","75.38","64c5fb3a-f76a-404d-8767-91365ce7095a","2022-01-26 10:53:14.561"
"ALC","75.550","1","75.620","7","2","75.38","e9908743-c710-4352-8c30-15be79af1797","2022-01-26 10:53:14.561"
"ALC","75.540","7","75.620","7","2","75.38","260cf511-c921-4553-9771-963b9fa75612","2022-01-26 10:53:14.561"
"ALC","75.540","7","75.620","7","2","75.38","7758f7df-3731-4993-8479-64378968fbe3","2022-01-26 10:53:14.561"
"ALC","75.510","1","75.590","3","2","75.38","c20afdde-12b2-457a-b296-2a98085fa3c7","2022-01-26 10:53:14.561"
"ALC","75.510","1","75.590","3","2","75.38","96af9279-fb54-4a7a-b5c4-9cb87cced8c5","2022-01-26 10:53:14.561"
"ALC","75.510","1","75.590","3","2","75.38","426461cb-9ecd-4223-8f7e-bdf1ff2f2509","2022-01-26 10:53:14.561"
"ALC","75.510","1","75.590","3","2","75.38","b3581b36-05a7-442d-a063-882215c4ddbf","2022-01-26 10:53:14.561"
"ALC","75.540","8","75.590","1","2","75.32","bf7437bb-756c-4cec-935a-7e8718a1049c","2022-01-26 10:54:38.207"
"ALC","75.320","7","75.380","8","-2","75.38","8dd85982-68d5-49b3-b29e-7dd3bf8e552a","2022-01-26 10:54:55.072"
"ALC","75.320","7","75.380","8","-2","75.38","24faad1f-6238-45a6-8ec7-32ed111f04c0","2022-01-26 10:54:55.072"
"ALC","75.320","7","75.380","8","-2","75.38","09468e92-4932-402b-a92b-34bba481cf42","2022-01-26 10:54:55.072"
"ALC","75.320","7","75.380","8","-2","75.38","9edc308b-005e-4f46-a70e-dff24f96c1ad","2022-01-26 10:54:55.072"
"ALC","75.320","1","75.380","8","-2","75.38","9c7b9652-0499-4d62-9851-4d9853543191","2022-01-26 10:54:55.072"
"ALC","75.320","1","75.380","8","-2","75.38","c1ca617c-1227-4a03-b9b7-f424d4b83c92","2022-01-26 10:54:55.072"
"ALC","75.320","1","75.380","8","-2","75.38","915167d8-25a9-49a2-adb3-6097d624e60c","2022-01-26 10:54:55.072"
"ALC","75.330","1","75.380","8","-2","75.38","f9d04603-4dcc-4400-8ec8-cdd1a087abe2","2022-01-26 10:54:55.072"
"ALC","75.320","7","75.390","2","-2","75.39","a96eec4c-f58d-4493-848e-e1f34db4055f","2022-01-26 10:56:08.305"
"ALC","75.440","7","75.500","1","2","75.50","d01436ac-ac18-4022-a0f1-f1f9b2b1812f","2022-01-26 10:58:20.006"
"ALC","75.450","3","75.520","9","-2","75.52","6118ee7e-bb27-4bd9-b84f-f2a879948054","2022-01-26 11:02:12.170"
"ALC","75.560","3","75.620","2","2","75.50","1f846648-1a39-43ac-b233-b8b6f661fe0a","2022-01-26 11:30:01.716"
"ALC","75.560","3","75.620","2","2","75.50","69bcd370-78ab-4ae2-b205-01d44083fddb","2022-01-26 11:30:01.716"
"ALC","75.560","1","75.620","1","2","75.50","5b8fcded-a2de-4108-a2aa-11524ff619b8","2022-01-26 11:30:01.716"
"ALC","75.560","1","75.620","1","2","75.50","46ca4518-2ba4-4abe-bcdc-eda2eb807289","2022-01-26 11:30:01.716"
"ALC","75.560","1","75.620","1","2","75.50","56d9dc29-b096-4772-ae29-df5f99dc0a0f","2022-01-26 11:30:01.716"
"ALC","75.600","1","75.680","8","2","75.50","1f35b6a2-6edd-4126-a859-a75a64932a8d","2022-01-26 11:30:01.716"
"ALC","75.600","1","75.690","5","2","75.50","4b1f4b8d-664d-43aa-99cb-d7a0d7787fa7","2022-01-26 11:30:01.716"
"ALC","75.570","3","75.670","8","2","75.50","d0402376-7063-4ab7-bc12-99c276be91b2","2022-01-26 11:30:01.716"
"ALC","75.570","3","75.670","8","2","75.50","292aa39e-65b9-4798-a713-c98a7398f5cb","2022-01-26 11:30:01.716"
"ALC","75.570","3","75.670","8","2","75.50","63e2ed46-24b3-41c3-9a06-eeb5a0b1f333","2022-01-26 11:30:01.716"
"ALC","75.590","2","75.660","1","2","75.50","99b28cd8-037a-4ba4-9ddb-0ab187534c34","2022-01-26 11:30:01.716"
"ALC","75.500","2","75.700","2","-2","75.70","07e68988-6047-4966-aa1b-06439e57c591","2022-01-26 11:37:08.322"
"ALC","75.500","2","75.700","2","-2","75.70","ec04b018-a4e4-442d-a28f-ba006d3c1d62","2022-01-26 11:37:08.322"
"ALC","75.500","2","75.700","2","-2","75.70","98bb43fe-c8fe-4559-bd2d-f90aa369a6de","2022-01-26 11:37:08.322"
"ALC","75.500","2","75.700","2","-2","75.70","2292360a-0f24-44d2-9dbc-fba24ab7b440","2022-01-26 11:37:08.322"
"ALC","75.500","2","75.700","2","-2","75.70","cbb839a1-571e-45bc-a9ee-8fde901a0293","2022-01-26 11:37:08.322"
"ALC","75.500","2","75.700","2","-2","75.70","233f2d26-e502-4da3-b5a5-00be29875780","2022-01-26 11:37:08.322"
"ALC","75.640","2","75.770","2","-2","75.77","a0f4abff-43ad-443b-979e-5217935a7a30","2022-01-26 11:39:38.188"
"ALC","75.640","2","75.770","2","-2","75.77","3c075d52-8576-409e-b280-e4ca86f91f8e","2022-01-26 11:39:38.188"
"ALC","75.820","3","75.940","2","-2","75.94","78fa8cba-fb69-4bf7-90f3-946cc05d4171","2022-01-26 11:43:25.482"
"ALC","75.680","2","75.870","1","-2","75.87","732c9479-11a7-45b6-968f-0a5bbe3b5f6c","2022-01-26 11:48:41.062"
"ALC","75.570","3","75.740","1","-2","75.74","cb31dc80-860d-4dbe-9f48-f115bd872579","2022-01-26 11:57:05.075"
"ALC","75.700","1","75.810","1","2","75.63","1b3104ac-612d-42f0-836c-79fb40104b7a","2022-01-26 12:18:13.389"
"ALC","75.700","1","75.810","1","2","75.63","0b189b57-89da-461a-a7d5-0503a3c521c3","2022-01-26 12:18:13.389"
"ALC","75.700","1","75.810","1","2","75.63","2259f084-f5dd-46ee-a4cb-234aaa73070e","2022-01-26 12:18:13.389"
"ALC","75.700","1","75.810","1","2","75.63","143a8218-e0f7-4722-93b6-30f0c9bfdb9f","2022-01-26 12:18:13.389"
"ALC","75.700","1","75.810","1","2","75.63","0a72fcd0-6caa-405d-b15b-61f1e39e3534","2022-01-26 12:18:13.389"
"ALC","75.700","1","75.810","1","2","75.63","46deb577-2953-4d03-9f27-fb2df20295c7","2022-01-26 12:18:13.389"
"ALC","75.700","1","75.800","1","2","75.63","be388970-a7dd-4f37-bbd8-9fc50672ee98","2022-01-26 12:18:13.389"
"ALC","75.700","1","75.800","1","2","75.63","55e37418-4e49-4732-bcf1-c47193c6c98d","2022-01-26 12:18:13.389"
"ALC","75.700","1","75.800","1","2","75.63","0d932336-73a6-4b35-af13-89b274822d29","2022-01-26 12:18:13.389"
"ALC","75.650","2","75.760","2","-2","75.76","95792f28-20f4-4140-a3a1-99a72162e3a0","2022-01-26 12:26:34.578"
"ALC","75.650","2","75.760","2","-2","75.76","4caece7e-2e7b-4968-876d-53b402c26bde","2022-01-26 12:26:34.578"
"ALC","75.650","2","75.760","2","-2","75.76","8e90b475-b3e3-4869-afd7-cb9ad5296799","2022-01-26 12:26:34.578"
"ALC","75.650","2","75.750","2","-2","75.76","03b53690-36d6-4493-98c5-9b6fac8b88c7","2022-01-26 12:27:58.275"
"ALC","75.650","2","75.750","2","-2","75.76","cdfda6c3-7847-4295-8921-516f73fc0ef0","2022-01-26 12:27:58.275"
"ALC","75.660","1","75.760","2","-2","75.76","aca5a16c-d7a1-40fa-a603-0ca37c5f5fdd","2022-01-26 12:36:22.553"
"ALC","75.660","1","75.760","2","-2","75.76","f55f6bef-d889-4411-a26f-570fa3e997bf","2022-01-26 12:36:22.553"
"ALC","75.660","1","75.750","2","-2","75.75","295d3aac-e55a-4467-ba17-b70a33a22d1f","2022-01-26 12:42:31.902"
"ALC","75.730","3","75.840","1","-2","75.84","5b3ad04c-6e0e-4108-ac62-fa0628478450","2022-01-26 12:46:41.597"
"ALC","75.730","3","75.830","1","2","75.63","cbcd92f9-0580-4900-b7ab-c89f9278eb5f","2022-01-26 13:01:22.594"
"ALC","75.730","3","75.830","1","2","75.63","fb71686d-0008-44fa-9303-fc34cfa78ace","2022-01-26 13:01:22.594"
"ALC","75.730","3","75.830","1","2","75.63","c8cbbc62-a28e-4d88-bcc1-e6827bd1c89c","2022-01-26 13:01:22.594"
"ALC","75.730","3","75.830","1","2","75.63","9fcef46e-e67a-489e-b9bf-9d9873450614","2022-01-26 13:01:22.594"
"ALC","75.730","3","75.830","2","2","75.63","a40b0290-de7b-409c-b3b0-a1ad136a7e50","2022-01-26 13:01:22.594"
"ALC","75.730","3","75.820","1","2","75.63","62986656-49af-42dd-b0a7-1147a08801c6","2022-01-26 13:01:22.594"
"ALC","75.730","3","75.820","1","2","75.63","1f2b757f-dbe0-40c3-8005-fd4c3211f1e1","2022-01-26 13:01:22.594"
"ALC","75.730","3","75.820","1","2","75.63","da37e8ba-0e04-4c74-a8dd-4d291e569690","2022-01-26 13:01:22.594"
"ALC","75.730","3","75.820","1","2","75.63","f82c23e0-089e-414e-b738-d71fd3ab5344","2022-01-26 13:01:22.594"
"ALC","75.730","5","75.820","1","2","75.63","71751830-8d0a-4952-b7f8-9a89780a5bd8","2022-01-26 13:01:22.594"
"ALC","75.730","5","75.820","1","2","75.63","4b980959-9676-4cd0-b78f-641e611a51ca","2022-01-26 13:01:22.594"
"ALC","75.730","5","75.820","1","2","75.63","488fbfea-06f3-4a31-9cf3-8179066a1c63","2022-01-26 13:01:22.594"
"ALC","75.730","3","75.820","2","2","75.63","9f061276-f5c8-4bca-a77f-b29c3d3e2149","2022-01-26 13:01:22.594"
"ALC","75.730","3","75.820","1","2","75.63","917895f5-d746-4125-a8c8-d74648d91a52","2022-01-26 13:01:22.594"
"ALC","75.570","1","75.640","2","-2","75.64","6f5f8259-fb18-414e-9647-51a622d74ae5","2022-01-26 13:09:48.918"
"ALC","75.570","1","75.640","2","-2","75.64","9b25d2b8-590c-4813-a76d-b0e5b50fd605","2022-01-26 13:09:48.918"
"ALC","75.570","1","75.640","2","-2","75.64","aae599cb-91a0-49ea-9199-1b9a0c89c85d","2022-01-26 13:09:48.918"
"ALC","75.570","1","75.640","2","-2","75.64","b435c353-36e3-4448-9c65-51d70ba5d644","2022-01-26 13:09:48.918"
"ALC","75.570","1","75.640","2","-2","75.64","623cff3f-3795-4772-b4f7-d22b5d81de8a","2022-01-26 13:09:48.918"
"ALC","75.570","1","75.640","2","-2","75.64","2a96ebef-60c2-458d-bcc7-681cfea3b5d2","2022-01-26 13:09:48.918"
"ALC","75.570","1","75.640","2","-2","75.64","5dc47e86-9de1-4f02-a925-94bf7a8d9923","2022-01-26 13:09:48.918"
"ALC","75.570","3","75.640","2","-2","75.64","06e9b18d-52e4-46d7-9782-34d8088c9d3e","2022-01-26 13:09:48.918"
"ALC","75.570","3","75.640","2","-2","75.64","1a802afe-afed-4804-95f0-eb6115e87ec6","2022-01-26 13:09:48.918"
"ALC","75.570","3","75.640","2","-2","75.64","6756c192-1347-4958-94f5-d8d5f938d58e","2022-01-26 13:09:48.918"
"ALC","75.570","3","75.640","2","-2","75.64","c0228714-1d76-4d21-96f2-d8e0940c850c","2022-01-26 13:09:48.918"
"ALC","75.570","3","75.640","2","-2","75.64","e6ee88ad-9166-42fb-a15d-c7d0254c4363","2022-01-26 13:09:48.918"
"ALC","75.570","3","75.640","2","-2","75.64","b3a36e91-8011-4c3d-ae4c-f1e09e0a4395","2022-01-26 13:09:48.918"
"ALC","75.570","3","75.640","2","-2","75.64","5f5b2212-2533-43bd-b299-bbf3aa3836b7","2022-01-26 13:09:48.918"
"ALC","75.630","1","75.680","1","2","75.68","0cc58001-2dca-48f9-8b6f-46f89f1e3963","2022-01-26 13:12:00.006"
"ALC","75.680","3","75.780","1","-2","75.78","d3923477-38e5-44bd-bfdb-4070ca55a02f","2022-01-26 13:19:13.060"
"ALC","75.680","3","75.780","1","2","75.67","44e7b1fa-3eae-4bd4-bf0a-76c4f5cd5ab6","2022-01-26 13:20:07.306"
"ALC","75.680","3","75.780","1","2","75.67","8adab4f8-3ad2-42fd-b49d-dde40ec1d641","2022-01-26 13:20:07.306"
"ALC","75.650","1","75.720","2","-2","75.72","2c864e7d-965a-479d-909c-718283e11093","2022-01-26 13:20:25.446"
"ALC","75.650","2","75.720","1","-2","75.72","0e60d20b-2992-4724-af7a-ddc32d43091d","2022-01-26 13:23:11.223"
"ALC","75.660","1","75.740","3","2","75.63","3cde7f85-ee81-496c-816f-785af69395d5","2022-01-26 13:33:22.936"
"ALC","75.660","2","75.740","2","2","75.63","024446b7-a043-4620-85d5-ffe67f9f8e62","2022-01-26 13:33:22.936"
"ALC","75.660","1","75.740","2","2","75.63","cc485430-cd16-4480-937c-bc9251faae41","2022-01-26 13:33:22.936"
"ALC","75.660","1","75.740","2","2","75.63","c96b2dbb-ff69-4681-947f-c97aaf000810","2022-01-26 13:33:22.936"
"ALC","75.650","2","75.720","1","2","75.52","1b903084-b105-45f0-8a26-20157ad37547","2022-01-26 13:34:59.485"
"ALC","75.650","2","75.720","1","2","75.52","e63e32ad-58f2-47c6-95f3-974e7f5122de","2022-01-26 13:34:59.485"
"ALC","75.650","2","75.720","1","2","75.52","fae8355c-e317-472a-b21c-2418b864508e","2022-01-26 13:34:59.485"
"ALC","75.650","2","75.710","1","2","75.52","8cee89e1-9bbe-4ceb-8cfc-91f9d7e45047","2022-01-26 13:34:59.485"
"ALC","75.650","2","75.710","1","2","75.52","9f7b2c7e-68b2-428e-808c-89a984c70346","2022-01-26 13:34:59.485"
"ALC","75.670","3","75.740","2","2","75.52","f3f27ae9-ac14-4fa1-9a21-80054c6bc919","2022-01-26 13:34:59.485"
"ALC","75.670","3","75.740","2","2","75.52","f4e64626-da17-464e-b210-3c89cc5a4da0","2022-01-26 13:34:59.485"
"ALC","75.660","2","75.740","1","2","75.52","03f90d8e-e60b-4fa2-aa63-1f9577d5d516","2022-01-26 13:34:59.485"
"ALC","75.660","2","75.740","1","2","75.52","7ae87c2d-a42b-48bd-b17b-1d51bfaecc9a","2022-01-26 13:34:59.485"
"ALC","75.660","2","75.740","1","2","75.52","9763c4ee-bb03-4052-899d-d29cfda51d36","2022-01-26 13:34:59.485"
"ALC","75.530","2","75.660","1","-2","75.66","790f9912-9277-449b-81f1-968894775ad1","2022-01-26 13:36:24.267"
"ALC","75.530","2","75.660","1","-2","75.66","cefa6bb8-2453-4646-bd88-337690a2b7f0","2022-01-26 13:36:24.267"
"ALC","75.530","2","75.660","1","-2","75.66","160a4c13-ada9-4287-a8b0-993a63d659a2","2022-01-26 13:36:24.267"
"ALC","75.530","2","75.660","1","-2","75.66","02e82b28-e46a-4783-95b5-8f16b3f032f9","2022-01-26 13:36:24.267"
"ALC","75.530","2","75.660","1","-2","75.66","d655a72a-a40a-44e9-bd8e-38cf703e1c38","2022-01-26 13:36:24.267"
"ALC","75.530","2","75.660","1","-2","75.66","ad58b8b6-8c17-4b0c-94be-8552b6e336d7","2022-01-26 13:36:24.267"
"ALC","75.530","2","75.660","1","-2","75.66","8a823e3f-6996-498a-a8fa-f8ada77629a1","2022-01-26 13:36:24.267"
"ALC","75.500","1","75.660","1","-2","75.66","f676ccc2-a4a5-47dc-9014-9696b77d9edb","2022-01-26 13:36:24.267"
"ALC","75.500","1","75.660","1","-2","75.66","59ee5198-9947-409c-b778-7acce2cc89ac","2022-01-26 13:36:24.267"
"ALC","75.500","1","75.660","1","-2","75.66","e8a92f80-34e6-4978-aeab-b46ca5b7b7e1","2022-01-26 13:36:24.267"
"ALC","75.500","1","75.660","1","-2","75.66","96374ef5-f5c4-4e76-ba78-508e5d224c98","2022-01-26 13:36:24.267"
"ALC","75.500","1","75.660","1","-2","75.66","c110841c-6337-4b23-962b-1cd7b2f55ad8","2022-01-26 13:36:24.267"
"ALC","75.500","1","75.660","1","-2","75.66","4d4633e4-caf5-4c2a-8f8e-2954b77feea7","2022-01-26 13:36:24.267"
"ALC","75.500","1","75.660","1","-2","75.66","9d7e5ace-83ba-4803-8845-2d1e1d6c6a71","2022-01-26 13:36:24.267"
"ALC","75.660","2","75.940","2","2","75.65","c38e7c79-29b1-42c8-b73a-886db095f828","2022-01-26 13:58:34.806"
"ALC","75.670","2","75.920","2","-2","75.92","470009a3-7ea2-4dc6-868c-831b2b1fe5c0","2022-01-26 14:02:33.193"
"ALC","75.790","2","76.180","3","2","75.79","526ee7c5-8b02-4f06-9311-a067d454ef41","2022-01-26 14:07:45.215"
"ALC","75.790","2","76.180","3","2","75.79","d1ec8c77-084f-46e8-a1b6-e34de4f3c92a","2022-01-26 14:07:45.215"
"ALC","75.790","2","76.180","3","2","75.79","1830f5f7-b8c5-49cd-8681-9b964d51700e","2022-01-26 14:07:45.215"
"ALC","75.790","2","76.180","3","2","75.79","4b96cdf6-7ec0-4414-98a8-a7397bb4bb67","2022-01-26 14:07:45.215"
"ALC","75.790","2","76.220","2","2","75.69","5605521b-1c17-4eeb-97b8-bd818646f807","2022-01-26 14:12:30.210"
"ALC","75.790","2","76.180","2","2","75.69","09453b69-653c-44d9-b75c-889bb10bf925","2022-01-26 14:12:30.210"
"ALC","75.790","2","76.180","2","2","75.69","809c6a22-fa3b-419e-bbeb-b4c289b9fa50","2022-01-26 14:12:30.210"
"ALC","75.790","2","76.180","2","2","75.69","1950c0a9-02ef-4806-9d76-d14d97b3a758","2022-01-26 14:12:30.210"
"ALC","75.790","2","76.180","2","2","75.69","3bd80e16-352e-41a0-bef2-d0d6c2950b8f","2022-01-26 14:12:30.210"
"ALC","75.790","2","76.180","3","2","75.69","acbbf9c9-98ea-43c5-a03f-3e388755e1cb","2022-01-26 14:12:30.210"
"ALC","75.690","2","76.100","2","-2","76.10","7717e477-0616-40db-b7aa-e750c2e6698a","2022-01-26 14:14:13.800"
"ALC","75.690","2","76.100","2","-2","76.10","5b72634f-dfe9-431a-893b-3f905597674a","2022-01-26 14:14:13.800"
"ALC","75.690","2","76.100","2","-2","76.10","da2e6a0a-a594-4471-9fd2-4c1fac48a486","2022-01-26 14:14:13.800"
"ALC","75.690","2","76.100","2","-2","76.10","10f06bf0-2b54-4783-9911-11027f4a1ddf","2022-01-26 14:14:13.800"
"ALC","75.690","2","76.100","2","-2","76.10","2dfc0366-3ff8-4e24-9683-709a75551053","2022-01-26 14:14:13.800"
"ALC","75.690","2","76.100","2","-2","76.10","5feb4427-6af6-489d-afde-6f0c8ff8320f","2022-01-26 14:14:13.800"
"ALC","75.690","2","76.100","2","-2","76.10","49bfb824-da72-4dd8-9de9-56a89188f516","2022-01-26 14:14:13.800"
"ALC","75.690","2","76.100","2","-2","76.10","848ac5ec-1d6b-4237-ac33-c4e924676230","2022-01-26 14:14:13.800"
"ALC","75.690","2","76.100","2","-2","76.10","ef000c4a-1c23-49a5-b509-7432bdacb4a1","2022-01-26 14:14:13.800"
"ALC","75.700","2","76.100","2","-2","76.10","86761ac0-4a07-471e-a242-d0c3a52ed74a","2022-01-26 14:14:13.800"
"ALC","75.800","2","76.220","2","2","75.68","2e7ba38d-36ee-4dae-9d11-19b3ffcbd370","2022-01-26 14:14:33.975"
"ALC","75.800","2","76.220","2","2","75.68","ca938561-57cf-4856-a107-cddf32e196e2","2022-01-26 14:14:33.975"
"ALC","75.800","2","76.220","2","2","75.68","ae75bde8-321e-4958-b4e9-cfaf5202d3d8","2022-01-26 14:14:33.975"
"ALC","75.790","2","76.220","2","2","75.68","9de7028c-5830-4fc3-82e4-25b06159b132","2022-01-26 14:14:33.975"
"ALC","75.790","2","76.220","2","2","75.68","a317e23c-6b58-4455-830c-78408af1a512","2022-01-26 14:14:33.975"
"ALC","75.690","1","76.100","2","2","75.68","6b375dee-cbae-46c3-bc1d-e27b9babaf34","2022-01-26 14:14:33.975"
"ALC","75.700","2","76.030","2","2","75.68","c5c58bbd-2a18-45b0-8aea-5faedaa91637","2022-01-26 14:14:33.975"
"ALC","75.690","2","76.010","2","-2","76.01","bd5e22a2-c1e4-4374-8fd0-fc47c04b41d3","2022-01-26 14:15:34.935"
"ALC","75.690","2","76.010","2","-2","76.01","a3a683ee-0381-4b5c-9ce2-f68a6658770c","2022-01-26 14:15:34.935"
"ALC","75.690","2","76.010","2","-2","76.01","ffd5e0d1-abbd-4e7a-a12c-339b69c70d8e","2022-01-26 14:15:34.935"
"ALC","75.790","1","76.230","5","2","75.62","1900e7c6-dbab-40fb-bd50-181eb60bf720","2022-01-26 14:16:30.569"
"ALC","75.790","1","76.230","5","2","75.62","59d55d94-e298-4699-accb-628aa4ed9993","2022-01-26 14:16:30.569"
"ALC","75.650","2","75.940","2","2","75.45","c9c71d08-8c5e-4247-8dfc-76b8192857c1","2022-01-26 14:16:33.078"
"ALC","75.660","2","75.940","2","2","75.45","4c8935d7-b89c-4256-8f0d-f977e5a222e8","2022-01-26 14:16:33.078"
"ALC","75.280","2","75.590","3","-2","75.59","dda051c4-c216-4078-851a-1f36686d5e88","2022-01-26 14:21:25.840"
"ALC","75.280","2","75.590","3","-2","75.59","19106c50-808d-4890-b59e-ee42313da395","2022-01-26 14:21:25.840"
"ALC","75.280","2","75.590","3","-2","75.59","bf675613-e19e-4157-a867-3b2900a8e30c","2022-01-26 14:21:25.840"
"ALC","75.270","2","75.580","2","-2","75.58","6c49957a-acd9-436a-8d63-3b15c6441bec","2022-01-26 14:23:06.249"
"ALC","75.270","2","75.600","1","-2","75.60","626b865e-bcd5-41ce-b59d-7d540b88ed28","2022-01-26 14:23:07.030"
"ALC","75.270","2","75.600","1","-2","75.60","ca92df62-ff36-42c1-8c30-879fea805866","2022-01-26 14:23:07.030"
"ALC","75.270","2","75.590","3","-2","75.60","f1c0f35c-5656-4e82-8918-be975f407622","2022-01-26 14:23:07.030"
"ALC","75.270","2","75.590","3","-2","75.60","896fde60-aed3-479d-89d5-c0ae839c1b68","2022-01-26 14:23:07.030"
"ALC","75.480","3","75.900","2","2","75.62","f7e599d0-5576-4fb0-a4f9-6345aaf50284","2022-01-26 14:34:45.894"
"ALC","75.490","2","75.880","2","2","75.62","f1f70fec-4c62-4af2-81d8-0699c67256f8","2022-01-26 14:34:45.894"
"ALC","75.490","2","75.880","2","2","75.62","24e8cf69-76ba-4dcc-91ac-ab60b7e6e9a8","2022-01-26 14:34:45.894"
"ALC","75.490","2","75.880","2","2","75.62","56e44fe7-dde2-46fe-a565-e18bf0e70d98","2022-01-26 14:34:45.894"
"ALC","75.310","3","75.480","1","-2","75.48","9fe0daf4-8da9-42bb-8853-46a615535e3e","2022-01-26 14:37:27.578"
"ALC","75.420","1","75.590","2","-2","75.61","75490e01-c156-4f84-be05-a04d93e7132f","2022-01-26 14:37:35.192"
"ALC","75.420","1","75.590","2","-2","75.61","8714e312-3d05-4e32-b2b9-f04a5c0a943a","2022-01-26 14:37:35.192"
"ALC","75.440","3","75.650","1","-2","75.65","da426722-18b3-4224-b53f-662152ad0a77","2022-01-26 14:38:33.844"
"ALC","75.620","3","75.730","1","2","75.26","b79aceb3-cb3f-4602-85cb-6e199c43f937","2022-01-26 14:43:28.169"
"ALC","75.620","3","75.800","2","2","75.26","f500a729-103f-427b-81e2-6d1e4e9678b1","2022-01-26 14:43:28.169"
"ALC","75.650","3","75.800","1","2","75.26","57ccb20a-06f9-4234-b6aa-dac80187ce22","2022-01-26 14:43:28.169"
"ALC","75.650","3","75.800","1","2","75.26","0a62b167-2c38-4e1f-89f2-6df259bbfaa0","2022-01-26 14:43:28.169"
"ALC","75.520","2","75.720","1","2","75.26","2bd5cc76-b11c-4294-bcef-84d4724bb2b7","2022-01-26 14:43:28.169"
"ALC","75.470","2","75.710","1","2","75.26","5caf8f09-4f33-437b-93a2-91470a70cfb0","2022-01-26 14:43:28.169"
"ALC","75.200","9","75.300","8","2","75.19","af0c1272-bafb-437d-be69-37f666339a18","2022-01-26 14:43:29.402"
"ALC","75.200","9","75.300","8","2","75.19","8644e9a5-c214-42a0-a5e3-1882171b0a8b","2022-01-26 14:43:29.402"
"ALC","75.220","9","75.300","1","2","75.19","7a5231b6-eaac-4455-8c7b-6820bd5548b4","2022-01-26 14:43:29.402"
"ALC","75.300","7","75.370","1","2","75.16","36ffe3a6-10da-4208-9e2e-c8424203d9e9","2022-01-26 14:43:40.722"
"ALC","75.300","7","75.370","1","2","75.16","bfb45e03-4eff-4720-90b4-a2ec3c977677","2022-01-26 14:43:40.722"
"ALC","75.300","7","75.370","1","2","75.16","f6323779-68e2-45c1-8188-ebdb06c115b6","2022-01-26 14:43:40.722"
"ALC","75.340","9","75.400","1","2","75.16","ec2e6c23-a2fb-4827-ad6e-4c8b94e2bc00","2022-01-26 14:43:40.722"
"ALC","75.340","9","75.400","1","2","75.16","0489bc88-c93f-4da5-a277-6ed40e84bf79","2022-01-26 14:43:40.722"
"ALC","75.340","3","75.420","8","2","75.16","c36c36b2-5749-461a-9bf3-97f6918d6486","2022-01-26 14:43:40.722"
"ALC","75.340","3","75.420","8","2","75.16","e9f4da2a-b872-40bc-83a3-6160ea6fd20c","2022-01-26 14:43:40.722"
"ALC","75.360","9","75.420","1","2","75.16","10092343-5130-45cd-bc3b-748a73644b61","2022-01-26 14:43:40.722"
"ALC","75.090","2","75.300","1","-2","75.30","fb9c9c6c-7aba-43f8-980a-cd877ddd422b","2022-01-26 14:44:03.804"
"ALC","75.110","3","75.360","2","-2","75.36","aab26056-d483-4b78-9b08-e39d2c36cc35","2022-01-26 14:44:19.593"
"ALC","75.110","3","75.360","2","-2","75.36","e981b618-2a5a-4326-96f3-3f4980075a1c","2022-01-26 14:44:19.593"
"ALC","75.110","3","75.360","2","-2","75.36","37e3a61e-f220-4131-9af3-fd1ffe9ad9f2","2022-01-26 14:44:19.593"
"ALC","75.110","3","75.360","2","-2","75.36","665bf204-d140-4c98-bcc1-571b2bf10a09","2022-01-26 14:44:19.593"
"ALC","75.110","3","75.360","2","-2","75.36","cbfcf0e5-a840-44ee-9d65-c17691fc50f0","2022-01-26 14:44:19.593"
"ALC","75.110","3","75.360","2","-2","75.36","68854e44-9a50-4c33-80d9-ea842b53b849","2022-01-26 14:44:19.593"
"ALC","75.110","3","75.360","2","-2","75.36","690e5ec5-ae99-43e6-8594-446923da5160","2022-01-26 14:44:19.593"
"ALC","75.110","3","75.360","2","-2","75.36","e2fb45ed-2f90-41a3-a5d1-0a8a79ace082","2022-01-26 14:44:19.593"
"ALC","74.910","2","75.100","1","-2","75.10","030ed96a-bf05-4c24-a1d1-057caa3ce560","2022-01-26 14:45:35.006"
"ALC","74.910","2","75.100","1","-2","75.10","e985d24b-bbe1-4419-a6ec-9b58c0235282","2022-01-26 14:45:35.006"
"ALC","74.910","2","75.100","1","-2","75.10","74ac39e4-6a45-4615-84c7-09bca84cd38a","2022-01-26 14:45:35.006"
"ALC","74.840","1","75.100","2","-2","75.10","9c85846e-6680-482b-8ab8-09090d21fbd5","2022-01-26 14:45:44.935"
"ALC","74.840","1","75.100","2","-2","75.10","951c27f7-ea8c-4aa5-88a9-8f98801452b1","2022-01-26 14:45:44.935"
"ALC","74.840","1","75.100","2","-2","75.10","cb41f20d-b21a-427c-8606-f19e2f9a108e","2022-01-26 14:45:44.935"
"ALC","74.820","3","75.100","1","-2","75.10","744c3d47-b167-4c57-baaa-0c17a8744760","2022-01-26 14:45:50.088"
"ALC","74.600","3","74.870","2","-2","74.87","dcd4d211-1aab-4f70-b9e0-f3cd9e0b7980","2022-01-26 14:50:39.756"
"AEE","86.780","1","86.840","3","2","86.59","d3b4104e-8fa9-403e-986c-e683c275c11a","2022-01-26 10:25:22.744"
"AEE","86.680","1","86.740","1","2","86.59","f2d47097-4e40-4c97-8d60-71a7764883ed","2022-01-26 10:25:22.744"
"AEE","86.840","1","86.910","3","2","86.56","91b326b7-9fff-4ac8-93b5-0a0d67608641","2022-01-26 10:25:27.679"
"AEE","86.760","1","86.800","1","2","86.56","c8611445-f2fa-4d25-a643-7907ae7db2e1","2022-01-26 10:25:27.679"
"AEE","86.760","1","86.800","1","2","86.56","158a163a-43da-4164-938a-dfd5051f9b0f","2022-01-26 10:25:27.679"
"AEE","86.790","1","86.830","2","2","86.56","424dbfd7-2e58-4831-9898-f511c01d8c10","2022-01-26 10:25:27.679"
"AEE","86.780","1","86.840","3","2","86.56","f8056bc0-9443-48fd-88f6-9ee7dd29a66d","2022-01-26 10:25:27.679"
"AEE","86.660","1","86.730","1","2","86.51","634faf16-e504-46ed-8723-62f17b332684","2022-01-26 10:25:27.902"
"AEE","86.650","3","86.760","1","2","86.44","035f2022-27aa-4fb5-b733-eed09c04b98d","2022-01-26 10:25:49.250"
"AEE","86.650","3","86.760","1","2","86.44","34db60e8-5ffa-4d7c-a883-e11426731f27","2022-01-26 10:25:49.250"
"AEE","86.440","2","86.490","1","-2","86.49","f8aebd81-d407-4d21-895b-c57210089efc","2022-01-26 10:26:03.515"
"AEE","86.440","2","86.490","1","-2","86.49","3a2b263a-2cc5-41fe-a2be-0e7ff68dbdf2","2022-01-26 10:26:03.515"
"AEE","86.440","2","86.490","1","-2","86.49","de85b36f-3560-40b6-b3ff-23bba3d0929b","2022-01-26 10:26:03.515"
"AEE","86.440","2","86.490","1","-2","86.49","29e84827-d19c-40dd-9046-887d09d8c1c3","2022-01-26 10:26:03.515"
"AEE","86.460","2","86.500","3","-2","86.50","999b8d4b-45db-446c-8596-b1f6e580ed02","2022-01-26 10:26:11.560"
"AEE","86.460","2","86.500","3","-2","86.50","f5864b0a-6763-4298-b2d9-d9711522574b","2022-01-26 10:26:11.560"
"AEE","86.460","2","86.500","3","-2","86.50","f0f5cbc3-5fe4-42a0-9c72-abd53605c7d0","2022-01-26 10:26:11.560"
"AEE","86.480","2","86.530","2","-2","86.53","d5f4cf13-39d5-4e3a-a989-da64ea07e4fa","2022-01-26 10:27:02.256"
"AEE","86.480","1","86.520","1","-2","86.52","dad997f1-ecc0-4866-9ac3-5e356da1f0b8","2022-01-26 10:27:49.001"
"AEE","86.420","1","86.460","1","-2","86.48","41193dd1-0129-4e45-b3f3-899ae5a0293a","2022-01-26 10:28:13.782"
"AEE","86.360","2","86.420","4","2","86.30","8ec60f56-5504-41a1-a3de-0b7b4cd71ef6","2022-01-26 11:00:17.978"
"AEE","86.370","1","86.420","6","2","86.30","e84d0d81-150f-45a4-b0ea-a7b6f8fd4162","2022-01-26 11:00:17.978"
"AEE","86.440","3","86.480","1","2","86.30","672d61f5-ccab-48e2-a4b2-f872ee6d374b","2022-01-26 11:00:17.978"
"AEE","86.390","2","86.470","2","2","86.30","602ef11c-a396-4e08-a94e-bc5686f59b86","2022-01-26 11:00:17.978"
"AEE","86.340","3","86.380","1","-2","86.38","2b988524-02b2-4cbc-a774-3f8a95f2947c","2022-01-26 11:01:26.066"
"AEE","86.340","2","86.380","2","-2","86.38","5880efe4-efe4-4540-91ba-d567e425a6fb","2022-01-26 11:01:40.896"
"AEE","86.310","3","86.360","1","-2","86.36","2361943d-480c-4363-a0ad-70f891694b13","2022-01-26 11:02:22.157"
"AEE","86.260","2","86.310","2","-2","86.31","bf310134-564f-4e21-a717-b39ba24717cf","2022-01-26 11:05:38.813"
"AEE","86.400","3","86.440","1","2","86.38","7620a33f-e54b-4653-a250-df15b4205bf3","2022-01-26 11:10:46.767"
"AEE","86.280","2","86.340","1","2","86.25","ff78d609-7702-44e1-9d11-a01b57d042c3","2022-01-26 11:20:14.033"
