"Symbol","Bid","Bid Sz","Ask","Ask Sz","Shares","Price","Order ID","Timestamp"
"AA","47.880","7","47.910","3","251","47.67","60b9d51c-0a18-4af0-a844-c58eeb638a22","2021-11-09 10:23:06.766"
"AA","47.940","2","47.950","5","251","47.67","e96787c1-a13b-4c90-a920-9158c32e3baa","2021-11-09 10:23:06.766"
"AA","48.000","23","48.050","6","251","47.65","f0e75bed-49cd-483a-94e9-6c3f1311b3a0","2021-11-09 10:23:32.610"
"AA","48.020","1","48.050","6","251","47.65","0afb1176-061e-43a0-bf84-8201fec30ca7","2021-11-09 10:23:32.610"
"AA","47.960","1","48.020","5","251","47.65","bb1ac159-a2fd-47c4-873c-d8f86d229d19","2021-11-09 10:23:32.610"
"AA","47.970","4","48.020","4","251","47.65","352762a2-ee2a-41f7-99bd-36c1853255d2","2021-11-09 10:23:32.610"
"AA","47.640","1","47.700","1","-251","47.72","a098780e-8e36-4c95-9527-1766d1fdf2c0","2021-11-09 10:24:32.522"
"AA","47.660","3","47.730","2","-251","47.73","4d768b9e-a20d-469a-ba52-a6af4ced378d","2021-11-09 10:24:32.533"
"AA","47.650","2","47.690","3","-251","47.69","b44ab732-f242-4110-8f3c-83c64cdaa812","2021-11-09 10:24:55.281"
"AA","47.650","2","47.690","3","-251","47.69","a40cb5a5-4ef0-42f9-97a2-5def2ef9e6ab","2021-11-09 10:24:55.281"
"AA","47.690","22","47.730","1","-251","47.73","a4875054-b7b5-487c-8cf9-5d50b8be44e8","2021-11-09 10:25:01.563"
"AA","47.710","3","47.760","3","-251","47.76","8859bd57-864c-4fee-b273-f169ea79d456","2021-11-09 10:25:12.555"
"AA","47.950","4","48.000","4","251","47.71","db32806a-7d55-47c2-a86e-ccc49657325b","2021-11-09 10:40:09.314"
"AA","48.000","1","48.020","1","251","47.71","0cbf306f-0cbe-49c7-a952-9312e315e619","2021-11-09 10:40:09.314"
"AA","47.990","1","48.020","1","251","47.71","36dfc673-df6e-422d-a378-214bb399a29f","2021-11-09 10:40:09.314"
"AA","48.060","1","48.090","1","251","47.71","cbbd75e4-476a-4dd0-a943-42d8b79c99ff","2021-11-09 10:40:09.314"
"AA","48.020","12","48.060","1","251","47.71","26abfdc7-c5f4-4417-9fa4-eda886dfe833","2021-11-09 10:40:09.314"
"AA","48.020","12","48.060","3","251","47.71","d62b947d-e161-4e27-b6fa-ee6df5f6756a","2021-11-09 10:40:09.314"
"AA","47.810","3","47.820","10","-251","47.82","3fb00e02-f83e-421c-bac5-dd0fd9236740","2021-11-09 10:40:20.056"
"AA","47.810","3","47.820","10","-251","47.82","4231f80c-beef-4220-8929-e4c8095fc898","2021-11-09 10:40:20.056"
"AA","47.810","3","47.820","10","-251","47.82","c5112afd-5f3c-4aa2-a4a9-faff2df6069c","2021-11-09 10:40:20.056"
"AA","47.830","4","47.870","1","-251","47.87","cd40997d-bb7f-497f-a419-b8a2ea10d5b9","2021-11-09 10:40:32.351"
"AA","47.830","4","47.870","1","-251","47.87","37a4419a-0083-4431-b855-99281ba991a6","2021-11-09 10:40:32.351"
"AA","47.860","14","47.910","2","-251","47.91","f3da6c97-87e6-4298-a49c-fe72d1860240","2021-11-09 10:40:49.949"
"AA","47.950","1","47.990","1","250","47.93","5b28d9d9-cb6f-4e11-b916-93b9495cd699","2021-11-09 10:47:44.863"
"AA","47.990","1","48.020","1","251","47.64","34395553-b54f-4255-9584-1fa57e83d8ef","2021-11-09 10:50:40.292"
"AA","47.860","1","47.900","1","251","47.64","e018fca7-bf51-4644-94c1-e509f17f0a69","2021-11-09 10:50:40.292"
"AA","47.880","1","47.920","2","251","47.64","ad2c622d-0f16-4239-9518-b9479370ca48","2021-11-09 10:50:40.292"
"AA","47.880","3","47.920","2","251","47.64","7e86d106-7f62-44c1-abbe-b9b7147cce63","2021-11-09 10:50:40.292"
"AA","47.640","4","47.690","1","-250","47.69","27eb8e49-ea8b-4dd9-b3b3-bc942be6baf2","2021-11-09 10:51:00.755"
"AA","47.660","3","47.690","2","-251","47.69","b0ce9f8e-1164-4097-868f-91285ea3fdf7","2021-11-09 10:51:00.755"
"AA","47.660","3","47.690","2","-251","47.69","4509f9c4-92ad-4417-95c2-553ac3384e29","2021-11-09 10:51:00.755"
"AA","47.690","1","47.720","1","-251","47.72","b5bc811f-66e4-40e0-911b-389e749a064e","2021-11-09 10:51:11.737"
"AA","47.580","7","47.620","1","-251","47.62","4b4d54b3-551a-4631-b181-2e0183cf98cc","2021-11-09 10:53:21.310"
"AA","47.720","4","47.750","3","251","47.72","9ce38653-9397-4667-b04d-6d70b37f0acf","2021-11-09 11:00:10.467"
"AA","47.690","3","47.710","3","-251","47.72","4e5c2edb-29df-44f4-99af-3474db62471b","2021-11-09 11:02:29.008"
"AA","47.850","3","47.880","1","252","47.59","0d61437b-a011-4e28-927c-8dbc3b7670fb","2021-11-09 11:12:32.709"
"AA","47.840","3","47.870","2","252","47.58","fbb32248-1f44-4b70-9d8f-b537793bb70a","2021-11-09 11:12:32.739"
"AA","47.850","3","47.890","1","252","47.58","19ebc30a-ea3c-4c0b-914b-79ae363edd56","2021-11-09 11:12:32.739"
"AA","47.790","3","47.830","1","252","47.58","c384aadb-e4bd-45bd-b750-15ba69642bf9","2021-11-09 11:12:32.739"
"AA","47.790","39","47.830","3","252","47.54","656b2233-3126-4ca5-960e-50cd3347483f","2021-11-09 11:12:47.898"
"AA","47.790","39","47.830","3","252","47.54","7876a6f0-2553-47c0-966e-3476549a8186","2021-11-09 11:12:47.898"
"AA","47.790","39","47.830","3","252","47.54","fa15b8d0-8185-4582-8df2-4475e0fc2f5b","2021-11-09 11:12:47.898"
"AA","47.790","39","47.830","3","252","47.54","eb60ef84-a3aa-4646-bc62-beef5da132a6","2021-11-09 11:12:47.898"
"AA","47.780","2","47.810","2","252","47.54","4130af74-1282-4024-85b9-cd5ac79f5578","2021-11-09 11:12:47.898"
"AA","47.510","7","47.550","2","-252","47.55","607baee2-dfc4-4783-941c-42f502500d89","2021-11-09 11:13:33.897"
"AA","47.510","7","47.550","3","-252","47.55","3edff306-3cc5-4b76-a968-885b6beaf2d1","2021-11-09 11:13:56.697"
"AA","47.510","2","47.530","1","-252","47.54","9eaf1d55-7ddf-4753-8668-6fe293e02a65","2021-11-09 11:14:13.060"
"AA","47.510","2","47.530","1","-252","47.54","67da51fb-fdcd-46b0-a999-fadef6a46551","2021-11-09 11:14:13.060"
"AA","47.510","2","47.530","1","-252","47.54","0d90bfe7-4ae5-4bcc-8f40-7a803243e5c9","2021-11-09 11:14:13.060"
"AA","47.510","2","47.530","1","-252","47.54","96d5c843-c8d9-473b-a515-e691bda34b05","2021-11-09 11:14:13.060"
"AA","47.510","1","47.540","3","-252","47.54","8e8e9f9c-e1c3-4603-8eb5-d2d16fbf7b1c","2021-11-09 11:14:20.341"
"AA","47.510","1","47.540","3","-252","47.54","7be98d66-b947-4865-8d8a-7c1161104710","2021-11-09 11:14:20.341"
"AA","47.510","1","47.540","3","-252","47.54","92399866-264e-4ed2-a03a-e638e3aacd2b","2021-11-09 11:14:30.021"
"AA","47.860","3","47.920","1","252","47.47","d2622ce8-5892-44d8-897b-06c3e872ddcc","2021-11-09 11:15:10.542"
"AA","47.480","2","47.510","3","-252","47.51","b3a259d6-8d50-430c-a3d0-bfc7519cc02e","2021-11-09 11:15:50.647"
"AA","47.570","4","47.600","4","252","47.60","75f4aa3a-6861-46a7-aea9-c9820bd98194","2021-11-09 11:19:40.006"
"AA","47.620","35","47.660","1","-252","47.66","2b55ab15-9dea-46ba-8c0f-bd4207acabe9","2021-11-09 11:23:46.954"
"AA","47.660","10","47.690","1","251","47.69","749b4d4c-2117-4e9a-aff5-3dd3d70525cc","2021-11-09 11:25:20.006"
"AA","47.670","12","47.690","4","-251","47.69","79f9a81e-f7c2-4a07-8969-e5369cfbfc29","2021-11-09 11:26:01.882"
"AA","47.730","1","47.760","8","251","47.65","d912eb06-8d09-4568-b3f6-7b1697a87526","2021-11-09 11:45:41.338"
"AA","47.700","1","47.730","1","251","47.65","777e73fa-e868-4f65-8777-aebb4b7f9542","2021-11-09 11:45:41.338"
"AA","47.700","1","47.730","4","251","47.65","ee47eb99-6e16-4951-988f-e8a4a5d0d4a1","2021-11-09 11:45:41.338"
"AA","47.650","948","47.670","1","-251","47.67","99e42105-5f8a-4165-8986-3085fae146f3","2021-11-09 11:46:10.165"
"AA","47.650","948","47.670","1","-251","47.67","2bb74252-493b-4b6c-bd1f-0808163d51f3","2021-11-09 11:46:10.165"
"AA","47.670","10","47.710","2","-251","47.71","53ca98e1-f6d3-48d9-b3f3-4bbc51a8da22","2021-11-09 11:46:23.546"
"AA","47.710","854","47.740","1","251","47.65","386ea943-4d44-4d7f-8a5e-87e3d369e0cd","2021-11-09 11:47:22.421"
"AA","47.680","1","47.710","2","252","47.54","00dad526-b7b8-4af5-bcb7-b6aeb99ea51f","2021-11-09 11:48:17.863"
"AA","47.690","1","47.720","1","252","47.54","26547d2e-6bcc-4b76-b916-cf8965ade7d1","2021-11-09 11:48:17.863"
"AA","47.570","2","47.600","3","252","47.49","b57b3bd0-8f26-4722-9fdd-f5575557dc69","2021-11-09 11:48:52.327"
"AA","47.560","2","47.600","2","252","47.49","5d0e3ab4-664a-4300-a0e5-66be26469ff5","2021-11-09 11:48:52.327"
"AA","47.720","1","47.760","20","252","47.47","7a4b043d-02f1-4207-9a15-6ff1bbe5c7cb","2021-11-09 11:48:55.128"
"AA","47.720","1","47.740","2","252","47.47","27b30462-2235-497a-8efd-8221f19abf9d","2021-11-09 11:48:55.128"
"AA","47.740","1","47.770","1","252","47.47","80e36eb2-70a1-4845-b186-96bf12332e6e","2021-11-09 11:48:55.128"
"AA","47.670","1","47.710","4","252","47.47","81a78a29-f9ba-44a0-9def-63693901d339","2021-11-09 11:48:55.128"
"AA","47.620","1","47.670","2","252","47.47","ae58cd40-e501-4fa4-aa2c-c0eaf7d031b8","2021-11-09 11:48:55.128"
"AA","47.680","1","47.700","1","252","47.47","f93b73db-6112-4530-bdc4-a08055538670","2021-11-09 11:48:55.128"
"AA","47.680","1","47.710","1","252","47.47","520484c5-a1f4-4917-b0e5-122252b38087","2021-11-09 11:48:55.128"
"AA","47.590","10","47.610","5","252","47.47","b6702bac-76c2-4598-8ce4-4b0cd501d8ff","2021-11-09 11:48:55.128"
"AA","47.570","2","47.600","2","252","47.47","08452dbd-a66b-42b1-b90b-b3ba4807d95c","2021-11-09 11:48:55.128"
"AA","47.600","3","47.620","5","252","47.47","ecf2bcea-5026-47bc-b130-e87715eeeaf3","2021-11-09 11:48:55.128"
"AA","47.880","3","47.910","2","252","47.44","fcc1d357-c2f9-47d6-8598-0ab4e705e2ef","2021-11-09 11:49:10.874"
"AA","47.410","1","47.430","1","-252","47.43","e5c28a26-1eed-4392-8f54-a6f2649571b7","2021-11-09 11:49:22.200"
"AA","47.410","1","47.430","1","-252","47.43","e25c9b72-bf1b-4b00-a171-689b4929d37f","2021-11-09 11:49:22.200"
"AA","47.410","1","47.430","1","-252","47.43","4b686821-552a-4674-a201-34d3a650a023","2021-11-09 11:49:22.200"
"AA","47.410","1","47.430","1","-252","47.43","31e7430e-bcb6-4c7b-873c-0cdc335e29e0","2021-11-09 11:49:22.200"
"AA","47.420","1","47.450","2","-252","47.45","6e1cd884-2139-488f-a0c7-1b99eae7cebd","2021-11-09 11:49:49.572"
"AA","47.420","1","47.450","2","-252","47.45","d31c3ae3-82ae-4a97-8441-7a82715fa3ee","2021-11-09 11:49:49.572"
"AA","47.420","1","47.450","2","-251","47.45","5f336039-2534-43e9-bb2e-184bb75e4643","2021-11-09 11:49:49.572"
"AA","47.420","1","47.450","2","-252","47.45","b30547a3-0eeb-40f2-a8ea-7e4e352183a3","2021-11-09 11:49:49.572"
"AA","47.420","1","47.450","2","-252","47.45","f438fbbb-6512-4513-af66-0c91aa92b704","2021-11-09 11:49:49.572"
"AA","47.420","1","47.450","2","-252","47.45","38c20b0a-3b9d-42d4-8bbd-7cc2c7109ddf","2021-11-09 11:49:49.572"
"AA","47.420","1","47.450","3","-252","47.45","44bb968f-aae4-4956-bb6e-2a1e8039c97e","2021-11-09 11:49:49.572"
"AA","47.420","1","47.450","3","-252","47.45","5ad53e5b-d133-46f9-89e8-acdc31316d48","2021-11-09 11:49:49.572"
"AA","47.420","1","47.450","3","-252","47.45","b3d59314-4804-4b09-816e-878fbb1cd3ca","2021-11-09 11:49:49.572"
"AA","47.390","1","47.410","2","-252","47.41","2627ef4f-f171-4006-aeff-fd7cb5c7e149","2021-11-09 11:51:28.688"
"AA","47.390","1","47.410","2","-252","47.41","1f4539fe-2aab-4a25-b1d8-2f32588ee8c6","2021-11-09 11:51:28.688"
"AA","47.390","4","47.410","1","-252","47.41","750bc356-da17-457a-8e46-7ee9a1396865","2021-11-09 11:51:49.195"
"AA","47.930","2","47.990","1","253","47.29","bc89b396-ece8-4247-a2a4-0cd3197acb2b","2021-11-09 11:55:12.613"
"AA","47.950","37","48.020","1","253","47.29","8e42831c-10b4-4487-ab47-3aba1b763eed","2021-11-09 11:55:12.613"
"AA","47.950","3","47.990","3","253","47.29","19236524-8279-431e-a510-0243b1ce6b1e","2021-11-09 11:55:12.613"
"AA","47.980","3","48.020","1","253","47.29","d3a59bdf-0307-4144-af8a-1e5dd02f9196","2021-11-09 11:55:12.613"
"AA","47.950","4","48.000","1","253","47.29","d638f751-5fc0-44c4-a0e6-b11dbef72d1d","2021-11-09 11:55:12.613"
"AA","48.040","1","48.080","4","253","47.29","a2a921f3-8d4d-483b-a904-fb409c2fea59","2021-11-09 11:55:12.613"
"AA","47.970","3","48.000","1","253","47.29","cb9e0013-68f5-43c5-87b2-0dd47a477356","2021-11-09 11:55:12.613"
"AA","47.980","1","48.040","5","253","47.29","a199ceea-b2e9-4030-b93c-459a906ab962","2021-11-09 11:55:12.613"
"AA","47.960","1","48.030","1","253","47.29","70c183b7-2080-4459-b689-105a58c73087","2021-11-09 11:55:12.613"
"AA","47.300","3","47.330","1","-253","47.33","8fcc0c62-7ac8-4748-bfad-72e89f76aaf0","2021-11-09 11:55:44.729"
"AA","47.300","3","47.330","1","-253","47.33","cadb0c86-7bfb-4816-9a6f-a180a97b00f8","2021-11-09 11:55:44.729"
"AA","47.300","3","47.330","1","-253","47.33","e0f77bd1-a66d-4015-beec-c0652dd5f264","2021-11-09 11:55:44.729"
"AA","47.300","3","47.330","1","-253","47.33","0e5fef7d-b95e-423e-839e-6b094deaf2e8","2021-11-09 11:55:44.729"
"AA","47.300","3","47.330","1","-253","47.33","1ef40464-6640-4cf2-940a-774c378a228d","2021-11-09 11:55:44.729"
"AA","47.290","7","47.310","4","-253","47.31","8b3a8a38-f212-42c3-8477-d8c4897c114f","2021-11-09 11:56:12.342"
"AA","47.290","8","47.320","3","-253","47.32","5208622a-3658-4389-8132-af6cc9394dcf","2021-11-09 11:56:28.077"
"AA","47.290","8","47.320","3","-253","47.32","570a69b8-2ecd-4f85-a273-353250cfa9fd","2021-11-09 11:56:28.077"
"AA","47.290","7","47.320","2","-253","47.32","d3f18c91-0b78-4ca5-abfa-628842f61ddb","2021-11-09 11:56:28.077"
"AA","47.120","1","47.150","1","253","47.15","3bab7097-38b6-4806-b085-25c5927ebc17","2021-11-09 12:12:40.006"
"AA","47.140","1","47.200","1","-253","47.22","9b823954-e1eb-4dfa-a641-7043115e261e","2021-11-09 12:16:18.626"
"AA","47.200","4","47.240","1","255","47.02","fea399f2-fbdf-4e5d-a9f1-79f15f6b8793","2021-11-09 12:28:38.343"
"AA","47.170","10","47.220","1","255","47.00","bc9747d4-f455-465f-be11-191276682e80","2021-11-09 12:28:38.344"
"AA","47.190","6","47.220","1","255","46.97","13dcbe21-0a09-4bb3-90ad-a2c2a8f82b5c","2021-11-09 12:28:52.414"
"AA","47.190","6","47.220","1","255","46.97","611af79d-89f0-4bf0-94c7-414d6a474e99","2021-11-09 12:28:52.414"
"AA","47.220","3","47.250","5","255","46.97","cbd46620-d6c8-4649-b225-ab7d40f9ee36","2021-11-09 12:28:52.414"
"AA","47.160","4","47.200","2","255","46.97","3df56c97-6e26-4013-9f15-ed1c5bb7047b","2021-11-09 12:28:52.414"
"AA","47.180","1","47.200","4","255","46.97","ccbfc4c9-70a9-4efc-8569-ca1889b9800f","2021-11-09 12:28:52.414"
"AA","47.220","2","47.240","2","255","46.97","99f1986c-f80b-4905-8816-0d356968d281","2021-11-09 12:28:52.414"
"AA","47.210","2","47.240","1","255","46.97","5043e2a6-483c-4ec4-b24a-2c9cd144c0f7","2021-11-09 12:28:52.414"
"AA","46.970","5","47.020","1","-255","47.02","418da1dc-b676-45ad-addb-a5fe23722c9e","2021-11-09 12:29:02.467"
"AA","47.020","11","47.060","1","-255","47.06","101d42ab-946f-4574-abce-66343ac30680","2021-11-09 12:29:50.787"
"AA","47.020","11","47.060","1","-255","47.06","e026d2a5-db66-49d7-bc8a-02205736b09d","2021-11-09 12:29:50.787"
"AA","47.020","11","47.060","1","-255","47.06","41bcf709-5e20-4953-b755-7beaf555f69c","2021-11-09 12:29:50.787"
"AA","47.000","5","47.040","1","-255","47.04","649e41f6-c956-4bce-8aca-4460dfd6c7b5","2021-11-09 12:30:26.114"
"AA","47.000","5","47.040","1","-255","47.04","2427b9fe-916b-40a4-a8b5-2c4706188bef","2021-11-09 12:30:26.114"
"AA","47.030","4","47.060","1","-255","47.07","90c12795-a578-4a50-87a1-8199cd58b039","2021-11-09 12:30:39.146"
"AA","47.030","4","47.060","1","-255","47.07","98702ec3-5639-47c5-be03-6987fd26d2f7","2021-11-09 12:30:39.146"
"AA","47.060","2","47.080","1","-255","47.08","cb64c11c-4ad7-4412-a2bf-099ad8c71e5b","2021-11-09 12:30:40.869"
"AA","47.140","2","47.190","1","255","47.04","3dc602ca-1b1f-48ba-977b-10da5e122d17","2021-11-09 12:38:04.224"
"AA","47.150","14","47.200","2","255","47.03","5e27ccf3-4462-40e5-800e-2974d37aac95","2021-11-09 12:38:04.228"
"AA","47.080","4","47.110","2","255","47.00","26f0a0f7-4a0e-4e5d-837a-d9473a274b04","2021-11-09 12:38:09.031"
"AA","47.050","8","47.110","3","-255","47.11","faf0f8a7-35a8-4686-b356-e34a9b087d25","2021-11-09 12:40:18.798"
"AA","47.080","5","47.120","1","-255","47.12","248e434d-51da-4398-8a2a-bef32c872a58","2021-11-09 12:40:42.010"
"AA","47.060","1","47.100","2","-255","47.10","0b978079-558b-4db6-83dd-dd61629d59e4","2021-11-09 12:40:50.017"
"AA","47.240","3","47.260","1","254","47.17","e2b0f97d-79b9-4a0b-9d6b-fbefb85efb38","2021-11-09 13:07:36.931"
"AA","47.270","6","47.300","2","254","47.17","ab0062ac-9c0a-400b-be00-d6ea263f56db","2021-11-09 13:07:36.931"
"AA","47.270","6","47.300","1","254","47.17","670edd12-bc4e-4542-b48e-72b19b347fde","2021-11-09 13:07:36.931"
"AA","47.260","1","47.280","1","254","47.17","cfe3c5a8-9191-424d-b953-658057180ee0","2021-11-09 13:07:36.931"
"AA","47.240","1","47.250","1","254","47.17","26d4a946-8e3a-434f-b321-2b8b8e3f7266","2021-11-09 13:07:36.931"
"AA","47.190","2","47.220","4","254","47.11","8fca8f4a-1f66-4c66-b728-678f818235b4","2021-11-09 13:10:11.987"
"AA","47.090","5","47.130","1","-254","47.13","6ae7722b-8bcb-417a-91f0-bd6a104815ae","2021-11-09 13:11:10.122"
"AA","47.090","5","47.130","1","-254","47.13","ff7da51d-afd5-40f5-ad9d-9bd61b09d5d4","2021-11-09 13:11:10.122"
"AA","47.090","5","47.130","1","-254","47.13","a5ab8f24-e2e4-4d38-9a8e-c2b5a8303d6d","2021-11-09 13:11:10.122"
"AA","47.110","4","47.130","1","-254","47.13","5bcea23e-d7be-484c-9544-543d780822e9","2021-11-09 13:11:10.122"
"AA","47.110","4","47.130","1","-254","47.13","f397fd15-1b32-46c3-b944-9a96d6d816fc","2021-11-09 13:11:10.122"
"AA","47.100","2","47.130","1","-254","47.13","0ab4bb8c-2d12-49c3-ba5a-dd97a5271ed9","2021-11-09 13:11:10.122"
"AA","47.170","3","47.210","1","254","47.17","5b849ff9-98fc-45e5-9bcd-58deac5ed295","2021-11-09 13:18:28.107"
"AA","47.170","3","47.210","2","254","47.17","efb7cfa3-8589-402e-99b8-4c58c115a047","2021-11-09 13:18:28.107"
"AA","47.080","3","47.110","2","-254","47.11","34291128-8a59-43ae-ba57-c17f5a69e768","2021-11-09 13:23:58.936"
"AA","47.090","9","47.120","3","-254","47.12","4e2dba2d-389e-470b-8ca9-10d626bc7c8c","2021-11-09 13:24:02.717"
"AA","47.190","2","47.220","1","255","47.04","54272fdb-9ca0-468d-a52f-bee1a109987d","2021-11-09 13:27:50.684"
"AA","47.200","3","47.240","1","255","47.04","476ca434-bfef-4f4c-b548-3835c11c65d8","2021-11-09 13:27:50.684"
"AA","47.220","1","47.250","1","255","47.04","252aa1ae-643a-4b59-a387-00ba5024f8c9","2021-11-09 13:27:50.684"
"AA","47.220","2","47.250","1","255","47.04","2dbe0df6-8f8d-4f3d-9b55-f53c345b9ac3","2021-11-09 13:27:50.684"
"AA","47.090","8","47.130","2","-255","47.13","b27d3a5f-8665-4a21-8385-dace9f440925","2021-11-09 13:29:26.976"
"AA","47.090","8","47.110","1","-255","47.11","10c0f6dd-0999-4157-84ff-d253cd4b9a00","2021-11-09 13:29:30.157"
"AA","47.090","8","47.110","1","-255","47.11","a438c6f2-2ceb-4e49-880e-cf465d3bc809","2021-11-09 13:29:30.157"
"AA","47.090","8","47.120","1","-255","47.12","9cc7c5d2-a74a-42f6-a643-4ed4a4482f54","2021-11-09 13:29:44.179"
"AA","47.200","14","47.230","4","255","46.88","f6612124-b34c-4317-96c8-86468d93879c","2021-11-09 13:56:46.173"
"AA","47.170","1","47.210","1","255","46.88","f6ba5130-2762-405e-bdcc-b2be582e97fc","2021-11-09 13:56:46.173"
"AA","47.160","1","47.190","2","255","46.88","1fd064a0-2483-4ef7-85e1-bbf65462a2a9","2021-11-09 13:56:46.173"
"AA","47.120","7","47.160","1","255","46.88","eb53b71d-5e19-4609-988b-56d221d331a0","2021-11-09 13:56:46.173"
"AA","47.190","1","47.230","1","256","46.86","9e22d193-bb60-4426-a904-e8aa89d1fd13","2021-11-09 13:57:35.602"
"AA","47.200","1","47.230","2","256","46.86","939fc2b7-1bb1-4ab1-93b1-9eff2830548f","2021-11-09 13:57:35.602"
"AA","47.190","1","47.220","1","256","46.86","243d104f-fb09-4a25-857b-6f3395ccfc2c","2021-11-09 13:57:35.602"
"AA","47.180","3","47.200","1","256","46.86","3649453b-e882-423c-a6a7-ad9db798111b","2021-11-09 13:57:35.602"
"AA","47.160","6","47.200","2","256","46.86","a5a2d559-a6bd-44bc-8acb-8f5a96d79fca","2021-11-09 13:57:35.602"
"AA","47.120","7","47.160","1","256","46.85","632b20bc-593d-490f-90db-6c0ba10aa3e9","2021-11-09 13:57:41.603"
"AA","47.180","3","47.220","1","256","46.85","d2ff9c69-5a88-4da3-8f36-0d519f9afb9f","2021-11-09 13:57:41.603"
"AA","46.830","2","46.860","6","-256","46.86","80fd11c5-4528-496f-894d-35812201c2fa","2021-11-09 13:58:35.085"
"AA","46.830","2","46.860","6","-256","46.86","9b6fce9f-bf64-47bf-877d-d011d31054f6","2021-11-09 13:58:35.085"
"AA","46.830","2","46.860","6","-256","46.86","cda07e5c-5186-4248-963d-dae2ba3b4dcc","2021-11-09 13:58:35.085"
"AA","46.830","3","46.860","8","-255","46.86","52a2906d-e11d-44e6-8660-d7671a72a0a3","2021-11-09 13:58:35.085"
"AA","46.830","7","46.860","10","-255","46.86","844f2a55-4e1f-49d3-8a72-7a8982039288","2021-11-09 13:58:35.085"
"AA","46.850","15","46.870","2","-256","46.87","60199697-7bfd-489f-b796-2e146345f584","2021-11-09 13:59:08.266"
"AA","46.850","15","46.870","2","-256","46.87","9e5fd48d-d4a2-406d-9c5f-1cc27166b024","2021-11-09 13:59:08.266"
"AA","46.850","15","46.870","2","-255","46.87","f8f14c65-d519-42e1-b911-d6e39196f332","2021-11-09 13:59:08.266"
"AA","46.850","15","46.870","2","-256","46.87","70772c22-c800-4cbc-920f-cf19973e83f7","2021-11-09 13:59:08.266"
"AA","46.850","15","46.870","2","-255","46.87","cf5a9feb-71de-40a9-813b-7704529d9a5f","2021-11-09 13:59:08.266"
"AA","46.850","15","46.870","2","-256","46.87","9ef27144-8c96-4420-a2fb-3f26cac185f7","2021-11-09 13:59:08.266"
"AA","46.970","2","46.990","5","255","46.99","f11a69da-d6ab-4c8c-8237-9fcbba9ae378","2021-11-09 14:21:50.006"
"AA","47.070","19","47.080","6","-255","47.08","d2e026ba-f861-4ead-a9a6-8a4e5550d8c5","2021-11-09 14:23:15.721"
"AA","47.070","19","47.100","8","255","46.98","f2634c85-8528-4367-afde-06d751525b46","2021-11-09 14:28:07.943"
"AA","47.100","3","47.130","8","255","46.98","5674f34d-4446-4e5e-8d86-0d2b36faf941","2021-11-09 14:28:07.943"
"AA","47.100","39","47.120","1","255","46.98","74b473a9-e166-4dc6-ba01-f99c4e504dd4","2021-11-09 14:28:07.943"
"AA","47.100","7","47.130","10","255","46.98","a9ddc235-a65b-414f-bdef-45a506fe8b2c","2021-11-09 14:28:07.943"
"AA","47.060","8","47.090","1","255","46.98","993ad693-d0c6-4292-aa04-9cdebc0e751a","2021-11-09 14:28:07.943"
"AA","47.060","7","47.090","3","255","46.98","3b7a2b35-ba49-4fb7-8693-f2dace9cb60f","2021-11-09 14:28:07.943"
"AA","47.070","3","47.080","6","255","46.98","a030dec0-b8af-4f00-8c92-5d2b612b9998","2021-11-09 14:28:07.943"
"AA","47.060","1","47.080","4","255","46.97","8e662213-e148-4015-810f-c784f4718e82","2021-11-09 14:28:30.172"
"AA","47.040","2","47.060","3","255","46.97","fde33566-0f7c-4fb6-938d-5c67b52c51ea","2021-11-09 14:28:30.172"
"AA","47.030","3","47.060","4","255","46.97","8af8e97e-04e6-42d6-b57f-723355d14b33","2021-11-09 14:28:30.172"
"AA","47.000","1","47.040","6","255","46.95","70d52fcd-21e1-484a-954b-8ca898b044c2","2021-11-09 14:28:51.965"
"AA","47.000","4","47.040","6","255","46.95","fe934678-81a4-45df-a33b-b0b0e0bc5667","2021-11-09 14:28:51.965"
"AA","46.990","2","47.020","2","255","46.95","ce37291a-6cdd-4b4e-9e4c-b53ed71eb223","2021-11-09 14:28:51.965"
"AA","47.010","3","47.030","5","255","46.95","b4dae074-8d29-49b0-afe0-ffa40cfc23d0","2021-11-09 14:28:51.965"
"AA","47.010","3","47.030","2","255","46.90","dac82de7-7aaa-4de7-8b9e-021dd511e5b4","2021-11-09 14:31:18.331"
"AA","47.010","1","47.040","4","255","46.90","88f123fb-03a3-4c13-89bf-59d6769fd7d5","2021-11-09 14:31:18.331"
"AA","47.010","5","47.030","4","255","46.90","ed8e4f18-7f89-4bed-8fd2-292668687f36","2021-11-09 14:31:18.331"
"AA","47.010","5","47.030","3","255","46.90","914e94f5-ecd6-4876-9383-2e7164b3b58b","2021-11-09 14:31:18.331"
"AA","46.890","1","46.920","1","-255","46.92","49b1b55c-3a1a-4c6b-bc2d-9927534cbf22","2021-11-09 14:31:38.993"
"AA","46.890","1","46.920","1","-255","46.92","b1da16e6-d83c-4517-84db-cecd33e09914","2021-11-09 14:31:38.993"
"AA","46.890","1","46.920","1","-255","46.92","7bb79ebb-2a0b-444e-80dd-b31db4e2cd4e","2021-11-09 14:31:38.993"
"AA","46.890","1","46.920","1","-255","46.92","a967b93a-5a2e-41ac-9213-3d3a451a6446","2021-11-09 14:31:38.993"
"AA","46.890","1","46.920","1","-255","46.92","e7494dc0-9153-48f8-912e-d2a263e2c997","2021-11-09 14:31:38.993"
"AA","46.890","1","46.920","1","-255","46.92","1cc36b63-712e-42c0-82af-566e0ae35a8f","2021-11-09 14:31:38.993"
"AA","46.890","1","46.920","1","-255","46.92","3cbc5f75-15b6-4521-9e2a-fd21cfadc6eb","2021-11-09 14:31:38.993"
"AA","46.900","1","46.920","3","-255","46.92","4e18ac9d-4ec7-4a2c-899d-8f0b342ce307","2021-11-09 14:31:38.993"
"AA","46.900","1","46.920","3","-255","46.92","d641ca8d-4cf7-411c-acd4-a3fbe5a80235","2021-11-09 14:31:38.993"
"AA","46.900","1","46.920","3","-255","46.92","72c11134-463d-4264-8685-8663fbbe6d58","2021-11-09 14:31:38.993"
"AA","46.900","1","46.920","3","-255","46.92","8f1b90e7-c391-4315-b0fa-23e45e17f340","2021-11-09 14:31:38.993"
"AA","46.900","1","46.920","3","-255","46.92","e452bb12-bbd9-4e17-8b44-1a0d92b4f7ff","2021-11-09 14:31:38.993"
"AA","46.900","1","46.920","3","-255","46.92","f1755d17-087a-4ef2-8676-830211c0d80b","2021-11-09 14:31:38.993"
"AA","46.900","2","46.920","5","-255","46.92","e428a590-769e-4d3c-a614-9aa78194764f","2021-11-09 14:31:44.228"
"AA","46.900","2","46.920","5","-255","46.92","b75391a5-dc93-4b3d-b455-745f6262c335","2021-11-09 14:31:44.228"
"AA","46.900","2","46.920","5","-255","46.92","ba27f3f2-1c70-470a-8256-33996d5e56c1","2021-11-09 14:31:44.228"
"AA","46.870","4","46.900","5","-255","46.90","955513e3-a902-48f4-b7d7-4c5ee1dca3c5","2021-11-09 14:33:35.531"
"AA","46.870","4","46.900","5","-255","46.90","d788d467-7572-4e9a-8303-61a2bf472dbe","2021-11-09 14:33:35.531"
"AA","46.930","1","46.950","5","256","46.85","b93a4a84-319a-4f3f-b433-a2bf9d17d9d1","2021-11-09 14:35:11.434"
"AA","46.940","1","46.960","3","256","46.85","531493f6-2bda-49d1-bb75-15931c03fad4","2021-11-09 14:35:11.434"
"AA","47.010","5","47.030","3","256","46.85","ae240529-e11e-43ef-9dec-b66f38777200","2021-11-09 14:35:11.434"
"AA","46.870","13","46.890","4","-256","46.89","f9a15c0b-c53e-4c72-a153-1164a8f84236","2021-11-09 14:36:09.689"
"AA","46.880","4","46.910","5","-256","46.91","cfd24d32-d41e-4cdf-b89e-635a1387e0b7","2021-11-09 14:36:21.020"
"AA","46.880","4","46.910","5","-256","46.91","dce4f327-78b2-42de-a801-d61af9a72bcd","2021-11-09 14:36:32.263"
"AA","47.010","1","47.030","5","255","46.97","1f9d5c12-cc24-4c56-8201-27ae1d96abdd","2021-11-09 14:42:59.219"
"AA","47.030","2","47.050","3","255","46.97","09ebb7ea-20bc-4e79-b201-f4f639f8215c","2021-11-09 14:42:59.219"
"AA","47.020","5","47.030","4","255","46.97","8a8965e6-ac41-4761-ae25-710b06095fcb","2021-11-09 14:42:59.219"
"AA","46.990","4","47.000","2","255","46.97","eb6aed66-cc46-4215-936a-e53149022f21","2021-11-09 14:42:59.219"
"AA","46.830","6","46.860","3","-255","46.86","417aaefc-b53a-4943-af24-b5a37543e1d8","2021-11-09 14:52:37.823"
"AA","46.830","6","46.860","3","-255","46.86","331ccfae-8e0a-4407-b988-73c5029ae80c","2021-11-09 14:52:37.823"
"AA","46.840","1","46.860","3","-255","46.86","c50d019b-94e0-488a-bd10-f9cb38d3b0f1","2021-11-09 14:52:42.676"
"AA","46.840","1","46.860","3","-255","46.86","b1ba346e-994e-4e6f-aee0-caa007d140ef","2021-11-09 14:53:11.402"
"AA","46.940","2","46.970","4","255","46.90","3a541e28-ba71-437d-b5c6-d36c7e8331ab","2021-11-09 14:59:45.390"
"AA","46.940","5","46.970","4","255","46.89","24ca6a8c-27f8-45c1-ac80-33ae84eb4d90","2021-11-09 14:59:46.447"
"AA","46.950","1","46.970","5","255","46.89","71c2c2f7-d6d7-4549-8f0d-321e016e812d","2021-11-09 14:59:46.447"
"AA","46.940","1","46.970","4","255","46.89","a8b51da7-f04d-4b13-9795-d85a28986374","2021-11-09 14:59:46.447"
"AA","46.950","2","46.970","3","256","46.85","08da267a-2153-4d1b-a17a-2e134ed842e8","2021-11-09 14:59:57.709"
"AA","46.930","3","46.950","1","256","46.85","9b08f953-852a-4c92-b148-009828483b09","2021-11-09 14:59:57.709"
"AA","46.950","4","46.970","4","256","46.85","e23e0f07-5170-41d4-9b79-f3510770615f","2021-11-09 14:59:57.709"
"AA","46.930","1","46.960","3","256","46.85","6743174d-2d39-477f-8b5b-3c6d36b3c6f5","2021-11-09 14:59:57.709"
"AA","46.930","1","46.950","5","256","46.85","eb8863a6-423e-4855-8ffd-afbcac3632fb","2021-11-09 14:59:57.709"
"AA","46.870","1","46.890","1","-255","46.89","ecb9edbc-b233-4d85-aa8a-a33e00624fbc","2021-11-09 15:00:30.867"
"AA","46.870","1","46.890","1","-256","46.89","14c92cac-34e0-4774-a7c4-12fb1d8bf91e","2021-11-09 15:00:30.867"
"AA","46.860","1","46.880","1","-256","46.88","f6f4a2bf-5c63-4e75-b37f-679fb3386bf4","2021-11-09 15:00:41.575"
"AA","46.860","1","46.880","1","-255","46.88","bc3b23cc-ef92-4c53-8ee9-4f1fa16dedff","2021-11-09 15:00:41.575"
"AA","46.860","1","46.880","1","-256","46.88","8258429b-c1f2-4155-bf1e-4160f34edd0d","2021-11-09 15:00:41.575"
"AA","46.860","1","46.880","1","-255","46.88","a40246c3-0f58-4e4a-bd6c-bc334c0be15c","2021-11-09 15:00:41.575"
"AA","46.900","3","46.930","2","-255","46.94","588f0617-9008-4dd9-ab4f-7a71b40f7f4f","2021-11-09 15:00:52.619"
"AA","46.900","3","46.930","2","-256","46.94","494bc831-e7b9-4140-b6b6-c08438acf955","2021-11-09 15:00:52.619"
"AA","46.880","5","46.900","1","-256","46.90","7ca962a4-cfa8-4738-aac1-2449fdf35e40","2021-11-09 15:03:10.151"
"AA","46.900","1","46.930","4","256","46.86","22544b77-63da-4f40-aff9-768ffbfe1db1","2021-11-09 15:18:19.763"
"AA","46.890","5","46.910","3","256","46.86","ec44a055-906a-45c7-b527-12c1ff9f3f06","2021-11-09 15:18:19.763"
"AA","46.880","5","46.920","1","256","46.86","3882b0c8-6524-445e-bacc-ba0e59ff3d67","2021-11-09 15:18:19.763"
"AA","46.880","4","46.910","1","256","46.86","a0cd7a5a-cf1f-4a35-8287-2a889a7a0d66","2021-11-09 15:18:19.763"
"AA","46.880","4","46.920","2","256","46.86","5e705980-cc0e-4386-9e42-ae78a8614eec","2021-11-09 15:18:19.763"
"AA","46.830","15","46.850","4","256","46.81","3fba9f17-74d7-4b37-bb23-2fc6ede624f9","2021-11-09 15:18:39.469"
"AA","46.840","2","46.860","3","256","46.81","cc128e39-d099-4120-a292-3e603915818d","2021-11-09 15:18:39.469"
"AA","46.840","10","46.860","3","256","46.81","58324bed-7a64-4119-b7d6-7f1cdf960f41","2021-11-09 15:18:39.469"
"AA","46.800","1","46.810","1","-256","46.81","6a0d050e-9dea-4f31-99be-03575ea63fb6","2021-11-09 15:20:22.001"
"AA","46.800","1","46.810","1","-256","46.81","07eb10df-e25c-4c84-ab39-782ba6f75370","2021-11-09 15:20:22.001"
"AA","46.800","1","46.810","1","-256","46.81","4da10d99-9b04-417f-adee-5a6b8c2bff62","2021-11-09 15:20:22.001"
"AA","46.800","1","46.810","1","-256","46.81","6f28d42f-74a4-41fc-8efe-d0b1d0a0fcc7","2021-11-09 15:20:22.001"
"AA","46.770","3","46.800","2","-256","46.80","9b42191d-1c19-4fb7-99b9-a1d29f9e952c","2021-11-09 15:20:42.053"
"AA","46.770","12","46.790","2","-256","46.79","3162e359-332f-4298-a6b7-398498451ce7","2021-11-09 15:21:11.059"
"AA","46.780","1","46.810","3","-256","46.81","c696875f-f92e-4d59-8c71-a9c1e0e7fea3","2021-11-09 15:21:19.938"
"AA","46.780","1","46.810","3","-256","46.81","a1eea6f1-cd10-435b-a5d5-a6db0b596917","2021-11-09 15:21:19.938"
"AA","46.910","8","46.940","3","256","46.83","a43300e6-99b6-44dc-937d-0a6bad8d5614","2021-11-09 15:31:15.409"
"AA","46.910","8","46.930","2","256","46.83","d38fe8b7-9ac8-4231-8f75-66e14f47d60a","2021-11-09 15:31:15.409"
"AA","46.910","8","46.920","4","256","46.83","8f6ad1be-a0ff-4e9f-9584-58a2ec0773b6","2021-11-09 15:31:15.409"
"AA","46.910","8","46.940","3","256","46.83","7f5f7b06-bfe8-46f5-b7e8-bc73b6e1cf36","2021-11-09 15:31:15.409"
"AA","46.900","2","46.930","3","256","46.83","d88e1cef-06a9-43fa-99c5-1bffbae85259","2021-11-09 15:31:15.409"
"AA","46.940","2","46.960","1","256","46.81","8fddbbf5-bc2c-4437-a811-59dc2a10a347","2021-11-09 15:31:49.960"
"AA","46.950","2","46.960","1","256","46.81","abfec637-b0a3-4f2e-925f-e7b08630cb6a","2021-11-09 15:31:49.960"
"AA","47.000","2","47.020","4","256","46.81","3d0707a1-7ea5-4668-818d-f2c19eb2abeb","2021-11-09 15:31:49.960"
"AA","46.980","1","47.000","4","256","46.81","4a6fc0de-a9c5-4223-85ed-9445722ca210","2021-11-09 15:31:49.960"
"AA","46.930","42","46.970","1","256","46.81","2f061f3b-bee7-46c9-a84d-a2a3b1983444","2021-11-09 15:31:49.960"
"AA","46.930","42","46.960","1","256","46.81","e886d567-912d-415b-9f34-0c7454e5b224","2021-11-09 15:31:49.960"
"AA","46.960","7","46.970","2","256","46.81","fca0c50d-0239-4cc7-9aaa-1d03ebb592d3","2021-11-09 15:31:49.960"
"AA","46.950","2","46.980","1","256","46.81","ab5f45af-1bde-4915-a0be-84650dfeb7e6","2021-11-09 15:31:49.960"
"AA","46.970","2","47.000","37","256","46.81","525c90d7-f489-4689-a286-2a8c4b1d55f1","2021-11-09 15:31:49.960"
"AA","46.950","49","46.990","2","256","46.81","af35c99f-6dd7-437b-83f6-cb3472a25608","2021-11-09 15:31:49.960"
"AA","46.960","5","46.990","2","256","46.81","2e731ba1-114a-47be-8bf4-7646ea2b1b67","2021-11-09 15:31:49.960"
"AA","46.970","3","47.000","38","256","46.81","11b6a0a1-b85f-439e-876e-ee7b75b5a91e","2021-11-09 15:31:49.960"
"AA","46.960","2","46.990","3","256","46.81","1912d784-9674-4c36-b4fc-8d599564f573","2021-11-09 15:31:49.960"
"AA","46.970","1","46.990","2","256","46.81","a482eaef-93c0-4640-b342-7f7eeda57454","2021-11-09 15:31:49.960"
"AA","46.960","67","46.990","3","256","46.81","0b7031aa-1a64-4ccb-91a8-67bf44c96d98","2021-11-09 15:31:49.960"
"AA","46.910","2","46.920","1","256","46.81","7bbeec56-4308-4a27-9b12-ffab6c43cb80","2021-11-09 15:31:49.960"
"AA","46.810","1","46.830","7","-256","47.07","614c206e-c604-4394-b712-e0f170377105","2021-11-09 15:39:21.842"
"AA","46.810","1","46.830","7","-256","47.07","4db9fdd3-7f8b-4197-996f-4d7ccb11a6d3","2021-11-09 15:39:21.842"
"AA","46.810","1","46.830","7","-256","47.07","4d1c74d4-1bfe-4729-9e0e-4c0f5483c421","2021-11-09 15:39:21.842"
"AA","46.810","1","46.830","7","-256","47.07","5aa2abf1-b45f-4f7d-a1b1-e300df07b250","2021-11-09 15:39:21.842"
"AA","46.810","1","46.830","7","-256","47.07","da93f4d2-5632-4d82-8e69-cbdb9c4aab72","2021-11-09 15:39:21.842"
"AA","46.810","1","46.830","7","-256","47.07","80d63016-35f8-4fe5-8349-15192c087426","2021-11-09 15:39:21.842"
"AA","46.810","1","46.830","7","-256","47.07","1d204c05-801c-4d62-88f3-1c634c0442bc","2021-11-09 15:39:21.842"
"AA","46.810","1","46.830","7","-256","47.07","c11e6c1a-9111-4245-9eb6-afb5a8cfa7ac","2021-11-09 15:39:21.842"
"AA","46.810","1","46.830","7","-256","47.07","26489ae8-ca5b-4a27-be38-d89200cbbd0d","2021-11-09 15:39:21.842"
"AA","46.810","1","46.830","7","-256","47.08","c61598be-0ad6-4fff-af51-2a20131e13af","2021-11-09 15:39:21.966"
"AA","46.810","1","46.830","7","-256","47.08","7af28246-5b21-414f-80cd-f0c7e482770f","2021-11-09 15:39:21.966"
"AA","46.810","1","46.830","7","-256","47.08","dd4693e4-ca88-4fa3-8407-ae5f202f80b6","2021-11-09 15:39:21.966"
"AA","46.810","1","46.830","7","-256","47.08","a1e41dd2-f152-488b-802a-b4bb172b4e02","2021-11-09 15:39:21.966"
"AA","46.810","1","46.830","7","-256","47.08","92403910-ea61-4ff8-86de-e392ffbc65f7","2021-11-09 15:39:21.966"
"AA","46.810","1","46.830","7","-256","47.08","c21ce80d-5f93-49fa-9a3a-c241201d7bf1","2021-11-09 15:39:21.966"
"AA","46.810","1","46.830","7","-256","47.08","2288f52b-a92e-46bb-b6b3-2ef58c3d430a","2021-11-09 15:39:21.966"
"AA","46.830","1","46.870","6","-256","47.09","651af8a2-3a56-4b3b-98eb-a601e4031617","2021-11-09 15:39:22.166"
"AA","46.830","1","46.870","6","-256","47.09","c454a2d9-4c55-430d-91e9-a64be400a8ad","2021-11-09 15:39:22.166"
"AA","46.830","1","46.870","6","-256","47.09","bda4e485-830c-4154-8a57-c4b6ed43b90a","2021-11-09 15:39:22.166"
"AA","46.830","1","46.870","6","-256","47.10","85595486-522a-418b-85e3-b011b6374fe5","2021-11-09 15:41:06.596"
"AA","46.830","1","46.870","6","-256","47.10","59c2f7ff-46ef-4cfd-8956-d072ff2d2bc4","2021-11-09 15:41:06.596"
"AG","13.600","34","13.610","32","884","13.57","924c860f-bb52-4201-b449-cf833e752716","2021-11-09 11:13:52.004"
"AG","13.600","35","13.610","16","884","13.57","302f90f0-590f-464f-aaf8-d6ed31b4c482","2021-11-09 11:13:52.004"
"AG","13.580","34","13.590","24","885","13.56","1e6b0f64-4829-4553-8a08-b12e32fcc9d9","2021-11-09 11:14:06.132"
"AG","13.580","34","13.590","24","885","13.56","609ca4b3-e69d-492f-9971-ce4e1a1e4e88","2021-11-09 11:14:06.132"
"AG","13.590","17","13.600","57","885","13.56","654bcea4-c90e-4887-9d19-96b968db7374","2021-11-09 11:14:06.132"
"AG","13.590","25","13.600","50","885","13.56","30b1268e-e413-4bf7-bee3-b8f6636b88f5","2021-11-09 11:14:06.132"
"AG","13.590","23","13.600","54","885","13.56","966d9fda-f2a1-4211-aacd-b8f7bbf532a0","2021-11-09 11:14:06.132"
"AG","13.590","23","13.600","51","885","13.56","b207989a-5053-4590-878c-09109803f4c6","2021-11-09 11:14:06.132"
"AG","13.600","20","13.610","15","885","13.56","7a1230ef-867e-4e42-8f13-668c1da227d6","2021-11-09 11:14:06.132"
"AG","13.600","20","13.610","15","885","13.56","266fc790-ebc1-4fe2-a7f6-49292fa14363","2021-11-09 11:14:06.132"
"AG","13.610","28","13.620","37","884","13.56","c37e3d0b-2606-4f06-8411-5f10b4b436b7","2021-11-09 11:14:06.132"
"AG","13.560","9","13.570","24","-885","13.57","974973c0-0bf6-4d09-ad35-6d812dc026db","2021-11-09 11:14:20.960"
"AG","13.560","9","13.570","24","-885","13.57","74d49d57-c885-4364-a643-0811ff9a8abf","2021-11-09 11:14:20.960"
"AG","13.560","9","13.570","24","-885","13.57","c4c89879-51fd-451a-bef3-00fa045de771","2021-11-09 11:14:20.960"
"AG","13.560","9","13.570","24","-884","13.57","fd051f46-7e28-4949-966e-e6b3c868194f","2021-11-09 11:14:20.960"
"AG","13.560","9","13.570","24","-885","13.57","08818de4-ec95-4776-86ed-bbbcf9b6c36f","2021-11-09 11:14:20.960"
"AG","13.570","17","13.580","32","-885","13.58","c38519cd-ea23-441a-bef9-3b7f5cb04dee","2021-11-09 11:14:54.178"
"AG","13.570","17","13.580","32","-885","13.58","fcf2a441-749f-4535-93ba-e70abe8a90d6","2021-11-09 11:14:54.178"
"AG","13.580","14","13.590","27","-884","13.59","4c5a8586-1e6b-4fcc-87e5-308f0327210b","2021-11-09 11:15:04.694"
"AG","13.580","14","13.590","27","-884","13.59","64ed41b1-1e4c-49f7-aa6e-0d1182be8513","2021-11-09 11:15:04.694"
"AG","13.590","40","13.590","1","-885","13.59","095632e2-0d2b-4a75-8688-5f56156b8c84","2021-11-09 11:15:10.006"
"AG","13.590","40","13.590","1","-885","13.59","ebe49798-382e-4744-8b96-47da6212d37d","2021-11-09 11:15:20.006"
"AG","13.670","28","13.680","41","878","13.66","85a3a1af-0b54-4e41-acc2-72fffe2b4a19","2021-11-09 11:45:44.747"
"AG","13.660","48","13.670","12","-878","13.67","722dfc1b-eab0-4629-b7db-70558b937f84","2021-11-09 11:49:31.588"
"AG","13.650","15","13.660","46","879","13.64","8cc5363f-d826-486a-a29b-0d329cdbfb1d","2021-11-09 11:51:28.019"
"AG","13.650","14","13.660","52","-879","13.66","a84d2520-fecd-4855-84b0-8ba93f2f2d82","2021-11-09 11:53:53.387"
"AG","13.670","15","13.680","16","879","13.64","9d14c333-b98a-424e-b1d3-468c8a858003","2021-11-09 12:28:41.784"
"AG","13.680","29","13.690","25","880","13.64","946fed6d-4c62-44b1-9e41-01e61b49b361","2021-11-09 12:28:41.784"
"AG","13.680","29","13.690","25","879","13.64","2de2701e-95a6-4db1-8ede-8f15eeefe5a1","2021-11-09 12:28:41.784"
"AG","13.680","29","13.690","25","879","13.64","cbaf5d5a-6bef-41c4-a859-504e18385dfe","2021-11-09 12:28:41.784"
"AG","13.680","20","13.690","27","879","13.64","a818d724-219e-4607-981d-440cb1dd88fa","2021-11-09 12:28:41.784"
"AG","13.680","20","13.690","27","879","13.64","a454640d-85f1-4864-bdbc-c9d363ca52e3","2021-11-09 12:28:41.784"
"AG","13.660","31","13.670","49","879","13.64","9d0a3172-4362-40c8-abda-932054791b3a","2021-11-09 12:28:41.784"
"AG","13.640","9","13.650","36","-879","13.65","279113f5-672a-4e89-9b31-f5f9aa6c1aa6","2021-11-09 12:29:16.594"
"AG","13.640","9","13.650","36","-879","13.65","c5116d5c-6cd0-46d5-9227-5aa71f6010d8","2021-11-09 12:29:16.594"
"AG","13.640","31","13.650","14","-879","13.65","f1555be6-2b9a-42dd-a677-89deec61cdbc","2021-11-09 12:29:23.088"
"AG","13.640","31","13.650","14","-879","13.65","258ae356-081d-4bf9-ad1c-b8d77d4a9f0e","2021-11-09 12:29:23.088"
"AG","13.640","31","13.650","14","-879","13.65","28d0b27a-109b-45f5-9072-181b539c6511","2021-11-09 12:29:23.088"
"AG","13.640","19","13.650","39","-880","13.65","af0df700-f2ec-4e6a-9751-44e082165833","2021-11-09 12:29:36.493"
"AG","13.650","20","13.660","52","-879","13.66","ec9605c8-344a-4618-86f1-fffa26e51b2d","2021-11-09 12:32:53.949"
"AG","13.750","11","13.760","48","878","13.67","31555967-081a-4afe-a682-5009da8913ce","2021-11-09 13:23:33.049"
"AG","13.750","28","13.760","27","877","13.67","abafc165-cd68-4b3a-985c-96dc736f0c8c","2021-11-09 13:23:33.049"
"AG","13.750","28","13.760","27","878","13.67","8c8e57b2-3fee-4d3e-be05-7c35d1e579f8","2021-11-09 13:23:33.049"
"AG","13.750","23","13.760","32","877","13.67","15e1f445-f66e-4067-a90e-a9e6813d5de2","2021-11-09 13:23:33.049"
"AG","13.750","35","13.760","27","878","13.67","49339fb5-e041-48fe-b818-894c2a1092de","2021-11-09 13:23:33.049"
"AG","13.750","35","13.760","27","877","13.67","028d037e-5c3c-4b81-b4e1-287f5256a1ca","2021-11-09 13:23:33.049"
"AG","13.750","35","13.760","27","878","13.67","b2b32a6b-8e6f-4246-b2ce-1dae61bc4e90","2021-11-09 13:23:33.049"
"AG","13.740","15","13.750","36","877","13.67","ec37ddaa-c74a-491c-8f5c-f40164b158a6","2021-11-09 13:23:33.049"
"AG","13.740","22","13.750","26","878","13.67","ee768649-eee1-4bd3-ada5-cd0f38ded39b","2021-11-09 13:23:33.049"
"AG","13.740","3","13.750","43","877","13.67","653b143d-8b1e-492a-8087-10f6fa778480","2021-11-09 13:23:33.049"
"AG","13.730","43","13.740","33","877","13.67","6646fd9d-c5dd-4806-892d-4e242de8c4b4","2021-11-09 13:23:33.049"
"AG","13.730","43","13.740","33","877","13.67","acabdccb-5cfb-4e3a-b9bf-e9a131ae77b1","2021-11-09 13:23:33.049"
"AG","13.660","27","13.670","28","-877","13.67","60169eee-b831-4159-8a93-e6f787b838c5","2021-11-09 13:24:07.525"
"AG","13.660","27","13.670","28","-877","13.67","68acb310-4abf-43c9-8916-73a4ae6ad067","2021-11-09 13:24:07.525"
"AG","13.660","27","13.670","28","-877","13.67","fd442391-ffd6-41e6-a90d-588569dadee3","2021-11-09 13:24:07.525"
"AG","13.660","27","13.670","28","-877","13.67","93dea9c5-6854-43da-ade9-ce3aec213167","2021-11-09 13:24:07.525"
"AG","13.660","27","13.670","28","-878","13.67","82a58fea-9a48-4c8b-b365-c6f3533de84d","2021-11-09 13:24:07.525"
"AG","13.660","27","13.670","28","-877","13.67","84f0581a-41c1-4adb-b2f7-fe099cc73f3c","2021-11-09 13:24:07.525"
"AG","13.670","16","13.680","33","-878","13.68","767fe267-a14b-44cd-b938-224b6fd8933e","2021-11-09 13:25:36.589"
"AG","13.670","16","13.680","33","-878","13.68","9fef930a-8e29-4df3-bfaf-3bcce18a3d7b","2021-11-09 13:25:36.589"
"AG","13.670","16","13.680","33","-877","13.68","80d13779-b453-40f2-89e1-90a85a73fc02","2021-11-09 13:25:36.589"
"AG","13.670","7","13.680","52","-878","13.68","7bf87f9b-0588-4bb6-9be2-8e28dbcc7bd5","2021-11-09 13:25:36.589"
"AG","13.670","7","13.680","52","-878","13.68","26bae05f-2182-41a7-88ac-a8fea895f464","2021-11-09 13:25:36.589"
"AG","13.670","21","13.680","27","-877","13.68","8949637b-fe5b-4dd5-a485-460bfda1e838","2021-11-09 13:25:50.896"
"AG","13.670","32","13.680","17","876","13.68","992f387e-52f5-4233-bc50-ecb671b2fb13","2021-11-09 13:36:50.006"
"AG","13.670","32","13.680","13","-876","13.68","0ef77e48-cffb-4b05-bba7-68026761e126","2021-11-09 13:39:40.136"
"AG","13.680","41","13.690","16","878","13.67","2262bfa4-f9f1-4de9-8606-221e3044ff03","2021-11-09 13:47:26.495"
"AG","13.670","41","13.680","18","-878","13.68","7aa114f1-b698-4ffb-9f61-b32f6023b60e","2021-11-09 13:48:11.075"
"AG","13.690","25","13.700","32","878","13.66","baf806b6-d9e9-41f3-a94e-11933e6d63e2","2021-11-09 14:00:44.863"
"AG","13.680","22","13.690","34","878","13.66","a44d0839-a170-45b9-bbb1-e789acecf02a","2021-11-09 14:00:44.863"
"AG","13.670","49","13.680","7","878","13.66","98485f8b-4eaa-40e3-948f-283cc56e7c35","2021-11-09 14:00:44.863"
"AG","13.670","53","13.680","7","878","13.66","afc651da-ecd4-437a-9f8d-1e2301bee161","2021-11-09 14:00:44.863"
"AG","13.670","53","13.680","7","878","13.66","92b4c182-0779-42cb-b749-14c1acb2af49","2021-11-09 14:00:44.863"
"AG","13.670","62","13.680","6","878","13.66","0fdc76a8-9e5f-495d-a8f5-d0097b4006b6","2021-11-09 14:00:44.863"
"AG","13.670","61","13.680","6","878","13.66","eedbde44-6b7e-46c2-9667-77292b51491c","2021-11-09 14:00:44.863"
"AG","13.670","52","13.680","13","878","13.66","5f6c42f8-d014-48d2-84df-1abe1fb70860","2021-11-09 14:00:44.863"
"AG","13.670","59","13.680","8","878","13.66","45d24efa-efc2-4d25-bff4-047e47fe2431","2021-11-09 14:00:44.863"
"AG","13.670","48","13.680","16","878","13.66","1b825d7c-0662-4eee-8b44-8f96dcfea36a","2021-11-09 14:00:44.863"
"AG","13.640","49","13.650","21","-878","13.65","389bf47b-f185-4cc1-bffb-1ebdd9d24203","2021-11-09 14:02:59.131"
"AG","13.640","49","13.650","21","-878","13.65","a81275a7-1c7a-4aed-8070-70135cb6940f","2021-11-09 14:02:59.131"
"AG","13.640","49","13.650","21","-878","13.65","c67e0a99-83e9-4159-bace-daa9833d6359","2021-11-09 14:02:59.131"
"AG","13.640","49","13.650","21","-878","13.65","6911b199-9a64-4511-9eea-5debef600582","2021-11-09 14:02:59.131"
"AG","13.640","49","13.650","21","-878","13.65","b18bcf07-5d08-4cd4-9ba3-1de05d962e09","2021-11-09 14:02:59.131"
"AG","13.640","42","13.650","10","-878","13.65","fba7d019-266d-4086-851a-c3f8a27cc4d9","2021-11-09 14:03:03.612"
"AG","13.640","42","13.650","10","-878","13.65","e908b2a7-f688-4340-a9c4-49d63471e24d","2021-11-09 14:03:03.612"
"AG","13.640","42","13.650","10","-878","13.65","e3831275-ef54-4cf2-8c01-964028bc1a07","2021-11-09 14:03:03.612"
"AG","13.640","52","13.650","6","-878","13.65","51eb9837-01c8-46e5-9841-c50faca9e29f","2021-11-09 14:03:56.275"
"AG","13.640","41","13.650","6","-878","13.65","b11a52dc-6680-40e0-aed3-d5aa46ce8155","2021-11-09 14:03:56.275"
"AG","13.650","15","13.660","30","878","13.66","b910f6d1-a303-432c-83f8-c8655d365178","2021-11-09 14:11:10.006"
"AG","13.640","34","13.650","15","-878","13.65","051b0f30-f7d1-47b8-ac75-9101d1d6158e","2021-11-09 14:12:36.707"
"AG","13.680","50","13.690","3","877","13.67","d77aa5f5-7c10-46f4-a72c-4bb9fffb0797","2021-11-09 14:56:05.656"
"AG","13.680","50","13.690","4","877","13.67","ac73758c-5b94-4cd5-a67b-7b8c7c14faa9","2021-11-09 14:56:05.656"
"AG","13.680","21","13.690","13","878","13.67","cbd55d81-9cb0-434c-b933-bc1062cf1dc5","2021-11-09 14:56:05.656"
"AG","13.680","21","13.690","30","878","13.67","d08ef447-4ea0-4ed9-979a-b469b9633937","2021-11-09 14:56:05.656"
"AG","13.680","9","13.690","57","878","13.66","02ae26d5-4531-4626-acb6-da8d866ecfdf","2021-11-09 14:56:19.208"
"AG","13.680","48","13.690","2","878","13.66","06918c85-af88-48ee-8d59-1db2664e8c56","2021-11-09 14:56:19.208"
"AG","13.680","51","13.690","33","878","13.66","9f3a149a-1a6b-475a-977c-9e6dd9f146d2","2021-11-09 14:56:19.208"
"AG","13.660","35","13.670","39","-878","13.67","047904dc-aa58-48aa-9a9d-527590f74702","2021-11-09 15:00:00.009"
"AG","13.660","35","13.670","39","-878","13.67","cf380e16-3f62-4f3c-a267-8b67af9d2ca1","2021-11-09 15:00:00.009"
"AG","13.660","35","13.670","39","-878","13.67","92b6f0e2-b261-46a3-b72f-57d9c2923933","2021-11-09 15:00:00.009"
"AG","13.660","35","13.670","39","-877","13.67","14037647-8d0d-45d3-91a5-fa20dcf2e01e","2021-11-09 15:00:00.009"
"AG","13.660","35","13.670","39","-878","13.67","e82d8b20-179f-44f0-b44c-2b299a4e9adb","2021-11-09 15:00:00.009"
"AG","13.660","35","13.670","39","-877","13.67","9bcde7c0-4c02-4df8-8d0d-d035c75a6917","2021-11-09 15:00:00.009"
"AG","13.660","35","13.670","39","-878","13.67","0fb5cb2c-aaf2-4494-90cc-d69495c38dd5","2021-11-09 15:00:00.009"
"AG","13.700","13","13.710","42","877","13.68","d7d5611c-6e14-45f0-b3df-a411fa92a56d","2021-11-09 15:07:00.617"
"AG","13.700","13","13.710","43","877","13.68","0d0e0a36-6c11-4067-885a-65034fa30d23","2021-11-09 15:07:00.617"
"AG","13.700","13","13.710","43","877","13.68","c51f68ba-7bdd-417a-a3fb-506636087d6c","2021-11-09 15:07:00.617"
"AG","13.700","13","13.710","46","877","13.68","98d339b1-3be9-4d80-9189-c56dbb607d67","2021-11-09 15:07:00.617"
"AG","13.700","12","13.710","47","877","13.68","09be8912-87d7-465e-aa5c-51ce3f9b947c","2021-11-09 15:07:00.617"
"AG","13.690","12","13.700","54","877","13.68","c4cadf87-280c-4d64-ab29-b02b89fc0ee4","2021-11-09 15:07:00.617"
"AG","13.690","12","13.700","54","877","13.68","f330a575-8c90-4675-9a27-2d5feb7e9d40","2021-11-09 15:07:00.617"
"AG","13.690","12","13.700","54","877","13.68","5db9b677-aa5c-40b2-8feb-dc4247530edc","2021-11-09 15:07:00.617"
"AG","13.690","8","13.700","44","-877","13.70","06915366-f2ef-4fd3-a804-fe9a3b27c7a5","2021-11-09 15:10:30.851"
"AG","13.690","8","13.700","44","-877","13.70","1264da02-a5a9-403c-8335-91da11e0566b","2021-11-09 15:10:30.851"
"AG","13.690","8","13.700","44","-877","13.70","ca2189c2-712a-4b1c-9969-e06b3a3ce563","2021-11-09 15:10:30.851"
"AG","13.690","18","13.700","38","-877","13.70","f1b20452-7f75-415e-a867-b6a0df8eda04","2021-11-09 15:10:49.665"
"AG","13.690","18","13.700","38","-877","13.70","bd7be83a-2f8a-4744-9872-3cf483d34965","2021-11-09 15:10:49.665"
"AG","13.690","18","13.700","38","-877","13.70","59f3ad54-60af-4ba5-89ce-7b220be826ca","2021-11-09 15:10:49.665"
"AG","13.690","47","13.700","15","-877","13.70","bc775c53-30f6-40b3-bbdd-b121d38cf6e9","2021-11-09 15:11:03.620"
"AG","13.680","31","13.690","31","-877","13.69","991e2523-5d5c-45e7-81b2-3be8eddea060","2021-11-09 15:14:24.073"
"ABB","34.890","9","34.900","11","343","34.90","b6ef8f72-4e3e-4ac9-af66-a239f9c25661","2021-11-09 10:16:50.006"
"ABB","34.880","2","34.890","19","-343","34.89","f93e851e-9b26-4fe0-853e-d53c37bb8539","2021-11-09 10:20:00.686"
"ABB","34.970","13","34.980","16","343","34.95","a6127fd8-b8bb-4c98-8042-0938139c3719","2021-11-09 11:05:54.410"
"ABB","34.960","36","34.970","9","343","34.95","3df80b51-3f8c-4f2d-8483-85010b431a89","2021-11-09 11:05:54.410"
"ABB","34.960","36","34.970","20","343","34.95","5f234f14-bade-47df-9fc4-6d99ddef7c91","2021-11-09 11:05:54.410"
"ABB","34.960","21","34.970","15","343","34.93","072c806b-a312-4b76-8797-0f9cf19a50c1","2021-11-09 11:08:05.608"
"ABB","34.970","17","34.980","15","343","34.93","27dc208d-8ab6-4ff0-94ab-2daadedbc718","2021-11-09 11:08:05.608"
"ABB","34.970","16","34.980","15","343","34.93","0c465c8d-2ebe-4b10-8eb4-9f2e171dcb9b","2021-11-09 11:08:05.608"
"ABB","34.970","16","34.980","15","343","34.93","9220d5e9-1fc6-4fab-b050-b0cdb7feb750","2021-11-09 11:08:05.608"
"ABB","34.930","21","34.940","5","-343","34.94","e154a83e-05a2-4282-b719-6d562e6e3407","2021-11-09 11:08:24.950"
"ABB","34.930","21","34.940","5","-343","34.94","adb06ec6-ca7f-4c8d-b8ff-6711489fec8d","2021-11-09 11:08:24.950"
"ABB","34.930","21","34.940","5","-343","34.94","4a97a0df-037e-440c-8ac1-5574b277f4bf","2021-11-09 11:08:24.950"
"ABB","34.950","10","34.960","37","343","34.90","74c0ac6e-8946-4ad8-8b68-653c50b0f9e2","2021-11-09 11:12:07.901"
"ABB","34.950","10","34.960","37","343","34.90","1d07f336-cbf0-4e13-9ce8-fc9469300fff","2021-11-09 11:12:07.901"
"ABB","34.950","17","34.960","8","343","34.90","7c39ab10-7179-4907-8cc6-c12abf5ffa16","2021-11-09 11:12:07.901"
"ABB","34.950","17","34.960","7","343","34.90","6f0e3835-ba7b-4a6f-bde4-b8dd4324c466","2021-11-09 11:12:07.901"
"ABB","34.950","11","34.960","12","343","34.90","0a391e60-2116-40ca-bc35-a6f28f175347","2021-11-09 11:12:07.901"
"ABB","34.950","8","34.960","14","343","34.90","1c18da72-a041-43ee-95c1-1eed12dfb970","2021-11-09 11:12:07.901"
"ABB","34.950","11","34.960","12","343","34.90","f30769d4-cd05-46b0-be4b-70fb7bb105b9","2021-11-09 11:12:07.901"
"ABB","34.960","9","34.970","14","343","34.89","ebad35ec-703a-4d55-bdba-80e7ee53efd6","2021-11-09 11:12:48.393"
"ABB","34.880","9","34.890","19","-343","34.89","bb717f08-807a-4392-8fb6-4b724414eb04","2021-11-09 11:12:58.672"
"ABB","34.950","9","34.960","18","344","34.87","ffc240e8-9e57-4bf1-8533-a4f2061c045d","2021-11-09 11:13:37.872"
"ABB","34.950","41","34.960","2","344","34.87","a7b2cc79-1455-49fc-acc3-f22e4306029b","2021-11-09 11:13:37.872"
"ABB","34.870","17","34.880","15","-343","34.88","43467dff-9bbe-4321-8c57-ea77a3c5f700","2021-11-09 11:14:19.932"
"ABB","34.870","17","34.880","15","-343","34.88","019033c8-eece-481b-84cb-e70fb7c9f66c","2021-11-09 11:14:19.932"
"ABB","34.870","17","34.880","15","-343","34.88","6443ced8-c12e-411f-be48-22f16cdb06a0","2021-11-09 11:14:19.932"
"ABB","34.870","17","34.880","15","-343","34.88","d4bca3dc-afdb-4e0a-a9e5-fc11beee785e","2021-11-09 11:14:19.932"
"ABB","34.870","17","34.880","15","-343","34.88","1f9df09f-06eb-45c8-8770-7614010057e5","2021-11-09 11:14:19.932"
"ABB","34.870","17","34.880","15","-343","34.88","3e86ae2b-f8d9-4af4-83e5-81c2dc302b49","2021-11-09 11:14:19.932"
"ABB","34.870","17","34.880","15","-344","34.88","4825b2e3-7d88-46b5-9101-291286f1311c","2021-11-09 11:14:19.932"
"ABB","34.870","18","34.880","5","-344","34.88","2c98a36f-fd95-4c48-9779-5c677cfce031","2021-11-09 11:14:20.079"
"ABB","34.870","18","34.880","5","-343","34.88","432f302c-34f1-4c19-b802-9e15b3100cc7","2021-11-09 11:14:20.079"
"ABB","34.870","18","34.880","5","-343","34.88","db90f81e-35b4-4386-b0bd-2b8453406717","2021-11-09 11:14:20.079"
"ABB","34.860","16","34.870","15","-343","34.87","90da3dc4-5954-43c8-b8b4-c3c894686c60","2021-11-09 11:14:43.199"
"ABB","34.870","16","34.880","17","-343","34.88","84fa7cbd-8fa7-41fd-b72d-7238c158d79f","2021-11-09 11:14:57.871"
"ABB","34.860","12","34.870","11","-343","34.87","cf6978e8-10ce-4892-b9ca-ba4e161d89fa","2021-11-09 11:15:21.599"
"ABB","34.900","30","34.910","16","344","34.86","bb88c5f9-1613-4986-817f-f0553f572044","2021-11-09 11:56:56.882"
"ABB","34.900","31","34.910","21","344","34.86","ee135b01-e71b-43e3-a289-b951c1c30f2d","2021-11-09 11:56:56.882"
"ABB","34.900","36","34.910","17","344","34.86","8c830665-045b-41de-81c2-a8d1e0a295ca","2021-11-09 11:56:56.882"
"ABB","34.900","40","34.910","9","344","34.86","6646b52a-d949-4841-8886-e5e671d0d82e","2021-11-09 11:56:56.882"
"ABB","34.900","31","34.910","18","344","34.86","f5fdb31a-cafc-42a9-8a12-39955f6dc391","2021-11-09 11:56:56.882"
"ABB","34.900","31","34.910","18","344","34.86","8078fa0f-331c-49ea-bbb1-7a7b1f65d0c7","2021-11-09 11:56:56.882"
"ABB","34.900","35","34.910","13","344","34.86","437bab89-0993-4dc7-86ba-863564ee0e8e","2021-11-09 11:56:56.882"
"ABB","34.900","35","34.910","13","344","34.86","1e244822-a130-4df4-8f36-878976f4ccdd","2021-11-09 11:56:56.882"
"ABB","34.900","39","34.910","9","344","34.86","7653e2f0-bbb9-4e3c-8f77-10a0f3fa3957","2021-11-09 11:56:56.882"
"ABB","34.900","39","34.910","9","344","34.86","b4f00151-bf5a-43fd-b95b-6f0191f6ddc7","2021-11-09 11:56:56.882"
"ABB","34.900","31","34.910","13","344","34.86","3a1d1350-4d7d-4279-99ff-0ee2c5ba7510","2021-11-09 11:56:56.882"
"ABB","34.880","22","34.890","17","344","34.86","96dcfa49-f2d5-438f-8b51-524153865a79","2021-11-09 11:56:56.882"
"ABB","34.890","2","34.900","30","344","34.86","e212e1f6-d0d2-4c23-ad01-2f3ecddd6861","2021-11-09 11:56:56.882"
"ABB","34.850","18","34.860","19","-344","34.86","2bc594ea-2cf4-4562-bdb7-984e27ae51d3","2021-11-09 11:57:58.538"
"ABB","34.850","18","34.860","19","-344","34.86","e4d09068-bebc-490d-b368-6cd3e58cb752","2021-11-09 11:57:58.538"
"ABB","34.850","18","34.860","19","-344","34.86","fe2f16c9-cfa8-47ba-81e1-fd264edfc318","2021-11-09 11:57:58.538"
"ABB","34.850","16","34.860","17","-344","34.86","71c47518-c480-4afc-8f6d-f3484bd6e21e","2021-11-09 11:58:44.067"
"ABB","34.850","16","34.860","17","-344","34.86","c0a40569-42b7-48c7-bc67-0380754588dc","2021-11-09 11:58:44.067"
"ABB","34.860","9","34.870","19","-344","34.87","f281a4ee-8295-4929-a4c5-91296fc1319d","2021-11-09 11:59:57.334"
"ABB","34.860","9","34.870","19","-344","34.87","2ab2c792-3455-4197-be7b-3ef04c0a615b","2021-11-09 11:59:57.334"
"ABB","34.860","9","34.870","19","-344","34.87","3917d1d0-ebdc-4351-bdc5-c93c89102487","2021-11-09 11:59:57.334"
"ABB","34.860","9","34.870","19","-344","34.87","ab602925-dc8f-46c1-aff0-f9110d4f468f","2021-11-09 11:59:57.334"
"ABB","34.860","9","34.870","19","-344","34.87","1274704e-29d6-4b2e-b73f-bd5de6722c6e","2021-11-09 11:59:57.334"
"ABB","34.860","9","34.870","19","-344","34.87","59f469cb-0bcc-43c5-bc7e-934a571ca4a8","2021-11-09 11:59:57.334"
"ABB","34.860","9","34.870","19","-344","34.87","dc454780-cd3f-43cb-9bab-0b06f9f9d2ba","2021-11-09 11:59:57.334"
"ABB","34.860","9","34.870","19","-344","34.87","f51b0909-6350-4df2-acbb-33b55dc0bdb6","2021-11-09 11:59:57.334"
"ABB","34.880","11","34.890","3","344","34.84","26ee0de9-e926-43c0-815f-81c8b11cc112","2021-11-09 12:05:11.035"
"ABB","34.910","1","34.920","48","344","34.84","558cb1cd-81b1-4c9b-bc27-3b41346c779c","2021-11-09 12:05:11.035"
"ABB","34.920","39","34.930","4","344","34.84","9ed81203-8156-4dff-a127-fcd6b8a0df63","2021-11-09 12:05:11.035"
"ABB","34.920","2","34.930","15","344","34.84","ae931cec-4359-4c45-b39f-40e537359c64","2021-11-09 12:05:11.035"
"ABB","34.910","14","34.920","8","344","34.84","df86147e-661d-47c2-9c59-a6d785191c30","2021-11-09 12:05:11.035"
"ABB","34.930","39","34.940","11","344","34.84","16093928-a599-4d2a-a13f-c97082d569e7","2021-11-09 12:05:11.035"
"ABB","34.950","40","34.960","8","344","34.84","eed0e579-3c64-4ccb-97bb-0516c38153c4","2021-11-09 12:05:11.035"
"ABB","34.950","40","34.960","8","344","34.84","65458b0a-f338-4415-aaf3-962c7aacdae9","2021-11-09 12:05:11.035"
"ABB","34.840","23","34.850","11","-344","34.85","b6f344bf-541d-4d6d-9dfb-e0e0d72482a4","2021-11-09 12:05:31.322"
"ABB","34.840","23","34.850","11","-344","34.85","5ebccd45-c091-440e-9638-80ec36988784","2021-11-09 12:05:31.322"
"ABB","34.840","23","34.850","11","-344","34.85","fbb10a12-9efd-4a00-beeb-6ac413353e16","2021-11-09 12:05:31.322"
"ABB","34.840","23","34.850","11","-344","34.85","1c363348-c356-4e3c-9a2e-8d9a5bedcfc2","2021-11-09 12:05:31.322"
"ABB","34.850","13","34.860","11","-344","34.86","a52165b0-bf25-4d4e-99d4-4dfe1b4f6a04","2021-11-09 12:05:44.482"
"ABB","34.850","13","34.860","11","-344","34.86","8a5331d4-e9fd-4106-abec-f821608f59ec","2021-11-09 12:05:44.482"
"ABB","34.850","8","34.860","12","-344","34.86","45e30f39-3f1f-4f70-9b3b-61e3156b6268","2021-11-09 12:06:57.029"
"ABB","34.850","8","34.860","12","-344","34.86","27cc8db8-59e1-4606-9420-ef4455c55002","2021-11-09 12:06:57.029"
"ABB","34.880","28","34.890","2","344","34.86","a9a0f7f7-ec03-4d1e-b751-f5dac2014476","2021-11-09 12:29:13.313"
"ABB","34.880","28","34.890","2","344","34.86","0e3b495d-4842-4432-8e9e-72722f66514e","2021-11-09 12:29:13.313"
"ABB","34.880","28","34.890","2","344","34.86","c5cf8fd2-703b-41a3-bf5b-926b63f77ce5","2021-11-09 12:29:13.313"
"ABB","34.860","29","34.870","3","-344","34.87","abf182eb-b55c-4611-abfc-ec697becd518","2021-11-09 12:29:35.585"
"ABB","34.860","29","34.870","3","-344","34.87","a50fb745-0cd6-4492-b710-570328f216c0","2021-11-09 12:29:35.585"
"ABB","34.870","23","34.870","1","-344","34.87","0d6183ff-bb7d-4137-be4c-bb5576bee985","2021-11-09 12:29:40.006"
"ABB","34.890","20","34.900","17","344","34.88","1d52098f-7fad-43c4-8a24-9eb780d9f331","2021-11-09 12:38:13.947"
"ABB","34.890","20","34.900","17","344","34.88","47b70141-5bf1-4c0a-860a-2fd81b077523","2021-11-09 12:38:13.947"
"ABB","34.890","20","34.900","17","344","34.88","3d76e3c7-f68f-49f6-ad1a-0e47364987c2","2021-11-09 12:38:13.947"
"ABB","34.900","5","34.910","17","344","34.88","f49eddb4-5823-40b9-92f4-b1002ab1d222","2021-11-09 12:38:13.947"
"ABB","34.890","10","34.900","14","344","34.88","c50ead57-0a0b-460c-841b-c34a83c73c59","2021-11-09 12:38:13.947"
"ABB","34.890","21","34.900","6","344","34.88","0697131c-4f9f-4894-b073-c33976bc6ed2","2021-11-09 12:38:13.947"
"ABB","34.890","20","34.900","6","344","34.88","14442e07-26ed-4051-a8f7-a79cc5ae517e","2021-11-09 12:38:13.947"
"ABB","34.880","19","34.890","15","-344","34.89","51039163-e75a-4141-878a-87cb01dd50ae","2021-11-09 12:40:18.665"
"ABB","34.880","19","34.890","15","-344","34.89","79f309e2-15e8-4add-b185-e7a56d5b5a2e","2021-11-09 12:40:18.665"
"ABB","34.880","30","34.890","1","-344","34.89","2fb0879e-0f89-4118-b868-dca6769a53b0","2021-11-09 12:40:47.925"
"ABB","34.890","17","34.900","19","-344","34.90","600a5079-4905-4339-9e29-4e0006c7122a","2021-11-09 12:40:57.034"
"ABB","34.890","17","34.900","19","-344","34.90","ddc827e3-4fe8-4797-a53b-7c363987f0a4","2021-11-09 12:40:57.034"
"ABB","34.890","17","34.900","19","-344","34.90","e750b783-168d-4da2-adca-f3a48be7af96","2021-11-09 12:40:57.034"
"ABB","34.890","17","34.900","19","-344","34.90","645cf88e-e333-4647-a574-953f4470f9cc","2021-11-09 12:40:57.034"
"ABB","34.910","20","34.920","9","343","34.89","9874223b-4cc9-4683-989d-dec492429980","2021-11-09 12:58:12.670"
"ABB","34.910","20","34.920","9","343","34.89","4b61531e-00ce-4bfe-ac54-eab38378ade1","2021-11-09 12:58:12.670"
"ABB","34.910","20","34.920","9","343","34.89","7523bc89-b74c-4891-adb5-ea81f2d75ca9","2021-11-09 12:58:12.670"
"ABB","34.910","18","34.920","12","343","34.89","12a9460d-d7cc-4221-99a6-251a42edc7aa","2021-11-09 12:58:12.670"
"ABB","34.910","17","34.920","16","343","34.89","36c9c4b3-9bfe-486a-976c-b75fae299326","2021-11-09 12:58:12.670"
"ABB","34.910","13","34.920","16","343","34.89","657ac021-5a86-43d4-ac35-ef3cd4bb4094","2021-11-09 12:58:12.670"
"ABB","34.900","18","34.910","18","343","34.89","41029572-75de-44f3-9ace-cb14b99f6dcd","2021-11-09 12:58:12.670"
"ABB","34.890","17","34.900","16","-343","34.90","f6a3bca4-d0ce-4a41-ace8-d2cdaa5a70e7","2021-11-09 12:58:57.094"
"ABB","34.890","17","34.900","16","-343","34.90","12d1e908-0fa8-4c4f-84b9-11c4a3686a8d","2021-11-09 12:58:57.094"
"ABB","34.890","17","34.900","16","-343","34.90","b2244e27-829b-4da8-b2de-f5e28667f98e","2021-11-09 12:58:57.094"
"ABB","34.890","17","34.900","16","-343","34.90","de555dfb-1c10-4c9c-aa2e-964c982a11e6","2021-11-09 12:58:57.094"
"ABB","34.890","17","34.900","16","-343","34.90","f40d30e5-5ee7-41f0-8558-b0a62713dbd2","2021-11-09 12:58:57.094"
"ABB","34.890","17","34.900","16","-343","34.90","90f89f8a-dae6-499c-b4df-7b35e1442f92","2021-11-09 12:58:57.094"
"ABB","34.890","23","34.900","8","-343","34.90","52d084fd-df7a-4aa1-ac31-1ca3b82d2c41","2021-11-09 13:00:09.120"
"ABB","34.890","20","34.900","7","343","34.90","bf9d6e16-00a1-4913-a3f0-0b426ea582e0","2021-11-09 13:10:10.006"
"ABB","34.890","16","34.900","8","-343","34.90","f5ec2267-7e5c-448f-af03-d58c82192548","2021-11-09 13:10:57.045"
"ABB","34.910","9","34.920","11","343","34.89","a9a3a8a3-df50-4437-8a6d-f05ba5dc0001","2021-11-09 13:28:28.304"
"ABB","34.910","7","34.920","10","343","34.89","a358ccad-1b5a-4b72-bb67-9a7fb3d84048","2021-11-09 13:28:28.304"
"ABB","34.910","1","34.920","20","343","34.89","fc15e160-01c2-44c6-86ee-27954fd5c489","2021-11-09 13:28:28.304"
"ABB","34.910","1","34.920","20","343","34.89","5243d88a-495c-4553-8752-4426f3438394","2021-11-09 13:28:28.304"
"ABB","34.900","17","34.910","14","343","34.89","ef632634-01a9-4d33-97eb-c0a69f4c1e0c","2021-11-09 13:28:28.304"
"ABB","34.900","17","34.910","15","343","34.89","2a947fb2-a5c6-450b-b676-5f96c1966846","2021-11-09 13:28:28.304"
"ABB","34.900","19","34.910","11","343","34.89","bbe54fe8-7ddc-45f5-a11f-3f807705e1b2","2021-11-09 13:28:28.304"
"ABB","34.900","18","34.910","6","343","34.89","90dc0932-8aea-466c-9ebf-7e00c0431b6f","2021-11-09 13:28:28.304"
"ABB","34.900","17","34.910","9","343","34.89","605e4249-943b-48e3-bf6d-d8b6e5c26412","2021-11-09 13:28:28.304"
"ABB","34.900","17","34.910","11","343","34.89","0573fc48-2aef-4715-992a-c2407615c21a","2021-11-09 13:28:28.304"
"ABB","34.900","17","34.910","10","343","34.89","33ec1a98-7e8c-4a82-b806-bb79624937a6","2021-11-09 13:28:28.304"
"ABB","34.900","3","34.910","25","343","34.89","28165ddf-dddd-42cc-a27c-332dc883ddfe","2021-11-09 13:28:28.304"
"ABB","34.900","13","34.910","16","343","34.89","30163a61-55cb-4e6a-b90e-db4fc62c3def","2021-11-09 13:28:28.304"
"ABB","34.880","15","34.890","12","-343","34.89","009ac664-f4ff-4040-9015-a7db1c30aff0","2021-11-09 13:29:28.436"
"ABB","34.880","15","34.890","12","-343","34.89","0bc3bc23-c61b-4d0c-8cf1-be66dbb44ded","2021-11-09 13:29:28.436"
"ABB","34.880","15","34.890","12","-343","34.89","6b16c28b-9da9-4af2-bb20-4c4989ac2400","2021-11-09 13:29:28.436"
"ABB","34.880","15","34.890","12","-343","34.89","0504c57c-dfba-42f6-9fa9-b6bf8054be1a","2021-11-09 13:29:28.436"
"ABB","34.880","15","34.890","12","-343","34.89","8b342f29-0e02-4665-b810-31963a648988","2021-11-09 13:29:28.436"
"ABB","34.880","15","34.890","12","-343","34.89","b9afbf99-396b-4981-ab3d-80ae797743a4","2021-11-09 13:29:28.436"
"ABB","34.880","15","34.890","12","-343","34.89","51b13c60-3fcc-49d7-9cd6-35fabaa2cee3","2021-11-09 13:29:28.436"
"ABB","34.890","20","34.900","20","-343","34.90","b3aa8d00-43c4-46fa-8832-cfe59102360e","2021-11-09 13:29:57.047"
"ABB","34.890","20","34.900","20","-343","34.90","66cb6a9e-9204-4499-b5e2-895a5d800b92","2021-11-09 13:29:57.047"
"ABB","34.890","20","34.900","20","-343","34.90","66baf635-b0d8-44c0-bc5d-387b63abc8e5","2021-11-09 13:29:57.047"
"ABB","34.890","20","34.900","20","-343","34.90","9d7d78a9-53d8-4cd8-913b-e89cdc567382","2021-11-09 13:29:57.047"
"ABB","34.890","20","34.900","20","-343","34.90","99d4634e-3a66-4801-9890-a72717ee0f09","2021-11-09 13:29:57.047"
"ABB","34.890","7","34.900","24","-343","34.90","61013116-689e-4549-a036-b068a472b4b5","2021-11-09 13:29:57.047"
"ABB","34.880","14","34.890","13","343","34.89","2ebd86ce-03f3-43e8-b6aa-4048064c129d","2021-11-09 13:52:20.006"
"ABB","34.880","20","34.890","11","-343","34.89","82e6d81f-56a1-4216-bd3e-4fa54ec5557c","2021-11-09 13:52:57.033"
"ABB","35.040","16","35.050","10","342","35.01","efe0313d-2c54-4048-a215-7b36ab37b2b9","2021-11-09 15:14:32.827"
"ABB","35.040","16","35.050","11","342","35.01","18c4164c-25bc-4e84-8f7d-fcf5ae5ca09b","2021-11-09 15:14:32.827"
"ABB","35.040","13","35.050","11","342","35.01","22aad04d-8ee9-4ad5-9c6a-63d0fb7c9880","2021-11-09 15:14:32.827"
"ABB","35.050","4","35.060","27","342","35.00","27c3c11f-851d-4ebe-a312-a0d236c9d5ad","2021-11-09 15:17:59.878"
"ABB","34.980","33","34.990","8","-342","34.99","d49dae80-6ff1-434f-aee5-d616d87d7269","2021-11-09 15:20:30.902"
"ABB","34.980","33","34.990","8","-342","34.99","7ca20b4b-f597-47b7-89db-566360a470c6","2021-11-09 15:20:30.902"
"ABB","34.980","33","34.990","8","-342","34.99","f338cc4e-4ae3-4e21-8ad0-65a6ce8be993","2021-11-09 15:20:30.902"
"ABB","34.980","43","34.990","6","-342","34.99","43c8a965-b1ba-4c35-bded-c7b77da4999e","2021-11-09 15:20:57.038"
"ABB","35.060","8","35.070","22","343","34.98","5007e4d9-b7b7-47ec-8e9d-fd6792ec70ce","2021-11-09 15:28:50.392"
"ABB","35.060","8","35.070","22","343","34.98","fef795b9-4756-4824-a956-d436195991ca","2021-11-09 15:28:50.392"
"ABB","35.040","27","35.050","4","343","34.97","8f36bbcd-18cc-48b5-ae5c-4c6c17c844f1","2021-11-09 15:29:02.261"
"ABB","35.050","25","35.060","9","343","34.97","f950eb1a-b8c9-4788-be9d-d8e9b0a022a1","2021-11-09 15:29:02.261"
"ABB","35.060","16","35.070","22","343","34.97","48bddb5b-8fb8-4570-8178-ca99a56e0d07","2021-11-09 15:29:02.261"
"ABB","35.060","16","35.070","18","343","34.97","1a9b64a9-a83f-4dd3-9e2d-3bf7780e86a0","2021-11-09 15:29:02.261"
"ABB","35.040","21","35.050","18","343","34.96","42b94ff9-0374-41ee-9938-3c1214a55ac8","2021-11-09 15:30:43.546"
"ABB","35.040","18","35.050","16","343","34.96","a2da71d3-3a17-4de5-af02-739df298db4e","2021-11-09 15:30:43.546"
"ABB","35.040","17","35.050","22","343","34.96","c979529e-bb6d-433d-a66c-61ed77f12799","2021-11-09 15:30:43.546"
"ABB","35.040","19","35.050","19","343","34.96","1f14d014-1a17-4aff-b840-b4dc6157b101","2021-11-09 15:30:43.546"
"ABB","35.040","25","35.050","4","343","34.96","87575eef-1531-4c42-b8b0-828d9d50e4c5","2021-11-09 15:30:43.546"
"ABB","35.040","25","35.050","5","343","34.96","54d10be9-bec2-4334-ba14-a70d0dd8c59d","2021-11-09 15:30:43.546"
"ABB","34.990","19","35.000","21","-4,116","34.99","44054454-2272-48f3-aea9-5d3dbedbf756","2021-11-09 15:48:00.006"
"ALB","273.240","1","273.710","2","43","273.71","29236e7c-993a-46a8-acd8-4076ae7aa5cc","2021-11-09 10:15:10.006"
"ALB","272.740","2","273.190","1","-43","273.31","f3148411-f5a1-44c5-99f4-d6c4d715e96c","2021-11-09 10:19:10.007"
"ALB","274.760","2","275.160","2","43","274.61","0bd243bc-f7f4-4d55-8891-527de7fd5b00","2021-11-09 11:01:24.446"
"ALB","274.770","2","275.150","1","43","274.61","7ee66f54-1e81-4e8b-9dff-0427d59dc54b","2021-11-09 11:01:24.446"
"ALB","274.800","2","275.260","1","-43","275.26","a11e7397-8fae-49be-954a-a5a4d150bca7","2021-11-09 11:02:51.424"
"ALB","274.800","2","275.260","1","-43","275.27","ecdb76a2-28cf-456b-bbe9-fe0619446cc1","2021-11-09 11:03:20.890"
"ALB","276.020","1","276.230","1","43","274.43","e478e791-5c8c-4060-972b-ffdf34f83a31","2021-11-09 11:07:33.283"
"ALB","276.020","1","276.310","1","43","274.43","a4f39172-7a00-43cf-9d69-f557492e81ae","2021-11-09 11:07:33.283"
"ALB","276.060","1","276.310","1","43","274.43","1fc7bb9b-b12a-450a-b269-5505e1255149","2021-11-09 11:07:33.283"
"ALB","275.320","2","275.670","1","43","274.43","e346cd86-5620-492c-8de8-04f58a30187b","2021-11-09 11:07:33.283"
"ALB","275.040","2","275.460","1","43","274.43","e2d9982d-3c88-410a-b1ff-8d3dbcc7c82e","2021-11-09 11:07:33.283"
"ALB","275.040","2","275.360","1","43","274.43","55a2a489-fa2e-45ea-8103-ab848557aa08","2021-11-09 11:07:33.283"
"ALB","274.720","1","275.180","1","43","274.43","e686edeb-2425-484a-af14-cf2719897361","2021-11-09 11:07:33.283"
"ALB","274.370","1","274.800","2","-43","274.81","b7231cc1-d4f9-43e8-a99f-147058b0329b","2021-11-09 11:08:35.262"
"ALB","274.370","1","274.800","2","-43","274.81","ef56000e-b9da-4ff5-8731-994dead09000","2021-11-09 11:08:35.262"
"ALB","274.370","1","274.800","2","-43","274.81","d6240ab3-e2dc-4fbc-9689-48f3960a8976","2021-11-09 11:08:35.262"
"ALB","274.370","1","274.800","2","-43","274.81","bb78d56c-fbbb-4a5b-ac69-cd74b5b46c54","2021-11-09 11:08:35.262"
"ALB","274.350","2","274.800","1","-43","274.81","9fdcc2bd-fb7e-4aa0-b23c-c86e86ff2f97","2021-11-09 11:08:35.262"
"ALB","274.350","2","274.800","1","-43","274.81","cd8bd8f9-9905-4440-b31f-e7311f2c0dff","2021-11-09 11:08:35.262"
"ALB","274.350","1","274.800","1","-43","274.81","f1f20ec4-ccf3-4fdd-a59b-3a978b621672","2021-11-09 11:08:35.262"
"ALB","274.880","2","275.350","1","43","273.46","bb3a0305-16d7-4da4-b4e8-459b6039d63c","2021-11-09 11:12:33.183"
"ALB","273.470","2","274.000","5","-43","274.00","579141b4-e494-4cc5-912a-8aba1450cf92","2021-11-09 11:13:20.326"
"ALB","274.880","2","275.270","2","43","274.50","0d61fd5d-d637-4423-b136-8212dca0137c","2021-11-09 11:21:35.259"
"ALB","274.870","1","275.240","2","43","274.50","e23f01f2-d9a7-49c1-a442-dcf68d349e6d","2021-11-09 11:21:35.259"
"ALB","274.480","2","274.800","1","-43","274.80","77fac0cc-e376-41f4-90bb-ac76eb6b2ad3","2021-11-09 11:23:50.262"
"ALB","274.480","2","274.800","1","-43","274.80","751781f9-7055-4fb2-bf22-d3d9404f8f70","2021-11-09 11:23:50.262"
"ALB","274.080","1","274.390","2","43","273.12","61746843-a802-4a6f-914e-44c3ec9aa840","2021-11-09 11:39:44.413"
"ALB","272.590","2","272.980","2","-43","272.98","93f9eacf-4463-488c-abaa-010e2a089cbd","2021-11-09 11:50:44.351"
"ALB","272.870","2","273.380","3","44","272.09","4de72fb8-7fc8-43c3-997f-9d5215ec5e3d","2021-11-09 12:27:20.047"
"ALB","272.400","1","272.650","1","44","272.07","e90934a7-7b89-4aa2-99dd-e58eb4616fea","2021-11-09 12:27:20.047"
"ALB","272.480","2","272.800","1","44","272.07","70189368-c6c8-49a4-ae77-cdb207954547","2021-11-09 12:27:20.047"
"ALB","272.480","2","272.800","2","44","272.07","3118367d-882c-4302-b841-06f9700ee0f2","2021-11-09 12:27:20.047"
"ALB","272.510","1","272.790","2","44","272.07","64076b99-d960-4e98-83e9-02985ba1ac7a","2021-11-09 12:27:20.047"
"ALB","272.510","1","272.780","1","44","272.07","050295bd-2cd1-4255-83df-ab763b866f20","2021-11-09 12:27:20.047"
"ALB","272.500","2","272.760","2","44","272.07","fd41fe8e-e77d-4a32-9ad0-839795607256","2021-11-09 12:27:20.047"
"ALB","272.950","1","273.260","1","44","272.00","a045020f-d000-44b9-9098-209e8f20b540","2021-11-09 12:27:20.048"
"ALB","272.910","1","273.190","1","44","272.00","56546bae-9d0e-4a1e-97be-3dd8b45e1d6f","2021-11-09 12:27:20.048"
"ALB","272.910","1","273.190","2","44","272.00","d2c529d3-33a3-4f6a-9609-22124918b247","2021-11-09 12:27:20.048"
"ALB","272.880","1","273.060","1","44","272.00","6493c1b9-5e0a-48e2-a4ec-b776e39269ec","2021-11-09 12:27:20.048"
"ALB","272.580","1","272.980","1","44","272.00","82c58997-ef0c-4cb8-b1d1-23651f35a3d3","2021-11-09 12:27:20.048"
"ALB","272.680","2","272.980","1","44","272.00","1e0ebb10-fec0-47cf-88a3-a9bc2fb6e1ef","2021-11-09 12:27:20.048"
"ALB","272.680","2","272.970","1","44","272.00","151f0be3-c677-4c06-9b96-b2807124ec5d","2021-11-09 12:27:20.048"
"ALB","272.490","2","272.920","2","44","272.00","0e777d00-fd43-4bcd-8e8a-c3d2fc68d71f","2021-11-09 12:27:20.048"
"ALB","272.490","2","272.840","1","44","272.00","b59537e7-5b96-4c82-b7fe-4b5ec353f671","2021-11-09 12:27:20.048"
"ALB","272.430","2","272.820","1","44","272.00","891399ea-ff19-4438-af05-947949cbd8ed","2021-11-09 12:27:20.048"
"ALB","274.950","1","275.600","3","44","271.73","9c91f097-a5a7-4707-a41c-2bc656299fa9","2021-11-09 12:28:00.757"
"ALB","274.970","1","275.290","1","44","271.73","56053cb2-9bbd-48ee-83c6-f5b39b145a08","2021-11-09 12:28:00.757"
"ALB","274.890","1","275.270","1","44","271.73","33d52a5f-06d1-4a3a-93df-7d566118c091","2021-11-09 12:28:00.757"
"ALB","271.280","2","271.590","2","-44","271.59","09622fb7-9b27-4a9a-9b19-c407faab79a0","2021-11-09 12:28:22.037"
"ALB","271.280","2","271.590","2","-44","271.59","f1568b1b-61c3-45a9-8aeb-76766a23e07a","2021-11-09 12:28:22.037"
"ALB","271.280","2","271.590","2","-44","271.59","8bc1f129-ff68-4685-ae44-f73d9aa77905","2021-11-09 12:28:22.037"
"ALB","271.280","2","271.590","2","-44","271.59","47b5e9ea-d4ca-4c80-ad28-e047b0dcd92c","2021-11-09 12:28:22.037"
"ALB","271.280","2","271.590","2","-44","271.59","5d8fbccb-2bc2-4dd7-a326-37fad1868f88","2021-11-09 12:28:22.037"
"ALB","271.280","2","271.590","2","-44","271.59","5f62de37-b199-4839-a9d3-367ab1486f12","2021-11-09 12:28:22.037"
"ALB","271.280","2","271.590","2","-44","271.59","8c4067a3-24b2-4001-940f-9572a55db7c9","2021-11-09 12:28:22.037"
"ALB","271.750","1","272.050","1","-44","272.05","97b799fa-5dea-407d-9c68-44b4643c5ae9","2021-11-09 12:29:24.695"
"ALB","271.750","1","272.050","1","-44","272.05","576916b9-2f8e-430c-9c78-567f57bd49eb","2021-11-09 12:29:24.695"
"ALB","271.750","1","272.050","1","-44","272.05","cbf44469-35aa-4b74-bf5d-6b47d2f0677d","2021-11-09 12:29:24.695"
"ALB","271.750","1","272.050","1","-44","272.05","af4559d1-3341-46b7-9495-f08468b47164","2021-11-09 12:29:24.695"
"ALB","271.840","2","272.020","1","-44","272.02","9228e6f1-aa65-431c-b919-24f427f438d9","2021-11-09 12:30:31.066"
"ALB","271.840","2","272.040","1","-44","272.04","8ec9b63a-3d0c-40d4-8424-142d92e86448","2021-11-09 12:30:31.067"
"ALB","271.760","2","272.050","2","-44","272.05","68666ad3-0966-40fb-b923-a7d9336d6c08","2021-11-09 12:30:31.070"
"ALB","271.760","2","272.050","2","-44","272.05","8a490921-8712-4e16-b4d8-e0f8672330a5","2021-11-09 12:30:31.070"
"ALB","271.760","2","272.050","2","-44","272.05","171cad0f-c682-4a53-805e-6302b9a0cd8f","2021-11-09 12:30:31.070"
"ALB","271.760","2","272.050","2","-44","272.05","5e736b3c-169d-40db-bde9-f08c52eb9f57","2021-11-09 12:30:31.070"
"ALB","271.760","2","272.050","2","-44","272.05","9b954530-b037-436a-a277-ddf5d2264d16","2021-11-09 12:30:31.070"
"ALB","271.760","2","272.050","2","-44","272.05","8af3e024-b39f-4280-bfd9-53c138c06bea","2021-11-09 12:30:31.070"
"ALB","271.760","2","272.050","2","-44","272.05","663f0eb5-b479-44c3-a8be-e5228eb1dd25","2021-11-09 12:30:31.070"
"ALB","272.320","1","272.630","1","44","271.74","9996f388-3853-4b28-8a57-c57eeb4fea99","2021-11-09 12:47:30.738"
"ALB","272.310","1","272.620","2","44","271.74","3648d8d3-2fa3-4ab5-88ba-72ecbe121f3c","2021-11-09 12:47:30.738"
"ALB","272.070","1","272.250","1","-44","272.25","d17f7a0b-c005-4c57-889a-57f77a20252f","2021-11-09 12:50:08.659"
"ALB","272.330","2","272.570","2","-44","272.57","811c078e-e479-4282-9cb0-dabaf558b399","2021-11-09 12:51:16.052"
"ALB","272.650","1","272.860","1","44","272.00","ce7feeb6-38bf-45a6-9468-f3f4bedfca33","2021-11-09 12:53:14.555"
"ALB","272.520","1","272.710","1","44","272.00","fa70ca6d-269f-47f8-aad9-27c15b1d69ee","2021-11-09 12:53:14.555"
"ALB","272.490","1","272.710","2","44","272.00","47bdc058-2981-4a2c-b4ff-f611c6dbb110","2021-11-09 12:53:14.555"
"ALB","272.510","1","272.710","2","44","272.00","925f8cef-c16b-4f9f-8707-7f9374712469","2021-11-09 12:53:14.555"
"ALB","272.340","1","272.570","1","44","271.98","23176df6-45a5-4740-8a99-cc19f0724738","2021-11-09 12:53:14.555"
"ALB","272.460","1","272.720","1","44","271.98","812f46e0-3a2d-47be-95ea-ff45d2083f84","2021-11-09 12:53:14.555"
"ALB","272.450","2","272.720","1","44","271.98","02a39c6f-b0cf-4fe1-b844-28b61e4e9feb","2021-11-09 12:53:14.555"
"ALB","272.450","2","272.720","1","44","271.98","ac3f067a-eed1-442c-86a1-f8e97a55de76","2021-11-09 12:53:14.555"
"ALB","272.470","2","272.720","1","44","271.98","ba604519-1196-4b98-97d0-0b0dac96d111","2021-11-09 12:53:14.555"
"ALB","272.000","1","272.170","2","-44","272.17","804c91c2-347b-4c77-aabd-e55a9458a545","2021-11-09 12:55:30.023"
"ALB","272.020","1","272.270","1","-44","272.27","89d869d0-6cbd-489f-a081-19102dac6eab","2021-11-09 12:55:30.028"
"ALB","272.020","1","272.270","1","-44","272.27","95e26267-c0ed-45e0-89b7-3188a751b930","2021-11-09 12:55:30.028"
"ALB","272.020","1","272.270","1","-44","272.27","1032b2dc-1262-48aa-b422-83d22a7968ef","2021-11-09 12:55:30.028"
"ALB","272.020","1","272.270","1","-44","272.27","467817fe-f2b6-490b-b405-0be4b9e19e38","2021-11-09 12:55:30.028"
"ALB","272.020","1","272.270","1","-44","272.27","57a872af-1dd0-4517-b57f-d0944e5bd11c","2021-11-09 12:55:30.028"
"ALB","272.020","1","272.270","1","-44","272.27","a59b2e22-05a3-4fe9-abf7-95fce4b25da6","2021-11-09 12:55:30.028"
"ALB","272.020","1","272.270","1","-44","272.27","d6e606db-ddac-4361-9efd-f899a9b1808f","2021-11-09 12:55:30.028"
"ALB","272.170","1","272.330","1","-44","272.33","9af189d2-7941-4ec9-a5b1-abaaf811f423","2021-11-09 12:56:47.080"
"ALB","271.950","1","272.120","2","44","271.86","ee77ed46-06a6-49cd-ace7-8c60cd7bb35f","2021-11-09 13:08:41.391"
"ALB","271.760","1","271.910","1","-44","271.92","6413555f-464b-4d4f-9040-22bac65f8532","2021-11-09 13:10:39.304"
"ALB","272.000","1","272.160","1","44","272.00","2e8485bb-9665-4927-9c2b-d1cc0dbf638d","2021-11-09 13:12:44.492"
"ALB","272.000","1","272.160","1","44","272.00","bbc3ed1e-eda1-4166-b498-6b1603f9138f","2021-11-09 13:12:44.492"
"ALB","272.000","2","272.310","1","44","272.00","20f17225-7902-4b90-bb5a-0f3e13ffe66e","2021-11-09 13:12:44.492"
"ALB","272.280","1","272.510","1","-44","272.51","25815baa-0dae-4fc7-a715-6e43176b43d8","2021-11-09 13:14:45.092"
"ALB","272.420","1","272.670","1","-44","272.82","6968ae06-9172-43f4-afab-370e533fda4b","2021-11-09 13:14:52.924"
"ALB","272.570","1","272.840","1","-44","272.84","1985bc76-dd84-42f4-86f4-dfa06a9f9c02","2021-11-09 13:16:05.169"
"ALB","272.510","1","272.900","3","44","272.08","d9d683b7-a7ec-448b-bf77-7d3e052cc0d4","2021-11-09 13:33:46.744"
"ALB","272.520","1","272.770","1","44","272.08","2e64839c-def1-4540-96ec-cd0ddd2fe0fa","2021-11-09 13:33:46.744"
"ALB","272.450","2","272.650","1","44","272.08","4dbc40ea-ce62-468b-aa04-f27dfbfd7cb2","2021-11-09 13:33:46.744"
"ALB","272.310","2","272.450","1","-44","272.45","0be65621-0e98-49e0-9af4-9f8022421a1a","2021-11-09 13:34:17.794"
"ALB","272.040","2","272.240","1","-44","272.25","b9e91079-cd4a-4d3d-8ec7-22b52eaaadf7","2021-11-09 13:38:10.146"
"ALB","272.050","1","272.250","1","-44","272.25","2d1119c6-f3f6-407f-a183-729d38f41a4e","2021-11-09 13:38:10.146"
"ALB","272.420","2","272.780","1","44","271.92","517c14c6-5af6-4c52-80a7-7e978d8142d9","2021-11-09 13:38:18.732"
"ALB","272.410","2","272.780","1","44","271.92","6c49e1db-8e0c-4dd5-8e72-a8b31d4cc917","2021-11-09 13:38:18.732"
"ALB","272.430","2","272.780","1","44","271.92","126c4799-7805-481c-9c55-21200d163390","2021-11-09 13:38:18.732"
"ALB","272.430","2","272.560","1","44","271.92","2dc9c15f-dce2-4788-9804-86bae2bf53df","2021-11-09 13:38:18.732"
"ALB","272.390","1","272.730","1","44","271.92","53cf118a-5d1b-445d-9a69-4bbe993da329","2021-11-09 13:38:18.732"
"ALB","272.580","1","272.840","1","44","271.68","4e0f86b0-6aff-4646-8ced-2c9f4cfca597","2021-11-09 13:39:01.831"
"ALB","272.420","1","272.710","1","44","271.68","f6c0d4fb-7e82-48c1-9b58-84c8678688da","2021-11-09 13:39:01.831"
"ALB","272.820","1","273.040","1","44","271.62","288a9124-1fee-4c4b-992e-992c00b74ca9","2021-11-09 13:39:27.658"
"ALB","272.830","3","273.100","2","44","271.62","dc412840-2b87-42a9-9ecb-75c9f4f7ce9b","2021-11-09 13:39:27.658"
"ALB","272.840","1","273.100","2","44","271.62","78dedb41-fcad-427c-9574-147c3ee4b1fc","2021-11-09 13:39:27.658"
"ALB","272.840","1","273.050","1","44","271.62","2cdb7101-266e-42b4-99aa-aee60ca751a1","2021-11-09 13:39:27.658"
"ALB","272.470","1","272.640","2","44","271.61","aa6a76b0-f02a-4028-b6da-a71341dd9631","2021-11-09 13:39:27.658"
"ALB","272.470","1","272.770","1","44","271.61","e57949bb-bc14-4d1d-a90d-8791e0a252b4","2021-11-09 13:39:27.658"
"ALB","272.470","2","272.760","1","44","271.61","e48c253e-94a1-4b1a-9722-a1e16e5c38cc","2021-11-09 13:39:27.658"
"ALB","271.570","1","271.780","2","-44","271.78","2e004958-2b0c-48bb-89de-3317891cf787","2021-11-09 13:39:42.718"
"ALB","271.570","1","271.780","2","-44","271.78","d3fce869-3dc3-4eee-9242-9f5394b7c4df","2021-11-09 13:39:42.718"
"ALB","271.570","1","271.780","2","-44","271.78","28ecf924-a3f9-4ee9-9ebf-4a7223e223f2","2021-11-09 13:39:42.718"
"ALB","271.570","1","271.780","2","-44","271.78","886de9d6-200b-41d3-b06d-061616c21c53","2021-11-09 13:39:42.718"
"ALB","271.590","1","271.780","1","-44","271.78","c41f2b77-9245-409f-926b-b65310741484","2021-11-09 13:39:42.718"
"ALB","271.590","1","271.780","1","-44","271.78","07644e57-d3f4-44c4-ad29-22d0ca267203","2021-11-09 13:39:42.718"
"ALB","272.560","1","272.870","1","44","271.57","e3b2251b-d48b-4cfb-a4c6-fa01d8a0c647","2021-11-09 13:39:50.724"
"ALB","271.590","1","271.780","2","-44","271.78","25dd7064-56ad-4705-8bbd-169263dbd155","2021-11-09 13:40:32.565"
"ALB","271.830","2","271.950","1","-44","271.95","bc99223b-78ce-4705-93f8-04dbff8c98b9","2021-11-09 13:41:21.314"
"ALB","271.830","2","271.950","1","-44","271.95","97aa66af-6694-469a-b9ca-3e34397e244c","2021-11-09 13:41:21.314"
"ALB","271.830","2","271.950","1","-44","271.95","6bc2d0dd-f72a-4255-b1a0-39e512e9f3fb","2021-11-09 13:41:21.314"
"ALB","271.830","2","271.950","1","-44","271.95","4864b099-7016-4081-ac3d-1a0c2a8e1102","2021-11-09 13:41:21.314"
"ALB","271.760","1","271.920","1","-44","271.92","af440325-9fc9-4c19-8dba-b95de872ad8b","2021-11-09 13:42:23.686"
"ALB","271.800","1","272.070","2","-44","272.07","c2ce0fda-6003-46cf-9a9f-2839699cf647","2021-11-09 13:43:06.739"
"ALB","271.730","1","271.990","1","-44","272.03","48d811fa-daec-46e6-bc1f-e266b0f4e6e5","2021-11-09 13:43:58.467"
"ALB","271.810","1","272.030","2","-44","272.03","b8e91cab-9d85-45c7-b517-2ed2d73388c4","2021-11-09 13:45:28.631"
"ALB","272.040","1","272.390","2","44","271.43","eb0853e6-2a24-44ca-b176-926b9b7802fc","2021-11-09 13:50:17.307"
"ALB","274.890","2","275.550","2","44","271.31","b01f4735-4922-4418-ab5a-091280156c76","2021-11-09 13:50:25.950"
"ALB","271.300","1","271.460","2","-44","271.46","586d4631-7333-4175-b225-1e9e100fd0ac","2021-11-09 13:50:43.345"
"ALB","271.480","1","271.610","2","-44","271.61","10f846c2-259b-4b59-a9af-1509ee2c82a4","2021-11-09 13:50:51.005"
"ALB","273.760","2","274.570","2","44","271.26","098685ad-6248-47bb-9705-4ce4fa13b941","2021-11-09 13:55:01.309"
"ALB","273.790","1","274.540","1","44","271.26","43b7b5c3-8931-49ae-a11a-9ff80377f98c","2021-11-09 13:55:01.309"
"ALB","273.910","1","274.510","2","44","271.26","e67c0268-11d4-43d5-9262-f9cf638ace0d","2021-11-09 13:55:01.309"
"ALB","273.540","1","273.870","1","44","271.26","7be9b234-01f8-4273-8f7b-8f78bf7b4da8","2021-11-09 13:55:01.309"
"ALB","273.300","2","273.870","2","44","271.26","d04c9dd4-893f-49ba-b35e-ba29d299ae2a","2021-11-09 13:55:01.309"
"ALB","273.300","1","273.860","2","44","271.26","cdf67be1-447a-4d39-8d75-758991ac77e4","2021-11-09 13:55:01.309"
"ALB","273.330","1","273.750","1","44","271.26","ff6fc374-66be-4661-8763-d65f306fc3f8","2021-11-09 13:55:01.309"
"ALB","271.330","1","271.470","1","-44","271.48","a7d21823-8e1c-437b-ba5d-e1ee7fb5ab8b","2021-11-09 13:55:22.191"
"ALB","271.330","1","271.470","1","-44","271.48","9392ac19-834d-4b05-bacb-ab4f213c2de1","2021-11-09 13:55:22.191"
"ALB","271.330","1","271.470","1","-44","271.48","5382be48-5478-4955-9278-85c8afcf15a0","2021-11-09 13:55:22.191"
"ALB","271.330","1","271.470","1","-44","271.48","03ed5248-6613-4508-b69d-67f4f5f5f113","2021-11-09 13:55:22.191"
"ALB","271.500","1","271.650","1","-44","271.65","09b5ea95-6b97-4cb7-9c19-ed5b930374ff","2021-11-09 13:55:45.049"
"ALB","271.190","2","271.430","1","-44","271.43","4bb9af9a-1731-43fa-8707-846f03e69aed","2021-11-09 13:56:30.013"
"ALB","271.230","1","271.430","1","-44","271.43","498e4b86-b53d-4050-952f-6e658259b6bf","2021-11-09 13:59:10.040"
"ALB","271.610","2","271.910","2","44","271.64","6ca17369-76b6-4a95-9a6a-212234064292","2021-11-09 14:02:05.063"
"ALB","271.480","1","271.740","1","-44","271.75","ce062f67-fdb2-481f-a884-54e436a09a83","2021-11-09 14:06:16.544"
"ALB","273.030","1","273.320","1","43","272.97","5013bc14-7033-424e-bd2b-f23979bcaef7","2021-11-09 15:18:29.517"
"ALB","273.040","2","273.330","1","43","272.97","f8375733-775e-4511-baf1-a3e22a3b2582","2021-11-09 15:18:29.517"
"ALB","273.050","1","273.320","1","43","272.97","0143e23f-1d80-44b3-a8e1-27f69f192602","2021-11-09 15:18:29.517"
"ALB","273.050","2","273.360","1","43","272.97","cf96f679-afb8-457d-a3a0-ebc539f02c54","2021-11-09 15:18:29.517"
"ALB","273.050","2","273.360","1","43","272.97","c79d6400-68d3-4aec-aab0-d2787b959b35","2021-11-09 15:18:29.517"
"ALB","273.060","1","273.330","1","43","272.94","84b1cfa0-3c49-4585-b58d-d4183d5acc52","2021-11-09 15:18:30.060"
"ALB","272.890","2","273.150","2","-43","273.15","cb7e8bae-8d80-4334-a5c7-72cfe9c82c06","2021-11-09 15:20:03.307"
"ALB","272.890","2","273.150","2","-43","273.15","795045b0-a92d-422f-a137-7d8841989afd","2021-11-09 15:20:03.307"
"ALB","273.020","1","273.260","1","-43","273.28","400e56f7-03f3-44ac-b90b-1166b43c2ca2","2021-11-09 15:20:16.990"
"ALB","273.020","1","273.260","1","-43","273.28","3b1920f5-cf43-4f85-96fa-810c05f6ae7c","2021-11-09 15:20:16.990"
"ALB","272.940","2","273.250","2","-43","273.28","551a1f08-8579-471d-82ea-307abbcc0913","2021-11-09 15:20:16.990"
"ALB","272.940","2","273.240","2","-43","273.24","401466a7-acf4-462a-ba46-1729d87756d2","2021-11-09 15:21:29.802"
"ALC","85.540","3","85.580","1","140","85.48","b8ec939b-beb6-4770-b40e-75cba52469ec","2021-11-09 10:17:20.417"
"ALC","85.540","3","85.580","1","140","85.48","cd319c91-5b98-46df-a34a-b9d6e616bc28","2021-11-09 10:17:20.417"
"ALC","85.580","7","85.610","1","140","85.48","6fc780f1-998d-446b-985e-b4a107c6c57e","2021-11-09 10:17:20.417"
"ALC","85.570","1","85.630","1","140","85.48","3406504b-9be0-457d-85de-a3cf9aefa8a7","2021-11-09 10:17:20.417"
"ALC","85.480","12","85.550","1","-140","85.56","54ca9d20-6ec8-4fe2-94c0-8dc012874f92","2021-11-09 10:18:10.133"
"ALC","85.480","12","85.550","1","-140","85.56","5589a30c-a580-42ca-999a-f0eb947a34a0","2021-11-09 10:18:10.133"
"ALC","85.500","3","85.560","7","-140","85.56","93907c3b-8c7e-4774-acfd-801a9e58eb22","2021-11-09 10:18:52.645"
"ALC","85.510","1","85.560","1","-140","85.56","9df1c594-9215-4a4a-9b81-0d6a40c0076a","2021-11-09 10:18:52.645"
"ALC","85.780","3","85.800","7","140","85.67","2938dcf9-7c15-46c5-90ee-9b386dfdfe12","2021-11-09 10:47:53.196"
"ALC","85.780","1","85.800","7","140","85.67","198520aa-6f4f-4c52-bcda-1775401c2832","2021-11-09 10:47:53.196"
"ALC","85.810","1","85.870","6","140","85.67","2aaaa681-7764-4fdb-b512-cb37a5404b1e","2021-11-09 10:47:53.196"
"ALC","85.820","1","85.860","7","140","85.67","70b90667-907d-4879-a950-35a1f3805f11","2021-11-09 10:47:53.196"
"ALC","85.800","3","85.840","1","140","85.67","58e75b71-6006-4220-b09f-d8a559a4d719","2021-11-09 10:47:53.196"
"ALC","85.790","2","85.820","7","140","85.67","b812fd32-e7e3-48d5-a4d8-5a5b9f7e3491","2021-11-09 10:47:53.196"
"ALC","85.750","1","85.810","3","140","85.67","a592c18b-ea52-4903-b6b6-0e515f83017a","2021-11-09 10:47:53.196"
"ALC","85.610","1","85.660","1","-140","85.66","637a7d4a-bcd5-467f-81b6-5486fda7ebcf","2021-11-09 10:50:56.216"
"ALC","85.610","1","85.660","1","-140","85.66","9206fe97-0435-4f65-87ff-3418e87f8764","2021-11-09 10:50:56.216"
"ALC","85.610","1","85.660","1","-140","85.66","a192b46c-a693-4d7d-a52c-97bc5622ad9b","2021-11-09 10:50:56.216"
"ALC","85.610","1","85.660","1","-140","85.66","d6a2bebe-ac34-4d65-861e-131b54efec4c","2021-11-09 10:50:56.216"
"ALC","85.610","3","85.670","1","-140","85.67","180879dd-ea4e-41a3-adda-3b78b28c93bb","2021-11-09 10:51:09.428"
"ALC","85.610","3","85.670","1","-140","85.67","7dde07bc-351d-4b04-b8fd-1cdbbdefe8ac","2021-11-09 10:51:09.428"
"ALC","85.630","3","85.670","1","-140","85.67","e2902dd2-f900-430e-a7d1-0fca87e93f45","2021-11-09 10:52:28.721"
"ALC","85.720","2","85.790","2","140","85.65","5fe36ff4-cef2-49be-ab18-7f8db3fe750d","2021-11-09 11:13:43.420"
"ALC","85.700","3","85.760","7","140","85.65","7c207bb3-8d8a-4c2b-a8b8-643408017902","2021-11-09 11:13:43.420"
"ALC","85.700","3","85.760","7","140","85.65","d56bc9f8-976b-4637-8d9f-78dbb43f045a","2021-11-09 11:13:43.420"
"ALC","85.640","2","85.680","8","-140","85.68","c647417d-f69a-490a-8956-3eae2332183f","2021-11-09 11:14:20.979"
"ALC","85.660","2","85.690","1","-140","85.69","4549fb90-4de1-42a5-a834-143b1c950188","2021-11-09 11:14:48.847"
"ALC","85.660","3","85.690","1","-140","85.70","7f5fc30e-7774-48be-8f06-e525e3ca4ed9","2021-11-09 11:14:50.006"
"ALC","85.710","3","85.780","2","140","85.67","3efa5f00-af35-471a-b280-f48119bd8d1c","2021-11-09 11:25:12.569"
"ALC","85.710","3","85.780","2","140","85.67","107d7249-529b-4ac4-9607-2020a2675ae1","2021-11-09 11:25:12.569"
"ALC","85.710","3","85.780","2","140","85.67","6f9cdb06-a9db-48d7-b582-492ce31e59dc","2021-11-09 11:25:12.569"
"ALC","85.690","2","85.720","8","140","85.63","1bf78379-c961-4c05-bac3-8f291ba8744e","2021-11-09 11:25:20.315"
"ALC","85.700","1","85.730","1","140","85.63","280d5f5c-b157-4ef3-8fdc-e64a1ff2774e","2021-11-09 11:25:20.315"
"ALC","85.690","2","85.730","1","140","85.63","682f530c-6e56-4646-a223-33fe93a8c762","2021-11-09 11:25:20.315"
"ALC","85.690","2","85.730","1","140","85.63","6d5b6e75-94f2-4860-8428-158be59e4c41","2021-11-09 11:25:20.315"
"ALC","85.710","3","85.760","1","140","85.63","ae13b1a7-96da-4420-a71c-d1de82fcf881","2021-11-09 11:25:20.315"
"ALC","85.710","3","85.760","1","140","85.63","2ff950b2-9079-4169-867b-a7b84bd29a8e","2021-11-09 11:25:20.315"
"ALC","85.620","8","85.670","1","-140","85.67","96b3ffa1-62a4-475b-866f-509d13ab6464","2021-11-09 11:25:50.295"
"ALC","85.620","8","85.680","2","-140","85.68","001cf131-ad49-4e53-b4a4-85506094e858","2021-11-09 11:25:50.331"
"ALC","85.620","8","85.680","2","-140","85.68","3535a464-fc62-4ca1-b606-dee88b6b403a","2021-11-09 11:25:50.331"
"ALC","85.650","3","85.700","2","-140","85.71","ac028a88-2083-45e6-b278-0c62a0cf916f","2021-11-09 11:27:16.263"
"ALC","85.650","3","85.700","2","-140","85.71","2657b82a-4d3b-4fe7-903e-5bc5818889e2","2021-11-09 11:27:16.263"
"ALC","85.650","4","85.730","2","-140","85.73","16a8dc86-c959-4834-ad91-cd2238ed4301","2021-11-09 11:27:31.777"
"ALC","85.650","4","85.730","2","-140","85.73","3b92deae-4585-4d31-96dc-98cab57ab8f0","2021-11-09 11:27:31.777"
"ALC","85.650","4","85.730","2","-140","85.73","4484b837-5f93-46f1-b94b-d2137e5e5586","2021-11-09 11:27:31.777"
"ALC","85.700","4","85.730","3","-140","85.75","3411f945-a698-41ac-93a3-74be6427c7dc","2021-11-09 11:27:58.238"
"ALC","87.060","3","87.090","3","137","86.97","b80e60e3-19d7-4309-8cf3-b06b4303ac72","2021-11-09 13:27:22.502"
"ALC","87.010","1","87.080","1","138","86.95","15bd2606-8e2a-48d3-81e7-523080d46290","2021-11-09 13:27:43.079"
"ALC","87.030","2","87.100","1","137","86.95","2bad2e95-4ebc-4f43-b9fc-bd1ae1471a94","2021-11-09 13:27:43.079"
"ALC","87.030","2","87.100","1","137","86.95","04d72778-917c-4b98-bec2-1847e76e3bd6","2021-11-09 13:27:43.079"
"ALC","87.040","1","87.090","3","137","86.95","c3202d4a-ad8b-4411-97c8-262de7a7409c","2021-11-09 13:27:43.079"
"ALC","87.030","1","87.090","3","138","86.95","4d741ea0-408c-4c1e-8b4a-27a3ee4c8129","2021-11-09 13:27:43.079"
"ALC","87.050","2","87.090","1","137","86.95","4b44fbca-f149-4b35-a77a-e2e8a79c6d35","2021-11-09 13:27:43.079"
"ALC","87.050","3","87.090","1","137","86.95","7ee80d75-d2eb-4642-afd5-e914a026c724","2021-11-09 13:27:43.079"
"ALC","87.020","1","87.080","3","137","86.95","9b1a3d94-6bbe-463a-893a-ffbb5a26978c","2021-11-09 13:27:43.079"
"ALC","87.040","2","87.080","1","137","86.95","233a45fc-1842-4205-8bfe-65f2e79e8aef","2021-11-09 13:27:43.079"
"ALC","87.040","3","87.080","2","138","86.95","15d73a17-e1a3-4c36-b1cb-9de84403b5e2","2021-11-09 13:27:43.079"
"ALC","87.040","3","87.080","2","137","86.95","192acacd-169a-487a-aa98-50c58939f6f1","2021-11-09 13:27:43.079"
"ALC","87.040","3","87.080","2","137","86.95","8e84d8ed-371f-44ee-84fa-f076606cda23","2021-11-09 13:27:43.079"
"ALC","86.880","2","86.940","4","-137","86.94","5ebae5e0-00f0-41ce-a207-04d7fa11e38d","2021-11-09 13:29:30.604"
"ALC","86.880","2","86.940","4","-138","86.94","82ea1da7-ff2b-4349-841b-f6ecd5bc4c69","2021-11-09 13:29:30.604"
"ALC","86.900","1","86.940","4","-137","86.94","9edbaf7c-2403-4535-a8ee-94af347c19fb","2021-11-09 13:30:41.969"
"ALC","86.900","1","86.940","4","-137","86.94","3e98c779-ada7-4905-81f6-0d0c4d34d3d8","2021-11-09 13:30:41.969"
"ALC","86.900","1","86.940","4","-138","86.94","81b62ba8-2e5a-4f6b-b53e-0d001e907660","2021-11-09 13:30:41.969"
"ALC","86.900","1","86.940","4","-137","86.94","5e0655c4-185d-4ad6-b489-cd0164bd5863","2021-11-09 13:30:41.969"
"ALC","86.900","1","86.940","4","-137","86.94","e0504b50-e658-4bd0-8016-a3bd848b00af","2021-11-09 13:30:41.969"
"ALC","86.900","1","86.940","4","-137","86.94","e992d506-b546-4fbf-91c7-4ed22e5b1dcf","2021-11-09 13:30:41.969"
"ALC","86.900","1","86.940","4","-137","86.94","0ed57617-d4b1-4b1e-8373-2eb0e5b14852","2021-11-09 13:30:41.969"
"ALC","86.900","1","86.940","4","-137","86.94","f7d71e63-5ab8-4463-be1a-dae9894c7358","2021-11-09 13:30:41.969"
"ALC","86.900","1","86.940","4","-137","86.94","5873f8cd-4763-43ba-b281-2d18fac1ffc3","2021-11-09 13:30:41.969"
"ALC","86.900","1","86.940","4","-137","86.94","832bef62-7f54-4a9f-bdbb-5d13ce2d0004","2021-11-09 13:30:41.969"
"ALC","86.900","1","86.940","4","-138","86.94","12ab0b29-59c5-4eb1-8da7-dc23dbf476dc","2021-11-09 13:30:41.969"
"ALC","87.100","1","87.170","2","137","87.01","c66ea3a5-8f68-453d-8796-aee8db89d2f5","2021-11-09 13:44:18.182"
"ALC","87.100","3","87.170","2","137","87.01","3ec26556-2206-4c07-a051-38dc9fb31d36","2021-11-09 13:44:18.182"
"ALC","87.100","3","87.170","2","137","87.01","4856ea24-fe0a-4444-9384-aafc85cc6963","2021-11-09 13:44:18.182"
"ALC","87.110","4","87.170","2","137","87.01","a0cfe04a-d07e-42dd-9302-e466ce790047","2021-11-09 13:44:18.182"
"ALC","87.110","4","87.170","2","137","87.01","184d32f6-bca7-4d38-bbc7-6a2096d8a48f","2021-11-09 13:44:18.182"
"ALC","87.110","4","87.170","2","137","87.01","a761907a-be75-4e93-8f7c-d47a3c26f7b1","2021-11-09 13:44:18.182"
"ALC","87.110","4","87.170","2","137","87.01","c23bec04-f59c-4ca7-bfa8-643d4935ab27","2021-11-09 13:44:18.182"
"ALC","87.110","4","87.170","2","137","87.01","2d2442d9-ef8b-403a-bc00-3da9e0d19120","2021-11-09 13:44:18.182"
"ALC","87.110","3","87.170","2","137","87.01","47070c90-b0d7-437a-acae-117ab67f1fb8","2021-11-09 13:44:18.182"
"ALC","87.060","1","87.110","3","137","86.97","959e080d-350d-433d-bb04-8b8d5dffb45a","2021-11-09 13:45:32.416"
"ALC","87.060","3","87.110","3","137","86.97","b13e3c56-1886-4904-9a76-c56d9fad031d","2021-11-09 13:45:32.416"
"ALC","86.950","2","87.000","2","-137","87.00","041e99b0-0b61-437d-989a-0522cff2253d","2021-11-09 13:45:41.570"
"ALC","86.950","2","87.000","2","-137","87.00","d378dd60-3a87-422a-b885-d8dc8a312f38","2021-11-09 13:45:41.570"
"ALC","86.990","1","87.040","3","-137","87.04","709d56df-98de-48ad-83ca-153e59994718","2021-11-09 13:45:45.625"
"ALC","86.990","1","87.040","3","-137","87.04","032d6c28-26a0-4877-b347-a07c19cb3667","2021-11-09 13:45:45.625"
"ALC","86.990","1","87.040","3","-137","87.04","ee6a11e3-8473-4bb7-ab8c-944f74cd84f0","2021-11-09 13:45:45.625"
"ALC","86.990","1","87.040","3","-137","87.04","05a723a3-f9bf-4614-89f5-7ca7998fbc1b","2021-11-09 13:45:45.625"
"ALC","86.990","1","87.040","3","-137","87.04","0f6fedeb-249b-452a-af74-ab8d50c545fe","2021-11-09 13:45:45.625"
"ALC","86.910","3","86.960","3","-137","86.96","64174368-39a3-4ce5-9a6f-02feadbccf91","2021-11-09 13:49:19.357"
"ALC","86.910","3","86.960","3","-137","86.96","ed478372-72bd-41f4-ba50-ec28c43ca5b1","2021-11-09 13:49:19.357"
"ALC","86.940","1","86.990","1","-137","87.01","5578178f-b1ea-487a-920f-625113cc7fdd","2021-11-09 13:49:21.309"
"ALC","86.990","4","87.040","2","-137","87.04","a3c107f7-d6ab-4ea1-8772-897da25bbb2a","2021-11-09 13:54:48.339"
"ALC","87.200","1","87.240","2","137","87.17","6e7c6e46-5943-4d3b-82fb-f5352f5d8ea1","2021-11-09 14:42:15.539"
"ALC","87.190","3","87.230","1","-137","87.23","0e7aa9f7-6b26-4c10-9f29-d5f0be0f4ae5","2021-11-09 14:47:49.830"
"ALC","87.380","1","87.420","2","137","87.22","3ae10d80-ad93-459e-8534-8e3f947a9654","2021-11-09 15:31:26.244"
"ALC","87.380","2","87.440","2","137","87.20","e9373a7f-84ce-4c97-a036-ff40843b6b05","2021-11-09 15:31:31.475"
"ALC","87.370","1","87.420","1","137","87.20","5722ee6d-7589-493d-9a2b-723393e717b7","2021-11-09 15:31:31.475"
"ALC","87.360","1","87.420","1","137","87.20","37384d70-e11a-4bc3-b5ef-2928ef339283","2021-11-09 15:31:31.475"
"ALC","87.370","3","87.420","1","137","87.20","898762af-f8ce-4959-8fc6-2034539c2f39","2021-11-09 15:31:31.475"
"ALC","87.360","2","87.410","2","137","87.20","8e25e0f4-3479-4eec-ad65-3918a7b635cc","2021-11-09 15:31:31.475"
"ALC","87.350","2","87.390","2","137","87.20","e8b0b06c-b13e-4bb7-87ba-dd8867f25bfb","2021-11-09 15:31:31.475"
"ALC","87.340","1","87.390","2","137","87.20","d816b4b5-3f4d-4f01-b3e9-240e3fe4908a","2021-11-09 15:31:31.475"
"ALC","87.300","2","87.360","3","137","87.20","e8d600a9-bf23-407c-97b1-54285f66492c","2021-11-09 15:31:31.475"
"ALC","87.300","2","87.360","3","137","87.20","f240ffce-eea8-4af7-9a40-b6297dbed32c","2021-11-09 15:31:31.475"
"ALC","87.080","1","87.110","1","-1,370","87.08","151d2362-9ba9-4b42-a7a1-c837d58d9e31","2021-11-09 15:48:00.006"
"AEE","83.640","1","83.700","1","144","83.30","bba21bfc-5aea-4a69-a9c2-a6162854c798","2021-11-09 10:16:58.337"
"AEE","83.650","1","83.710","4","144","83.30","527584ec-9c32-4e55-bf1b-6142e8c7aa64","2021-11-09 10:16:58.337"
"AEE","83.630","3","83.710","1","144","83.30","017e491d-423f-464e-9791-0f9d56d7ded5","2021-11-09 10:16:58.337"
"AEE","83.740","1","83.820","2","144","83.29","b215afdd-7c67-4a43-8743-74283fe8a2e0","2021-11-09 10:17:01.049"
"AEE","83.810","2","83.880","1","144","83.29","b26eecf9-ecec-469b-8f4f-a49eb642ed83","2021-11-09 10:17:01.049"
"AEE","83.730","2","83.820","2","144","83.29","1f9617a9-1fac-45ef-97ea-8cd39d3debdf","2021-11-09 10:17:01.049"
"AEE","83.710","1","83.800","4","144","83.29","c6c7db58-9ff7-4219-a93a-2a5661f751db","2021-11-09 10:17:01.049"
"AEE","83.720","2","83.830","3","144","83.25","2cc25b83-116c-46cf-a868-75280e5df527","2021-11-09 10:17:03.925"
"AEE","83.720","2","83.830","3","144","83.25","f00f2d96-ddd9-424b-9f00-d5156715d2dd","2021-11-09 10:17:03.925"
"AEE","83.720","2","83.810","3","144","83.25","0456002f-ee54-425b-b4e1-0285996fe90c","2021-11-09 10:17:03.925"
"AEE","83.300","2","83.360","1","-144","83.37","e6fef58e-1a4e-4dea-9ad4-1ead2550d45a","2021-11-09 10:17:41.213"
"AEE","83.300","2","83.360","1","-144","83.37","4cfde252-b14d-42d0-aa88-db2d239ba798","2021-11-09 10:17:41.213"
"AEE","83.300","2","83.360","1","-144","83.37","80b44acb-1553-45f5-af02-cee960f06ec3","2021-11-09 10:17:41.213"
"AEE","83.300","2","83.360","1","-144","83.37","ba0784ad-912c-4798-a2f3-d0308380eb64","2021-11-09 10:17:41.213"
"AEE","83.300","2","83.360","1","-144","83.37","08cb4745-85ef-4631-8871-7b3dee7c8a48","2021-11-09 10:17:41.213"
"AEE","83.210","2","83.280","1","-144","83.28","a7aefdcb-c5c1-406e-aa57-b31ac0e3d1d3","2021-11-09 10:20:45.730"
"AEE","83.210","2","83.280","1","-144","83.28","501a6290-41df-42ba-81e2-3ffd13288db6","2021-11-09 10:20:45.730"
"AEE","83.220","1","83.280","1","-144","83.28","9165f5d3-23be-40d5-95da-90789b9808b6","2021-11-09 10:20:45.730"
"AEE","83.240","1","83.300","1","-144","83.30","4b6afe4b-ab39-403c-8cf8-bb0b324c6b6f","2021-11-09 10:23:05.573"
"AEE","83.240","1","83.300","1","-144","83.30","05e3854b-45eb-4ef2-b0cb-014a8fa47f97","2021-11-09 10:23:05.573"
