"Symbol","Bid","Bid Sz","Ask","Ask Sz","Shares","Price","Order ID","Timestamp"
"AA","58.130","3","58.170","1","205","58.17","d284635f-bec6-4fe3-bdb2-bcd8ed999135","2022-02-02 09:53:30.006"
"AA","57.700","1","57.740","6","-205","57.74","5ac5b6f2-164a-45f1-a651-d6a5a68e98e5","2022-02-02 09:56:23.901"
"AA","57.650","1","57.680","1","206","57.68","7663f03a-d38d-41a8-917e-3a737be4277c","2022-02-02 10:07:10.006"
"AA","57.630","1","57.680","1","-206","57.69","966e66ad-da9b-4833-b05b-50017f2df0ae","2022-02-02 10:11:41.147"
"AA","57.710","3","57.770","8","208","57.60","56e43e56-dc99-4299-8c2e-e8822ce287ea","2022-02-02 10:17:33.598"
"AA","57.670","1","57.710","2","208","57.60","e7c148e4-e432-4b71-98d4-b05312b6486b","2022-02-02 10:17:33.598"
"AA","57.520","5","57.550","1","-208","57.55","1f60c5ca-a881-48f1-97a1-4b49ae07492b","2022-02-02 10:18:00.994"
"AA","57.540","1","57.570","2","-208","57.58","c68df088-f844-4b55-b7d1-cfaa6e6a310b","2022-02-02 10:18:00.998"
"AA","57.720","3","57.770","5","208","57.45","862ef7f3-6b76-4f0b-96e6-f9f24631fa37","2022-02-02 10:21:48.807"
"AA","57.660","1","57.700","11","-208","57.70","233fcc7b-2b9b-4c71-9640-5bad63f22aaf","2022-02-02 10:22:57.124"
"AA","57.600","10","57.630","1","208","57.60","f0578ee2-c97d-4136-a279-a08d7a6f2d8e","2022-02-02 10:32:12.147"
"AA","57.660","1","57.700","6","-208","57.70","07a3b16f-8f78-4996-acaf-c97e8045ceaf","2022-02-02 10:33:54.260"
"AA","57.650","1","57.670","1","209","57.40","156f8b17-47ed-47bd-8afc-a28fe1abb7bd","2022-02-02 10:35:16.135"
"AA","57.620","6","57.670","1","209","57.40","2cb9140c-579d-40e7-b575-9d22a6143f2b","2022-02-02 10:35:16.135"
"AA","57.610","3","57.660","6","209","57.40","3e3cb949-dd62-4b70-b333-21c4cd443e49","2022-02-02 10:35:16.135"
"AA","57.720","6","57.750","1","209","57.40","61a10820-4396-48a0-9c5a-dd7e685061e3","2022-02-02 10:35:16.135"
"AA","57.680","3","57.730","1","209","57.40","443f08ce-b62a-4ab2-a900-327f0663ef81","2022-02-02 10:35:16.135"
"AA","57.390","3","57.430","1","-209","57.43","82c610e5-f698-4f98-bc79-7d5a0199ed74","2022-02-02 10:35:33.793"
"AA","57.390","3","57.430","1","-209","57.43","e9a3e44f-c338-4503-bced-be1beb62152c","2022-02-02 10:35:33.793"
"AA","57.390","3","57.430","1","-209","57.43","c89d9b90-8f09-434b-b012-03f0bedaf6f4","2022-02-02 10:35:33.793"
"AA","57.340","5","57.370","1","-209","57.37","10405899-218f-4e3f-81a3-33de1bc2a1c1","2022-02-02 10:35:48.419"
"AA","57.320","1","57.350","13","-209","57.35","6da3b28a-1dd7-4ec8-8b8e-bfe1f01f5789","2022-02-02 10:36:10.234"
"AA","58.120","1","58.160","1","208","57.64","da484c43-3de0-4e12-b2bc-dfd86b74769d","2022-02-02 11:15:42.656"
"AA","58.130","1","58.180","1","208","57.64","a10e4f58-023d-45e7-85d9-124c278ea23b","2022-02-02 11:15:42.656"
"AA","58.140","1","58.180","1","208","57.64","b7957621-68e7-4b1d-a2d8-41de0c945b02","2022-02-02 11:15:42.656"
"AA","58.190","1","58.210","1","208","57.64","b429f1cb-a1d2-458d-99f6-89209bacb7da","2022-02-02 11:15:42.656"
"AA","58.160","3","58.200","1","208","57.64","32db6f91-b99d-4849-9c2c-c2e193f2b448","2022-02-02 11:15:42.656"
"AA","58.110","1","58.150","1","208","57.64","0a321c82-c372-4e4b-877e-a6a6cb76d64e","2022-02-02 11:15:42.656"
"AA","57.680","1","57.700","9","-208","57.70","8ff52fbc-666f-438e-af21-28a7810c48b0","2022-02-02 11:16:27.598"
"AA","57.680","1","57.700","9","-208","57.70","f8e25327-6e74-490c-b9c3-3705555aa5e3","2022-02-02 11:16:27.598"
"AA","57.680","1","57.700","9","-208","57.70","115dceef-d0ce-4a56-9214-4d95b8ed3832","2022-02-02 11:16:27.598"
"AA","57.700","10","57.730","1","-208","57.73","467ec3c6-c43e-47f3-a789-4220404b1803","2022-02-02 11:16:32.431"
"AA","57.700","10","57.730","1","-208","57.73","4dd69aef-3f13-460a-8457-b48c23574b1f","2022-02-02 11:16:32.431"
"AA","57.660","4","57.700","3","-208","57.70","08d9e08d-9dff-4bb2-9c86-5aadb2998c43","2022-02-02 11:21:40.301"
"AA","57.680","6","57.720","2","206","57.72","9f9fc8a9-18f6-4b32-a2a8-17c568b6d2a3","2022-02-02 11:21:50.006"
"AA","57.610","5","57.650","1","-206","57.66","bd823ca3-dbaa-4dc5-b72b-22d205b9a553","2022-02-02 11:22:31.249"
"AA","57.790","1","57.820","2","208","57.50","363c6c92-5227-4cd7-9681-d7fff70a2e0a","2022-02-02 11:31:47.961"
"AA","57.830","3","57.870","1","208","57.50","90f65d0d-5f9c-4929-bce3-be6261a3f3ce","2022-02-02 11:31:47.961"
"AA","58.010","1","58.050","1","208","57.50","600d0d14-7f87-4a22-871e-1107b3aaa7af","2022-02-02 11:31:47.961"
"AA","58.010","1","58.050","1","208","57.50","844d77e4-d0cb-4552-9c7c-27a336bb299a","2022-02-02 11:31:47.961"
"AA","58.180","1","58.220","5","208","57.50","9aa131e7-09a3-4c60-8cac-65bbe5b7a4e8","2022-02-02 11:31:47.961"
"AA","58.250","15","58.300","6","208","57.50","5ebd6310-ea3c-4939-9c7f-eccf3b2bb55c","2022-02-02 11:31:47.961"
"AA","58.250","15","58.290","5","208","57.50","4996d32a-3f6e-4678-8857-b615661165ae","2022-02-02 11:31:47.961"
"AA","58.250","15","58.300","1","208","57.50","46d4b04d-de03-4379-8226-8013e4eb3d27","2022-02-02 11:31:47.961"
"AA","58.250","15","58.300","1","208","57.50","225dfb80-d741-4d23-b91f-d555300062f9","2022-02-02 11:31:47.961"
"AA","58.210","1","58.250","2","208","57.50","875d5025-b759-4f60-a9a2-e70f91027ea1","2022-02-02 11:31:47.961"
"AA","58.220","1","58.250","5","208","57.50","e596b570-8be0-46a1-8ea4-0b5b5fd59d9f","2022-02-02 11:31:47.961"
"AA","57.510","1","57.530","1","-208","57.53","509f2c3f-4346-4cf5-9e0b-94d733894a02","2022-02-02 11:32:01.195"
"AA","57.510","1","57.530","1","-208","57.53","ac9a7983-7209-46ef-9e71-cc3d23c8a390","2022-02-02 11:32:01.195"
"AA","57.510","1","57.530","1","-208","57.53","297ee59d-7979-42bd-a181-32deba8e5119","2022-02-02 11:32:01.195"
"AA","57.510","1","57.530","1","-208","57.53","88796428-4e4f-4e3d-83d3-dc38becd1b1b","2022-02-02 11:32:01.195"
"AA","57.510","1","57.530","1","-208","57.53","105e611e-86f2-4cbb-b81c-e7f249a47157","2022-02-02 11:32:01.195"
"AA","57.510","1","57.530","1","-208","57.53","0ad9b393-c7a1-4113-927b-2fec007e3dfd","2022-02-02 11:32:01.195"
"AA","57.520","1","57.550","1","-208","57.55","3ca39a0c-5d15-4e20-bada-00b64f1319c1","2022-02-02 11:32:40.463"
"AA","57.480","1","57.510","6","-208","57.51","53f9955a-cd48-42aa-8451-d0300a4b2930","2022-02-02 11:32:58.779"
"AA","57.480","1","57.510","6","-208","57.51","7bd3d5e2-e7b5-4a65-9790-d7ad58d36ff3","2022-02-02 11:32:58.779"
"AA","57.480","3","57.510","1","-208","57.51","e5ad80ee-dd42-4131-b2ea-5f8234c2d4fc","2022-02-02 11:33:05.818"
"AA","57.530","3","57.540","1","-208","57.54","ade90a31-dd28-45ae-a71b-8bc4967f5734","2022-02-02 11:33:30.019"
"AA","58.120","1","58.160","2","208","57.43","6ebf49d6-e5f1-4ef9-b15c-d452d6c3d621","2022-02-02 11:34:06.230"
"AA","58.150","1","58.180","1","208","57.43","cdd20fee-aaa6-460e-80f8-2df972b06018","2022-02-02 11:34:06.230"
"AA","58.130","2","58.140","1","208","57.43","9ac5a782-5ef1-42cc-beb0-c567fbec5388","2022-02-02 11:34:06.230"
"AA","58.160","3","58.200","2","208","57.43","525cec99-823c-4d19-8075-ecf4a400cf94","2022-02-02 11:34:06.230"
"AA","58.150","2","58.170","1","208","57.43","ea57e719-b62d-43c0-878d-d1f65bd788c4","2022-02-02 11:34:06.230"
"AA","58.160","1","58.200","1","208","57.43","3ee5d28f-6931-4403-b39b-4f1d8793fcf4","2022-02-02 11:34:06.230"
"AA","57.400","6","57.440","1","-208","57.44","fa0ea942-d41a-4fff-8a5d-bd8edb0fee4e","2022-02-02 11:35:07.349"
"AA","57.400","6","57.440","1","-208","57.44","4cf72c60-130f-4e84-ae3b-d024156d330c","2022-02-02 11:35:07.349"
"AA","57.400","6","57.440","1","-208","57.44","31731cd7-1021-4010-bd79-ac70aabd0739","2022-02-02 11:35:07.349"
"AA","58.420","2","58.430","1","209","57.40","b3bc24bf-aeca-4ef3-965c-1517785aeb0b","2022-02-02 11:35:11.965"
"AA","57.400","1","57.410","1","-208","57.41","8f8cd769-acf8-4ddc-8ffd-df77900ca59e","2022-02-02 11:35:21.131"
"AA","57.430","1","57.450","1","-208","57.45","abcf26a4-0939-4882-9068-9bd3dfff08b6","2022-02-02 11:35:25.409"
"AA","57.430","1","57.450","1","-208","57.45","b71dcc33-e87f-4d31-96eb-54be2ae3f00a","2022-02-02 11:35:25.409"
"AA","57.520","2","57.530","1","-209","57.53","44fcbef8-2f1a-49a9-8e6d-afa3d0629f44","2022-02-02 11:36:30.395"
"AA","58.740","1","58.760","3","204","58.64","eceb44a8-91cb-4950-ba56-f1339dc93d91","2022-02-02 13:09:10.419"
"AA","58.730","2","58.750","1","204","58.64","182b841e-4a70-42f1-a9a0-78868faa965a","2022-02-02 13:09:10.419"
"AA","58.700","3","58.730","5","204","58.64","a2a192e0-a41f-4543-96cd-f254827f90f4","2022-02-02 13:09:10.419"
"AA","58.700","3","58.730","5","204","58.64","ab851af8-2360-4688-9758-2a39c872bc74","2022-02-02 13:09:10.419"
"AA","58.730","5","58.760","8","204","58.64","7b5688a1-dfe5-46e6-8c1c-a0dcfc97bd46","2022-02-02 13:09:10.419"
"AA","58.740","1","58.760","2","204","58.64","520f4856-8839-4c37-b69f-dd73bc1778d1","2022-02-02 13:09:10.419"
"AA","58.660","3","58.680","6","204","58.64","78b014db-bb96-4d04-b6b8-de62de4f6edc","2022-02-02 13:09:10.419"
"AA","58.640","1","58.670","5","205","58.54","2ebc837b-e9e0-4b03-8215-9ed951c3da44","2022-02-02 13:09:23.567"
"AA","58.650","5","58.670","6","204","58.54","e988f74c-db23-46bf-8e2a-a7080cdfc8a5","2022-02-02 13:09:23.567"
"AA","58.650","1","58.670","5","204","58.54","a7f02b59-386e-4f71-b38b-4372df59873a","2022-02-02 13:09:23.567"
"AA","58.640","5","58.670","5","205","58.52","cdb28e51-45a1-4273-afc5-4ff215b7fc7e","2022-02-02 13:09:36.409"
"AA","58.630","6","58.670","6","205","58.52","e41d2f99-f06f-4751-a68a-cd6a3d9e4c8e","2022-02-02 13:09:36.409"
"AA","58.500","3","58.540","1","-204","58.54","e88e89a7-db2b-4b69-847a-85b7948ea245","2022-02-02 13:10:00.183"
"AA","58.500","3","58.540","1","-204","58.54","29061555-fc45-4784-96ca-2d443ffe6630","2022-02-02 13:10:00.183"
"AA","58.500","3","58.540","1","-205","58.54","4817583f-f811-432f-b18b-fd8da974b2f1","2022-02-02 13:10:00.183"
"AA","58.520","5","58.560","2","-204","58.56","0eef6a7c-dd9a-4db8-a407-9ff79ba6e702","2022-02-02 13:10:10.118"
"AA","58.520","5","58.560","2","-204","58.56","940a290a-60fa-460e-a9a1-c61b28c0eca2","2022-02-02 13:10:10.118"
"AA","58.520","5","58.560","2","-204","58.56","86ebbff8-89ee-4bb3-96f3-85ea97168a04","2022-02-02 13:10:10.118"
"AA","58.490","1","58.520","3","-204","58.52","575b394d-8a1f-46a3-ba7a-e1c5a14eb1c9","2022-02-02 13:10:41.170"
"AA","58.490","1","58.520","3","-205","58.52","118cfa72-21dd-4aaa-beda-3296539ef71d","2022-02-02 13:10:41.170"
"AA","58.490","3","58.530","2","-204","58.53","c5e19c7b-2225-4f64-ae09-aa99d3f109ee","2022-02-02 13:10:58.477"
"AA","58.490","3","58.530","2","-204","58.53","16714215-9df6-4d5d-b0a9-d05789d0a0a2","2022-02-02 13:10:58.477"
"AA","58.500","5","58.540","5","-205","58.54","e42cf7b8-eb50-42ad-9da7-16211e7f8e5b","2022-02-02 13:11:00.928"
"AA","58.570","5","58.600","3","-204","58.60","119b9884-4488-4940-bd4d-cce6652446fb","2022-02-02 13:12:16.339"
"AA","58.630","1","58.660","1","204","58.60","1f8e27f2-4512-40cd-8a52-76793a0f3208","2022-02-02 13:22:24.999"
"AA","58.610","12","58.650","2","204","58.60","4d40dc05-e4bb-4c1c-8662-1bbd98d94419","2022-02-02 13:22:24.999"
"AA","58.530","5","58.560","3","-204","58.56","bdcc000e-bd0d-44fd-9b0f-c85acee7a5ea","2022-02-02 13:26:40.366"
"AA","58.410","5","58.430","1","-204","58.43","305dd2b8-8843-458b-b8ca-b015e4109dda","2022-02-02 13:27:53.492"
"AA","58.660","2","58.680","3","204","58.57","33cdce75-d8aa-4fe7-b07f-715055c8c426","2022-02-02 13:35:25.941"
"AA","58.630","1","58.660","2","204","58.57","ff8c8ab5-4461-4c68-a313-cf16fbcf8178","2022-02-02 13:35:25.941"
"AA","58.630","2","58.670","1","204","58.57","b534948c-dc02-4252-9ebc-e984992acf79","2022-02-02 13:35:25.941"
"AA","58.640","5","58.680","3","204","58.57","9cbdb587-9283-474a-9cf6-c96ef28cf714","2022-02-02 13:35:25.941"
"AA","58.650","1","58.680","5","204","58.57","23e1ed6d-5bf0-48b2-961a-21726280378d","2022-02-02 13:35:25.941"
"AA","58.650","3","58.670","1","204","58.57","298f6195-e624-42b0-a236-390b58afcd5e","2022-02-02 13:35:25.941"
"AA","58.640","1","58.680","2","204","58.57","51a68087-13a8-4db9-be0c-158a092569cb","2022-02-02 13:35:25.941"
"AA","58.640","1","58.660","1","204","58.57","e4e1103d-9dff-4c39-a6a1-508bcbfb53e3","2022-02-02 13:35:25.941"
"AA","58.640","1","58.670","1","204","58.57","d2c99825-ac19-4ab5-8a0f-a009c59c996e","2022-02-02 13:35:25.941"
"AA","58.650","1","58.680","3","204","58.57","33ff6582-e058-4788-92c3-4f658603e4d2","2022-02-02 13:35:25.941"
"AA","58.540","1","58.580","1","-204","58.58","f314631f-3c53-4192-b52a-38a985aeaeec","2022-02-02 13:35:52.002"
"AA","58.540","1","58.580","1","-204","58.58","22e2308e-6fb8-40ad-98c8-57c89b289615","2022-02-02 13:35:52.002"
"AA","58.540","1","58.580","1","-204","58.58","43617dab-1284-4c10-b204-d197f2f800a3","2022-02-02 13:35:52.002"
"AA","58.530","1","58.560","3","-204","58.56","9ce64bfa-d0ac-4c89-ae9b-d9c8e678af10","2022-02-02 13:36:13.817"
"AA","58.600","6","58.630","1","205","58.54","f15730d5-50d5-4e28-a548-787306f15511","2022-02-02 13:36:51.446"
"AA","58.540","1","58.560","2","-205","58.56","1e006af1-04aa-4ce8-bcc6-df777a3d5c3c","2022-02-02 13:37:49.509"
"AA","58.460","1","58.480","3","-204","58.48","6153a020-d2a3-4827-8530-771e78bafe23","2022-02-02 13:39:28.966"
"AA","58.460","1","58.480","3","-204","58.48","1be4772d-fc5d-48a0-a3d8-1c2cee749252","2022-02-02 13:39:28.966"
"AA","58.460","1","58.480","3","-204","58.48","6bbc9fed-14a9-4e0c-ac7b-9569fafdd462","2022-02-02 13:39:28.966"
"AA","58.470","3","58.520","2","-204","58.54","9ec53b5b-2a07-483d-8d27-2459464f6c47","2022-02-02 13:39:44.316"
"AA","58.470","3","58.520","2","-204","58.54","57592de4-bd77-430f-83cd-56f177c3cd23","2022-02-02 13:39:44.316"
"AA","58.500","6","58.540","2","-204","58.54","d9420ef9-988b-4069-98c8-cba787a0cc18","2022-02-02 13:39:52.556"
"AA","59.380","1","59.400","2","202","59.29","3a37d81f-6a19-48e0-b49e-31201c9c933c","2022-02-02 15:01:29.841"
"AA","59.360","3","59.390","2","202","59.29","e8f3be80-b78c-46b3-a8e3-e5facda5a793","2022-02-02 15:01:29.841"
"AA","59.340","2","59.380","2","202","59.29","9d791404-91e5-48ab-b203-3f7bb981878e","2022-02-02 15:01:29.841"
"AA","59.360","1","59.380","1","202","59.29","4bbf41f8-199a-40f7-9a5f-60fa4159e827","2022-02-02 15:01:29.841"
"AA","59.390","4","59.420","3","202","59.29","1248e112-9c5b-412e-b900-8be0b4927805","2022-02-02 15:01:29.841"
"AA","59.400","3","59.430","2","202","59.28","1edde47a-ba49-4a24-8f2d-bd5262f46216","2022-02-02 15:01:42.175"
"AA","59.400","2","59.430","1","202","59.28","c3d6a6fc-0556-4c7b-88f7-66b60ba76050","2022-02-02 15:01:42.175"
"AA","59.390","1","59.420","3","202","59.28","286be583-7f0d-448e-935d-ec1d5ba9ec35","2022-02-02 15:01:42.175"
"AA","59.350","2","59.400","2","202","59.28","ca094fb6-055d-4b81-bbdb-807f2b27322b","2022-02-02 15:01:42.175"
"AA","59.290","2","59.320","1","-202","59.34","7eb8d5eb-c424-4358-a55d-1818d9ba9cc9","2022-02-02 15:02:27.032"
"AA","59.290","2","59.320","1","-202","59.34","1b279de5-27da-40c6-9f13-8a819d1337f0","2022-02-02 15:02:27.032"
"AA","59.300","1","59.320","1","-202","59.35","8fff2250-c731-4607-a792-6dd921570255","2022-02-02 15:02:38.125"
"AA","59.320","1","59.340","6","-202","59.35","54cf82d6-0569-44a2-8c67-99558fb8a87f","2022-02-02 15:02:57.235"
"AA","59.320","1","59.340","6","-202","59.35","9bff3d77-9cba-4907-a7e7-1a13adcc4df3","2022-02-02 15:02:57.235"
"AA","59.330","2","59.350","1","-202","59.35","a8d63d0a-5f07-48c2-b3c2-8adafa542200","2022-02-02 15:03:05.094"
"AA","59.330","2","59.350","1","-202","59.35","e4a8739e-2a97-4c3e-89fb-ca91d0a822e9","2022-02-02 15:03:05.094"
"AA","59.370","2","59.420","2","-202","59.42","c9398098-c67e-4a52-b3db-60f134141673","2022-02-02 15:03:41.550"
"AA","59.400","1","59.410","1","-202","59.43","5bbc7678-ee46-4474-8cd0-db72492ea59f","2022-02-02 15:03:50.136"
"AA","59.400","1","59.420","1","202","59.33","fb699a01-bc35-4d20-a463-1e1f3649d056","2022-02-02 15:06:30.198"
"AA","59.460","2","59.480","1","202","59.33","623cb44c-e0b4-48fb-a4b5-5a97dd97baf0","2022-02-02 15:06:30.198"
"AA","59.430","3","59.450","2","202","59.33","dad421ed-e90e-4582-a689-1893d4975783","2022-02-02 15:06:30.198"
"AA","59.400","2","59.420","2","202","59.33","6d9b1c48-0e6e-4fbc-938b-29006f4e4dbd","2022-02-02 15:06:30.198"
"AA","59.350","1","59.370","1","-202","59.38","6eeb8cfe-71b4-4148-b573-3fb2e5a50ed3","2022-02-02 15:06:55.511"
"AA","59.350","1","59.370","1","-202","59.38","6e76815b-86b2-4224-9e4f-f3c8902cfc5f","2022-02-02 15:06:55.511"
"AA","59.410","3","59.440","2","202","59.31","44f14212-2830-49f7-b88f-504d65506ae9","2022-02-02 15:07:10.163"
"AA","59.420","1","59.460","2","202","59.31","a5024840-a3d9-4af3-b938-965fb7587ccf","2022-02-02 15:07:10.163"
"AA","59.430","5","59.450","1","202","59.31","d98b67d3-4eef-497d-8cd5-afc179931408","2022-02-02 15:07:10.163"
"AA","59.400","3","59.420","2","202","59.31","45e35eaa-dcd7-4dbd-ac65-142e32717b16","2022-02-02 15:07:10.163"
"AA","59.340","3","59.360","1","-202","59.37","df22f283-d530-4e48-91fe-d6ecc5f27dd7","2022-02-02 15:07:33.998"
"AA","59.350","1","59.370","1","-202","59.37","f1697261-897f-41ec-8dbf-38a1e7bfcb6b","2022-02-02 15:08:06.557"
"AA","59.370","1","59.380","1","-202","59.39","eb51ac14-409c-4656-af99-71436de99df5","2022-02-02 15:08:10.502"
"AA","59.370","1","59.380","1","-202","59.39","76ce02cd-83ae-419c-b34a-766eca134f81","2022-02-02 15:08:10.502"
"AA","59.320","2","59.350","2","-202","59.35","0710867d-f6ae-4567-9492-428faf00543c","2022-02-02 15:08:58.770"
"AA","59.330","2","59.360","2","-202","59.36","e593db8e-48de-409b-8cdc-cbcbe0c89672","2022-02-02 15:09:01.067"
"AA","59.390","2","59.410","1","202","59.31","1fccaa2b-0293-4da3-97c7-652a3cc5a237","2022-02-02 15:10:19.517"
"AA","59.350","3","59.370","1","-202","59.37","b04337a7-58e5-4a65-9c15-ee30ee5be8fa","2022-02-02 15:14:50.286"
"AA","59.500","15","59.520","2","202","59.33","a7286bed-bf22-48b5-9cd2-623c4a26c7ba","2022-02-02 15:39:33.871"
"AA","59.480","5","59.510","2","202","59.33","a20e260a-d9df-41e4-ad2a-b8f1b367faae","2022-02-02 15:39:33.871"
"AA","59.470","2","59.490","2","202","59.28","ad5a64b9-e9c9-4c58-a356-9111dee986eb","2022-02-02 15:40:09.632"
"AA","59.490","4","59.520","6","202","59.28","16228099-2c57-4d67-8624-9dcfca402ae6","2022-02-02 15:40:09.632"
"AA","59.500","1","59.520","3","202","59.27","361c5cab-5e51-4573-bcd6-38c924fcc8d1","2022-02-02 15:40:11.899"
"AA","59.500","5","59.520","20","202","59.27","3cab37b4-cbb4-4ff9-afbb-d4c12e305e9d","2022-02-02 15:40:11.899"
"AA","59.510","6","59.530","2","202","59.27","1c16b10d-7824-4d72-b548-972854e4f7cb","2022-02-02 15:40:11.899"
"AA","59.370","5","59.390","6","-1,414","59.37","1dd4da9d-e90c-442c-8585-7bdaf3b9a55c","2022-02-02 15:48:00.006"
"AG","10.240","14","10.240","1","1,175","10.21","9d9b4a6d-56f8-40e0-9e65-d2707014d617","2022-02-02 10:02:21.640"
"AG","10.250","19","10.260","14","1,175","10.21","a2627d0b-5e97-4bd1-ae68-f2e7f9993bf5","2022-02-02 10:02:21.640"
"AG","10.270","11","10.280","20","1,175","10.21","274663b3-95e8-4888-898a-b3fcba64fcba","2022-02-02 10:02:21.640"
"AG","10.260","21","10.270","16","1,175","10.21","4cf7914c-d03c-4400-8eed-4e7538c45d67","2022-02-02 10:02:21.640"
"AG","10.230","48","10.240","15","1,175","10.21","e655bc04-71e9-47bc-a511-55288eab7ef3","2022-02-02 10:02:21.640"
"AG","10.200","37","10.210","22","-1,175","10.21","cd052fdf-ee9a-4b43-a2ad-bb8d15b569b6","2022-02-02 10:04:24.495"
"AG","10.200","37","10.210","22","-1,175","10.21","0242b33f-740f-41b4-9663-b01d5dee8a90","2022-02-02 10:04:24.495"
"AG","10.200","37","10.210","22","-1,175","10.21","145387fb-501a-434e-b283-1b72f935361e","2022-02-02 10:04:24.495"
"AG","10.190","28","10.200","10","-1,175","10.20","1958219b-d299-4c12-b2ca-3c435377ad4e","2022-02-02 10:04:40.692"
"AG","10.200","17","10.210","24","-1,175","10.21","7e8a5991-0235-4c75-9903-6cba90efedb7","2022-02-02 10:04:42.854"
"AG","10.290","31","10.300","20","1,175","10.21","e78404ca-4387-468f-b816-43cdbff4aff0","2022-02-02 10:41:13.718"
"AG","10.300","55","10.310","30","1,175","10.21","c4a4da21-47c0-4b56-9ca1-572d5bfdebbe","2022-02-02 10:41:13.718"
"AG","10.290","52","10.300","18","1,175","10.21","14d625f2-58ff-48f8-8c79-19d8c1c8876b","2022-02-02 10:41:13.718"
"AG","10.270","24","10.280","33","1,175","10.21","78124e79-d05b-42e4-b144-335231ab7c1c","2022-02-02 10:41:13.718"
"AG","10.250","24","10.260","17","1,175","10.21","04aa819a-03c5-44e4-bef1-0c6dff5328d4","2022-02-02 10:41:13.718"
"AG","10.250","37","10.260","17","1,175","10.21","483ea2ce-7eee-407f-a96b-359dfd460e4b","2022-02-02 10:41:13.718"
"AG","10.230","27","10.240","31","1,175","10.21","5898cc1e-4cc5-4b01-b05e-8179543d0ef2","2022-02-02 10:41:13.718"
"AG","10.230","28","10.240","27","1,175","10.21","93a75942-0f54-4c02-b59c-663221c0b569","2022-02-02 10:41:13.718"
"AG","10.230","24","10.240","20","1,175","10.21","ac4a80db-5f9a-4078-9030-46d4f4c1f129","2022-02-02 10:41:13.718"
"AG","10.230","21","10.240","26","1,175","10.21","2a265086-7ac9-45e5-9838-642950cddc25","2022-02-02 10:41:13.718"
"AG","10.190","29","10.200","18","-1,175","10.20","66ed6518-472d-41c0-8ace-86447497d85c","2022-02-02 10:41:40.532"
"AG","10.190","29","10.200","18","-1,175","10.20","73d57697-bcfb-4b94-9c00-d595106c8efa","2022-02-02 10:41:40.532"
"AG","10.190","29","10.200","18","-1,175","10.20","297aff54-1be8-4ebc-a141-e0d6c2c6fa48","2022-02-02 10:41:40.532"
"AG","10.190","29","10.200","18","-1,175","10.20","54181295-c15b-4760-8c57-17cd0c46c4b5","2022-02-02 10:41:40.532"
"AG","10.190","29","10.200","18","-1,175","10.20","fd2356f4-c210-4939-8036-6a9a024a3c21","2022-02-02 10:41:40.532"
"AG","10.190","44","10.200","25","-1,175","10.20","2bdc2b1a-8258-4f5a-9b44-d1ce488fbd80","2022-02-02 10:41:50.058"
"AG","10.190","44","10.200","25","-1,175","10.20","8f26b76c-a719-4ddd-96b3-34d5a2a4e7de","2022-02-02 10:41:50.058"
"AG","10.190","44","10.200","25","-1,175","10.20","12688b13-12c1-40db-bd19-a8812168099f","2022-02-02 10:41:50.058"
"AG","10.190","30","10.200","24","-1,175","10.20","47a78025-d993-4437-90b5-20ee90a58138","2022-02-02 10:42:04.953"
"AG","10.200","28","10.210","40","-1,175","10.21","3f5832e2-5c19-4e0d-91a8-3a18f9ccb3ab","2022-02-02 10:42:16.954"
"AG","10.300","20","10.310","33","1,177","10.19","eeb6be43-8dd5-4d16-a1cc-d1026424930d","2022-02-02 11:05:36.022"
"AG","10.310","1","10.320","46","1,177","10.19","34ced6bf-127b-4866-82e0-e39c5fff65d1","2022-02-02 11:05:36.022"
"AG","10.280","37","10.290","30","1,178","10.19","481464ea-8f20-4fdb-9c05-697462f05f9d","2022-02-02 11:05:36.022"
"AG","10.290","58","10.300","2","1,177","10.19","96b93684-54a2-4903-bf3b-7df3ba617147","2022-02-02 11:05:36.022"
"AG","10.290","42","10.300","20","1,177","10.19","8d058859-751a-4c4d-b7c5-38b71968ea2e","2022-02-02 11:05:36.022"
"AG","10.230","71","10.240","7","1,177","10.19","dcd4ee6c-012a-4ac7-a100-c55d9d141a0f","2022-02-02 11:05:36.022"
"AG","10.240","23","10.250","26","1,176","10.19","652aeb88-8d6b-47ed-af76-5de0e310bb89","2022-02-02 11:05:36.022"
"AG","10.230","36","10.240","27","1,177","10.19","7bc021fc-7879-42e2-a4ef-9a0c90237460","2022-02-02 11:05:36.022"
"AG","10.230","26","10.240","31","1,176","10.19","8d336790-a70c-4f4a-b706-2c5c04d73416","2022-02-02 11:05:36.022"
"AG","10.230","34","10.240","13","1,176","10.19","bcc135aa-76f9-4183-a72e-b2bfcd3a36e6","2022-02-02 11:05:36.022"
"AG","10.180","29","10.190","29","-1,177","10.19","84317862-9eb4-4f59-b1ec-4571ffb3c48c","2022-02-02 11:05:50.918"
"AG","10.180","29","10.190","29","-1,176","10.19","5713603a-c8b1-4552-899e-3d73d5f0514e","2022-02-02 11:05:50.918"
"AG","10.180","29","10.190","29","-1,177","10.19","e3125186-347b-4fb7-b507-04c0328da1f5","2022-02-02 11:05:50.918"
"AG","10.180","29","10.190","29","-1,177","10.19","0b870314-a26c-49f3-a5c2-288454998cb2","2022-02-02 11:05:50.918"
"AG","10.180","29","10.190","29","-1,178","10.19","cd1f623f-efbb-4b06-a040-c5ca54701d82","2022-02-02 11:05:50.918"
"AG","10.180","39","10.190","18","-1,176","10.19","88d8420a-dbab-4228-bf6a-eec4a966c521","2022-02-02 11:06:04.182"
"AG","10.180","39","10.190","18","-1,177","10.19","32ef33e4-e211-44da-881a-edd1b1e0b978","2022-02-02 11:06:04.182"
"AG","10.180","39","10.190","18","-1,176","10.19","4acb87d7-ace8-4f26-ac26-fd25333d7560","2022-02-02 11:06:04.182"
"AG","10.180","43","10.190","51","-1,177","10.19","da7b0566-d0f3-4413-9a74-7b1fe2062c70","2022-02-02 11:06:49.392"
"AG","10.220","53","10.230","9","1,180","10.17","c1eaf0c1-1611-42f1-a799-ae114af70ba3","2022-02-02 11:09:37.765"
"AG","10.230","35","10.240","15","1,180","10.17","22987e65-f7d9-4809-835a-382788c646b6","2022-02-02 11:09:37.765"
"AG","10.230","14","10.240","13","1,180","10.17","e396f239-a9be-45a7-9c63-2da79c6aaf81","2022-02-02 11:09:37.765"
"AG","10.230","59","10.240","6","1,180","10.17","04c49815-a0ad-410e-a13c-59dc1cfbc1c2","2022-02-02 11:09:37.765"
"AG","10.170","32","10.180","22","-1,177","10.18","929f1ac8-191c-4878-9dc9-48422aef2d51","2022-02-02 11:10:20.801"
"AG","10.170","33","10.180","16","-1,180","10.18","74e475ff-86d9-48dc-b045-9d7d0e98ffad","2022-02-02 11:10:43.824"
"AG","10.170","33","10.180","16","-1,180","10.18","3dd3d3b4-7785-4a1b-a231-11ec95fb13dc","2022-02-02 11:10:43.824"
"AG","10.170","33","10.180","16","-1,180","10.18","0050c745-f8a1-49de-afca-db832c6ddf40","2022-02-02 11:10:43.824"
"AG","10.170","16","10.180","35","-1,180","10.18","e771e1a9-018d-4713-b2ee-0a8465ad0afe","2022-02-02 11:11:14.057"
"AG","10.170","47","10.180","43","1,177","10.18","dd03fb8f-6cf5-436b-b054-3d7b69efc57c","2022-02-02 11:22:20.006"
"AG","10.210","25","10.220","30","-1,177","10.22","76ac602f-1df5-41dc-a5c8-ce00d3deec74","2022-02-02 11:25:41.858"
"AG","10.330","37","10.340","38","1,165","10.30","ea1b366b-39fc-4fbf-9397-acd668b97945","2022-02-02 13:18:32.435"
"AG","10.330","37","10.340","27","1,165","10.30","974b3879-9cd4-4647-8e0e-f03c15e4a8b6","2022-02-02 13:18:32.435"
"AG","10.330","51","10.340","11","1,165","10.30","6880691a-3548-44d1-82ec-7f5176f4d172","2022-02-02 13:18:32.435"
"AG","10.330","29","10.340","23","1,165","10.30","906216af-8578-451b-af29-520468592a53","2022-02-02 13:18:32.435"
"AG","10.330","29","10.340","23","1,165","10.30","3c417c8f-8421-4893-bdaf-4e1c8205bef2","2022-02-02 13:18:32.435"
"AG","10.330","27","10.340","34","1,165","10.30","93f60ec3-62da-4988-bee9-c2b801ae2088","2022-02-02 13:18:32.435"
"AG","10.330","8","10.340","51","1,165","10.30","b32f81e0-6cf7-42fc-838c-036f74c96268","2022-02-02 13:18:32.435"
"AG","10.330","10","10.340","53","1,165","10.30","04ffe00e-dcc7-4f9a-ae52-7a772d4f63f2","2022-02-02 13:18:32.435"
"AG","10.330","16","10.340","62","1,164","10.30","a4950baa-2b20-43f5-846e-7af8bfffe15a","2022-02-02 13:18:32.435"
"AG","10.320","25","10.330","60","1,164","10.30","3ff43b09-bd88-4507-bdbf-2645d175a5c6","2022-02-02 13:18:32.435"
"AG","10.310","28","10.320","33","1,165","10.30","37754017-8643-45ce-ba73-5a6940c7c7b8","2022-02-02 13:18:32.435"
"AG","10.290","18","10.300","41","-1,165","10.30","a82faf2e-661e-41b6-ad3f-9ca687493331","2022-02-02 13:20:46.795"
"AG","10.290","18","10.300","39","-1,165","10.30","ba0e2692-62e5-4fca-9091-72fcdae859c5","2022-02-02 13:20:46.795"
"AG","10.290","18","10.300","39","-1,164","10.30","274da46c-28ac-412c-a2f5-cc8176068536","2022-02-02 13:20:46.795"
"AG","10.290","18","10.300","39","-1,165","10.30","9ef91782-45c3-42d3-9885-a9e4ba7bc84a","2022-02-02 13:20:46.795"
"AG","10.290","18","10.300","39","-1,165","10.30","531920d0-0313-4477-93ac-8718d54baa3d","2022-02-02 13:20:46.795"
"AG","10.290","18","10.300","39","-1,165","10.30","5349d942-b46b-4669-90e9-a17714d3b7d6","2022-02-02 13:20:46.795"
"AG","10.290","33","10.300","24","-1,165","10.30","c32d407c-2a4f-4b1d-8352-8cba727eac8f","2022-02-02 13:20:54.238"
"AG","10.290","33","10.300","24","-1,165","10.30","aa375a78-8c8a-4f06-a775-8a0bac5f1b2a","2022-02-02 13:20:54.238"
"AG","10.290","33","10.300","24","-1,164","10.30","83bd300a-6e3e-486b-95d5-4931b9307183","2022-02-02 13:20:54.238"
"AG","10.330","32","10.340","14","1,165","10.29","71edce92-120f-4494-aadd-c8c092434671","2022-02-02 13:21:40.736"
"AG","10.320","35","10.330","28","1,166","10.29","e7f6b852-04d8-4fe6-9d70-656f1657ef12","2022-02-02 13:21:40.736"
"AG","10.320","35","10.330","28","1,166","10.29","8008c7a9-8f48-41dc-b5f3-d9be1737b5bf","2022-02-02 13:21:40.736"
"AG","10.270","16","10.280","44","-1,166","10.28","b294de87-dfd1-47fd-9d04-07a2ff676873","2022-02-02 13:26:43.146"
"AG","10.270","16","10.280","44","-1,166","10.28","eaea8d8c-4cf2-442b-a0d9-55a972ad65a8","2022-02-02 13:26:43.146"
"AG","10.270","16","10.280","44","-1,165","10.28","681718ea-682f-4233-aeeb-1e86f1ff5395","2022-02-02 13:26:43.146"
"AG","10.280","34","10.280","1","-1,165","10.28","4f1da9d8-7092-4a34-906d-8088d90ba30d","2022-02-02 13:26:50.006"
"AG","10.280","34","10.280","1","-1,165","10.28","82453ad1-69ca-41c6-ae09-b6205fc287c3","2022-02-02 13:27:00.006"
"AG","10.260","20","10.270","38","1,173","10.23","b1b5e0bd-2d51-46c7-91bb-8e330ac299cb","2022-02-02 14:17:22.579"
"AG","10.250","34","10.260","21","1,172","10.23","898a0d62-1f1a-45c9-a599-9c195b24324a","2022-02-02 14:17:22.579"
"AG","10.250","34","10.260","21","1,172","10.23","1250854d-80b2-4fab-b02e-4cae064333c2","2022-02-02 14:17:22.579"
"AG","10.250","34","10.260","21","1,172","10.23","5a603804-dfb0-45f5-9734-529b85898884","2022-02-02 14:17:22.579"
"AG","10.250","34","10.260","21","1,173","10.23","d82afd60-a5aa-4c63-94b8-f6302919e3c8","2022-02-02 14:17:22.579"
"AG","10.250","8","10.250","36","1,172","10.23","1ac120c4-e19a-49a1-83ef-f3e02e5dce94","2022-02-02 14:17:22.579"
"AG","10.260","29","10.270","48","1,174","10.22","2455aaf4-a950-4094-9804-a3647736a64d","2022-02-02 14:18:02.313"
"AG","10.220","37","10.230","19","-1,172","10.23","00820431-90a6-4776-9c23-c66212565486","2022-02-02 14:18:10.813"
"AG","10.220","37","10.230","19","-1,172","10.23","ad972ee8-7af1-436b-b3a3-d6d3c8646ff7","2022-02-02 14:18:10.813"
"AG","10.220","37","10.230","19","-1,172","10.23","759341a3-0b13-44b8-9dce-6976ccc44b19","2022-02-02 14:18:10.813"
"AG","10.220","47","10.230","6","-1,173","10.23","f6ec7ff2-164a-4685-8cb7-1680c8f0b124","2022-02-02 14:18:10.813"
"AG","10.220","47","10.230","6","-1,173","10.23","ef064644-4d8c-4a5a-8606-3f2316d06dfb","2022-02-02 14:18:10.813"
"AG","10.220","67","10.230","5","-1,172","10.23","90f11b25-8d0a-4dc8-a903-ab524c22900a","2022-02-02 14:18:38.884"
"AG","10.230","64","10.240","27","-1,174","10.24","46b002dd-3ab7-4fb9-83b2-d37661067328","2022-02-02 14:19:00.781"
"AG","10.250","45","10.260","26","1,169","10.26","8d5b5100-90da-4b20-af45-ed565a667c8f","2022-02-02 14:22:00.006"
"AG","10.230","93","10.240","4","-1,169","10.24","9fd7e607-61c2-4a91-887e-4ad17faf7819","2022-02-02 14:26:41.312"
"AG","10.250","72","10.260","8","1,172","10.24","d58fd9d0-6921-49ec-86a6-91506d8aff54","2022-02-02 14:50:41.202"
"AG","10.260","46","10.270","44","1,172","10.24","93434fcf-af7c-4634-84bd-312aa4413f53","2022-02-02 14:50:41.202"
"AG","10.250","47","10.260","24","1,172","10.24","32ee3479-4000-4e05-80cf-2972331f4a27","2022-02-02 14:50:41.202"
"AG","10.250","47","10.260","24","1,172","10.24","87dbaa93-5951-47cb-b864-4690ebed99c0","2022-02-02 14:50:41.202"
"AG","10.260","46","10.270","21","1,173","10.22","7a31d3ed-b8e2-4293-a36c-ca0e46704df4","2022-02-02 14:56:13.179"
"AG","10.260","46","10.270","21","1,174","10.22","00834627-53a4-41cd-80bf-efc4dd2d05ad","2022-02-02 14:56:13.179"
"AG","10.260","66","10.270","13","1,173","10.22","0c7fd130-3f06-4c56-b61d-0c6c856bac9a","2022-02-02 14:56:13.179"
"AG","10.260","56","10.270","10","1,173","10.22","9ea90cd3-1de2-4e55-9c64-2f8ed661b9fa","2022-02-02 14:56:13.179"
"AG","10.260","29","10.270","22","1,173","10.22","70c81a30-6f5e-4348-9574-50a43b7c20fa","2022-02-02 14:56:13.179"
"AG","10.250","17","10.260","52","1,174","10.22","0a817240-0511-45f7-906c-d492fd0796e0","2022-02-02 14:56:13.179"
"AG","10.250","17","10.260","52","1,174","10.22","826b61b8-7c90-4088-bd10-a56d9fc6b3a4","2022-02-02 14:56:13.179"
"AG","10.210","1","10.210","56","-1,172","10.21","e1d610a2-5c7e-4278-9e94-6151c14f94d9","2022-02-02 14:56:50.006"
"AG","10.200","36","10.210","44","-1,173","10.21","0d5e4ee3-981c-4e28-a1db-ff1a3e3ff4dc","2022-02-02 14:57:30.479"
"AG","10.200","44","10.210","47","-1,173","10.21","32b53dca-e699-4d50-8b68-9efa91961c60","2022-02-02 14:57:30.479"
"AG","10.200","44","10.210","47","-1,173","10.21","7ea83cd2-5656-4341-90b6-bbefc0e6f598","2022-02-02 14:57:30.479"
"AG","10.200","44","10.210","47","-1,172","10.21","100f935b-199b-4626-9bab-ecf19d4c18b5","2022-02-02 14:57:30.479"
"AG","10.200","44","10.210","47","-1,172","10.21","947962c0-f926-45de-9c84-f133a8225f9b","2022-02-02 14:57:30.479"
"AG","10.200","44","10.210","47","-1,174","10.21","d9d46c14-07dd-4c75-b9f9-e76d22b370b0","2022-02-02 14:57:30.479"
"AG","10.200","33","10.210","44","-1,172","10.21","d3caf9a8-fff8-4864-95b1-e9596347c6d2","2022-02-02 14:57:30.479"
"AG","10.200","33","10.210","44","-1,174","10.21","1a86f968-2d57-424b-b9fe-4fe25ce3840d","2022-02-02 14:57:30.479"
"AG","10.200","33","10.210","44","-1,173","10.21","9f3a7a92-695b-4918-9da0-c6c234348485","2022-02-02 14:57:30.479"
"AG","10.200","13","10.210","55","-1,174","10.21","f75d57d2-7fdf-423a-b042-21c1f638dd43","2022-02-02 14:57:51.736"
"AG","10.200","25","10.210","36","1,177","10.19","6a8e35c7-1ca7-4111-b167-abe6008d09d5","2022-02-02 15:26:04.413"
"AG","10.200","22","10.210","29","1,178","10.19","458437ed-cff4-4c65-b9b7-96b5f4abc300","2022-02-02 15:26:04.413"
"AG","10.190","100","10.200","24","1,178","10.19","2a95ec1b-5820-4838-8f4a-737bd4d7da2a","2022-02-02 15:26:04.413"
"AG","10.200","60","10.210","37","1,178","10.19","747c9ce5-b3a0-4206-b4fb-a955c5367c76","2022-02-02 15:26:04.413"
"AG","10.210","30","10.220","46","1,177","10.19","49eca318-86fb-440a-9286-2cf782977e0f","2022-02-02 15:26:04.413"
"AG","10.200","68","10.210","71","1,178","10.19","8e54273b-7176-43cb-8af9-1e07e929e46c","2022-02-02 15:26:04.413"
"AG","10.160","21","10.170","46","-1,178","10.17","ce34eecd-cfcd-4301-a44c-80859d66a8ae","2022-02-02 15:28:48.961"
"AG","10.160","21","10.170","46","-1,178","10.17","0c9cbab0-d201-499e-8086-1f08a22046b8","2022-02-02 15:28:48.961"
"AG","10.150","37","10.160","53","-1,178","10.16","b25ef2f0-4a36-4060-8745-f34e0e647f70","2022-02-02 15:29:28.034"
"AG","10.170","9","10.180","83","-1,178","10.18","694e3508-6070-42c8-b7f7-ba67a8a19e46","2022-02-02 15:29:51.538"
"AG","10.170","9","10.180","83","-1,177","10.18","5d7c1038-6b02-408a-8fd6-993de7fc43da","2022-02-02 15:29:51.538"
"AG","10.210","15","10.220","36","1,182","10.15","ae3c26fb-7016-4a54-b7f4-07890d4e8ae0","2022-02-02 15:35:45.455"
"AG","10.210","15","10.220","36","1,182","10.15","138fcb90-2cf2-46e8-9d9b-f0c2021a1581","2022-02-02 15:35:45.455"
"AG","10.210","15","10.220","36","1,182","10.15","6cf61e4f-40df-4f0b-80a4-3d5e0572b0f4","2022-02-02 15:35:45.455"
"AG","10.210","15","10.220","36","1,182","10.15","ad226628-64b2-476e-a2a1-fa40a2b8fc16","2022-02-02 15:35:45.455"
"AG","10.210","1","10.220","35","1,183","10.14","87eec41f-200e-46bb-a599-5fafc94f1b33","2022-02-02 15:36:54.067"
"AG","10.200","1","10.210","33","1,183","10.14","0e16f74d-a5b9-4bbb-a4d4-0017262874ae","2022-02-02 15:36:54.067"
"AG","10.200","29","10.210","32","1,185","10.12","d6a581ca-f618-44a8-9bbc-1cb6bbfbf3b5","2022-02-02 15:39:33.536"
"AG","10.190","46","10.200","11","1,185","10.12","48593881-f2e4-4355-9104-e922dd5db930","2022-02-02 15:39:33.536"
"AG","10.190","70","10.200","1","1,185","10.12","5da8bd2b-85d1-4580-99e7-82b11d6320a0","2022-02-02 15:39:33.536"
"AG","10.210","24","10.220","26","1,185","10.12","d853c912-e283-4024-8b0e-e5a787ac294d","2022-02-02 15:39:33.536"
"AG","10.210","24","10.220","26","1,185","10.12","23b0e071-e9d9-4e24-8307-298e656fd642","2022-02-02 15:39:33.536"
"AG","10.110","37","10.120","82","-14,196","10.11","7797506b-40a5-403a-b923-343acd94eb43","2022-02-02 15:48:00.006"
"ABB","35.440","10","35.450","8","338","35.45","4cfa8ca6-4aa8-4bde-a456-eaab5a5f7e15","2022-02-02 09:56:00.006"
"ABB","35.430","14","35.440","14","-338","35.44","efc33cf1-c15b-4769-88ac-fe1e0f9959a0","2022-02-02 09:56:23.972"
"ABB","35.430","2","35.440","11","338","35.44","faeeb6a0-94f9-43f7-845c-c6fc5bbc549f","2022-02-02 09:57:00.006"
"ABB","35.420","1","35.430","11","-338","35.43","cdb2c514-0611-4641-98fa-fe3bff5c6a8e","2022-02-02 09:58:04.420"
"ABB","35.530","21","35.540","4","337","35.53","461cc59b-6f7b-4a35-bb55-e8d598c34818","2022-02-02 10:28:43.108"
"ABB","35.530","21","35.540","4","337","35.53","6e00d8c3-29d6-4dbe-ba2e-69f1f63abf4b","2022-02-02 10:28:43.108"
"ABB","35.520","14","35.530","12","-337","35.54","676a88f6-2fa6-44b2-8c10-feb8f16fe2f7","2022-02-02 10:29:18.931"
"ABB","35.520","14","35.530","12","-337","35.54","63d76731-7272-42f6-857e-21caae3e6da3","2022-02-02 10:29:18.931"
"ABB","35.510","2","35.520","15","338","35.47","5bb38f12-9181-4b01-adcb-7d674a2a9929","2022-02-02 10:35:12.291"
"ABB","35.500","27","35.510","1","338","35.46","70a2450a-7be9-4a09-8c14-f391c9aeeb9f","2022-02-02 10:35:16.135"
"ABB","35.530","8","35.530","1","338","35.46","7f4ca9ae-844b-47c7-9b51-36789a4eb899","2022-02-02 10:35:16.135"
"ABB","35.530","8","35.530","1","338","35.46","c9f0afc4-a189-4e5b-a67d-bf093b27fd0e","2022-02-02 10:35:16.135"
"ABB","35.520","14","35.530","7","338","35.46","3d634d41-b251-4286-bb2c-2bcbaf68f3cf","2022-02-02 10:35:16.135"
"ABB","35.430","14","35.440","2","-338","35.44","d44a5db1-7b8f-4768-a38c-fc99c192d024","2022-02-02 10:35:58.671"
"ABB","35.430","14","35.440","2","-338","35.44","4e119edb-8c7d-4abd-9b5b-37c1404cccc3","2022-02-02 10:35:58.671"
"ABB","35.430","12","35.440","11","-338","35.44","5861bced-7e3e-4567-b9c8-a1bde1f98d6d","2022-02-02 10:36:03.495"
"ABB","35.430","12","35.440","11","-338","35.44","d31e22de-4e09-4443-a809-c264779e62a2","2022-02-02 10:36:03.495"
"ABB","35.450","20","35.460","10","-338","35.46","152fba5b-a710-4513-ac2e-f1fec0e02553","2022-02-02 10:36:47.828"
"ABB","35.550","13","35.560","12","337","35.55","f16aa682-c83c-4265-bdd9-1312f29f1599","2022-02-02 11:06:31.786"
"ABB","35.550","11","35.560","15","337","35.55","a9f03d0a-8613-4a70-9c64-e11a5e0f5fdc","2022-02-02 11:06:31.786"
"ABB","35.560","17","35.570","10","337","35.55","e1f3eccc-cb80-46a7-96ba-eb1a0fab19c8","2022-02-02 11:06:31.786"
"ABB","35.520","8","35.530","18","-337","35.53","22b982d6-9da0-43b5-927c-4f661a1cf0ae","2022-02-02 11:07:48.555"
"ABB","35.520","8","35.530","18","-337","35.53","945a8109-19fa-4fa7-89c6-16a96c0d4044","2022-02-02 11:07:48.555"
"ABB","35.520","10","35.530","18","-337","35.53","54a22a5c-41a8-4135-a365-e79cff52beae","2022-02-02 11:08:16.218"
"ABB","35.580","13","35.590","44","337","35.53","5e3a6fb2-73c4-4c0f-84e1-4b27f568e33a","2022-02-02 11:29:57.737"
"ABB","35.580","19","35.590","31","337","35.52","056bb7cd-7263-48fe-b43b-0e216d7ace7c","2022-02-02 11:29:58.509"
"ABB","35.590","1","35.600","75","337","35.51","c5f29a07-5039-4282-85ea-173b7198c9ef","2022-02-02 11:29:59.283"
"ABB","35.600","16","35.610","20","337","35.51","20e00f48-7a9f-4f9e-8a7e-7710d4b9751d","2022-02-02 11:29:59.283"
"ABB","35.600","4","35.610","22","337","35.51","971d67f7-d27d-4c29-b205-0bf8e5dcf488","2022-02-02 11:29:59.283"
"ABB","35.590","20","35.600","21","337","35.51","914ffdd0-151a-4433-a3ea-78559eefac2f","2022-02-02 11:29:59.283"
"ABB","35.590","5","35.600","32","337","35.51","8708efa5-5a36-464d-b8bd-2ac2feeff910","2022-02-02 11:29:59.283"
"ABB","35.610","10","35.620","21","337","35.51","afa6d9a7-8f42-4718-a100-7a94caf7d5c2","2022-02-02 11:29:59.283"
"ABB","35.610","11","35.620","20","337","35.51","a34f4a38-a131-4105-9e4c-74358b93ff63","2022-02-02 11:29:59.283"
"ABB","35.610","6","35.620","27","337","35.51","ec39fdca-cc74-486d-a482-e33419d363ec","2022-02-02 11:29:59.283"
"ABB","35.590","17","35.600","16","337","35.51","9cd83f0b-e8dc-44cc-aea4-1b05e064b180","2022-02-02 11:29:59.283"
"ABB","35.590","6","35.600","26","337","35.51","feb614be-5d8b-4664-816e-fe9f8d63a4dd","2022-02-02 11:29:59.283"
"ABB","35.580","14","35.590","8","337","35.51","d86dea12-b150-4328-bad8-0c98f4a4529a","2022-02-02 11:29:59.283"
"ABB","35.580","13","35.590","10","337","35.51","e7f19943-e6ec-4f34-9ab3-a2e123f7126c","2022-02-02 11:29:59.283"
"ABB","35.510","10","35.520","19","-337","35.52","94e88b5a-3ccd-47f5-81de-e586bcff1892","2022-02-02 11:31:04.921"
"ABB","35.510","10","35.520","19","-337","35.52","f91a0b5d-9d0e-4ba3-a584-c1991d853c5f","2022-02-02 11:31:04.921"
"ABB","35.510","10","35.520","19","-337","35.52","9fedf082-b816-447d-88db-efef5f1036b4","2022-02-02 11:31:04.921"
"ABB","35.510","10","35.520","19","-337","35.52","ef2a0dbd-f605-4eed-b606-4d4d9605aae0","2022-02-02 11:31:04.921"
"ABB","35.510","10","35.520","19","-337","35.52","62a17ad6-21e4-45ce-acd4-b48aba8ef90f","2022-02-02 11:31:04.921"
"ABB","35.510","10","35.520","19","-337","35.52","f656f56c-5102-475c-94e4-d92093da573e","2022-02-02 11:31:04.921"
"ABB","35.510","10","35.520","19","-337","35.52","7a6dcdc1-f71a-4bbe-869e-2b5250abc04a","2022-02-02 11:31:04.921"
"ABB","35.510","2","35.520","136","-337","35.52","b78b25e1-37e9-48b2-8c5d-30ab1c6ed105","2022-02-02 11:31:04.921"
"ABB","35.510","2","35.520","136","-337","35.52","6317e1cf-2d0d-4a06-856a-0c9df396868a","2022-02-02 11:31:04.921"
"ABB","35.510","2","35.520","136","-337","35.52","43ef578e-607b-491b-878c-c3a3c9992d0d","2022-02-02 11:31:04.921"
"ABB","35.510","2","35.520","136","-337","35.52","5320191a-5168-4356-98e8-6daa4ef65449","2022-02-02 11:31:04.921"
"ABB","35.510","1","35.510","118","-337","35.51","f8848664-0b89-4a28-b2cc-7ecff2ca935f","2022-02-02 11:31:20.006"
"ABB","35.480","14","35.490","3","-337","35.49","fcb5921c-d1f1-4ad2-8825-ceda3470caa1","2022-02-02 11:34:59.436"
"ABB","35.480","14","35.490","3","-337","35.49","dfe22334-8765-4ae0-ad09-d98b08fa74e3","2022-02-02 11:34:59.436"
"ABB","35.480","18","35.490","8","337","35.49","7169ccc2-9f83-4031-914e-5fb753d3bdc2","2022-02-02 11:44:10.006"
"ABB","35.470","6","35.480","19","-337","35.48","533947d2-ff8c-4b4b-92f6-f0f82c4937d6","2022-02-02 11:49:29.606"
"ABB","35.460","10","35.470","19","338","35.47","37497674-424e-432b-842b-be905706cb5b","2022-02-02 11:50:10.006"
"ABB","35.490","17","35.500","19","-338","35.50","3a7f87bb-f3c2-4c23-9969-8d2f4ed720a8","2022-02-02 11:59:40.550"
"ABB","35.470","13","35.480","30","338","35.45","26143193-ea14-410a-bfde-f3f16744451a","2022-02-02 12:00:32.757"
"ABB","35.470","13","35.480","30","338","35.45","adf12979-65d1-416e-8089-ec16174fd7f2","2022-02-02 12:00:32.757"
"ABB","35.470","13","35.480","30","338","35.44","64655b9d-5a5a-4a8a-b07f-b4409cfbd119","2022-02-02 12:01:06.940"
"ABB","35.440","10","35.450","21","-338","35.45","a5fe5c3d-5743-41f3-80fd-2cc909857499","2022-02-02 12:01:19.474"
"ABB","35.430","6","35.440","24","-338","35.44","f0651bb8-222a-4322-b0b0-8dbd216f4f2d","2022-02-02 12:02:11.429"
"ABB","35.430","12","35.440","14","-338","35.44","d8010745-f6ea-4030-b49d-be4d04bfe0fb","2022-02-02 12:02:11.429"
"ABB","35.570","8","35.580","20","337","35.54","800e2cf5-26cd-4b6f-8a73-53a50531f12c","2022-02-02 12:30:33.607"
"ABB","35.560","5","35.570","29","337","35.54","3bfeb3e4-0a58-4ff1-9fd6-694bac792006","2022-02-02 12:30:33.607"
"ABB","35.560","5","35.570","29","337","35.54","ee364511-5a28-4f48-b981-d5a807dab70b","2022-02-02 12:30:33.607"
"ABB","35.540","16","35.550","21","-337","35.55","747a138d-fce4-4894-8321-d83ddc34279c","2022-02-02 12:31:15.928"
"ABB","35.540","16","35.550","21","-337","35.55","f2f0acbd-57ae-4a46-bba5-b8bbd5929b27","2022-02-02 12:31:15.928"
"ABB","35.540","16","35.550","21","-337","35.55","0c4e47ad-130a-4b2f-8417-57e8b3bc91e9","2022-02-02 12:31:15.928"
"ABB","35.560","16","35.570","22","337","35.54","227999a7-706b-4d23-a561-a1b0be31dbda","2022-02-02 12:36:18.958"
"ABB","35.560","16","35.570","22","337","35.54","d723dca8-d09b-490a-8de3-9710557f10d8","2022-02-02 12:36:18.958"
"ABB","35.560","16","35.570","13","337","35.54","9306f0b8-27fd-4fc9-99c5-8c134bdf3312","2022-02-02 12:36:18.958"
"ABB","35.540","15","35.550","11","-337","35.55","5b4e1045-36ba-439b-ab97-b4c198431745","2022-02-02 12:39:01.001"
"ABB","35.540","15","35.550","11","-337","35.55","68fb6ef3-895a-4b52-9186-d3c8c0a1f939","2022-02-02 12:39:01.001"
"ABB","35.540","12","35.550","11","-337","35.55","2a4dbcfc-2802-431b-b8e6-63752aa0f047","2022-02-02 12:39:01.001"
"ABB","35.580","2","35.590","26","337","35.54","7ab37e4c-bdae-49a2-8fea-a40f2fce1b4e","2022-02-02 12:51:48.239"
"ABB","35.580","2","35.590","26","337","35.54","e45c6a0c-0b31-4a48-9d6c-d5a393b124ff","2022-02-02 12:51:48.239"
"ABB","35.560","6","35.570","23","337","35.54","3a410200-32b3-4d57-92bd-7c59c0963acd","2022-02-02 12:51:48.239"
"ABB","35.550","27","35.560","7","-337","35.56","870bbc5c-f16c-49d8-af97-1e678a342e27","2022-02-02 12:55:21.758"
"ABB","35.550","27","35.560","7","-337","35.56","140fbb17-dba9-495b-acb4-9c95eb085391","2022-02-02 12:55:21.758"
"ABB","35.550","27","35.560","7","-337","35.56","9e4be818-5f66-4c9d-87d9-5ffc3b782a04","2022-02-02 12:55:21.758"
"ABB","35.550","7","35.560","39","337","35.54","8468e0e4-0a86-4e7e-a329-38b17f3e48f0","2022-02-02 13:09:36.630"
"ABB","35.550","14","35.560","20","337","35.54","9939e04e-dfe5-4ae7-a5cb-70e0b30a52b9","2022-02-02 13:09:36.630"
"ABB","35.550","21","35.560","23","337","35.54","1ad9f164-ea36-4b4b-8fff-0d147373e6d3","2022-02-02 13:09:36.630"
"ABB","35.570","20","35.580","14","337","35.53","694a97ac-dbc7-4515-beca-067c5e4cb07d","2022-02-02 13:09:46.094"
"ABB","35.570","20","35.580","14","337","35.53","2b681b1a-cda0-4c07-8254-41eb79deacc4","2022-02-02 13:09:46.094"
"ABB","35.570","20","35.580","14","337","35.53","1384d6df-2a0e-4c81-9b6a-7c8c80334ae3","2022-02-02 13:09:46.094"
"ABB","35.570","20","35.580","15","337","35.53","62bf943a-17d4-48b5-ad83-341ebe3acaaf","2022-02-02 13:09:46.094"
"ABB","35.570","20","35.580","21","337","35.53","59de4787-1a61-4834-b6fe-ba439dec57bf","2022-02-02 13:09:46.094"
"ABB","35.510","16","35.520","16","-337","35.52","c4721208-849c-4453-a8d6-4201325f681a","2022-02-02 13:10:46.189"
"ABB","35.510","16","35.520","16","-337","35.52","ff5c7fae-01e0-4cae-889f-336818a4fa17","2022-02-02 13:10:46.189"
"ABB","35.510","16","35.520","16","-337","35.52","9df10012-e75f-4fb1-aefe-7c57b6a35771","2022-02-02 13:10:46.189"
"ABB","35.510","16","35.520","16","-337","35.52","e5ce2ebb-8638-49b0-9c41-2d7bb3b9da71","2022-02-02 13:10:46.189"
"ABB","35.510","8","35.520","19","-337","35.52","210f356b-9e54-4a84-ac00-11efcd7fb1a8","2022-02-02 13:11:00.048"
"ABB","35.510","8","35.520","19","-337","35.52","19a705b4-c618-4e5c-9f37-b5552e049e2b","2022-02-02 13:11:00.048"
"ABB","35.510","10","35.520","14","-337","35.52","eff0c975-ca98-403c-9daa-3e12306c88d4","2022-02-02 13:11:00.048"
"ABB","35.520","10","35.530","13","-337","35.53","fabedb36-d11a-4824-ab6a-c3119ada0f19","2022-02-02 13:11:22.691"
"ABB","35.530","19","35.540","16","337","35.52","819c7c59-ef3d-4ef6-9927-c9579c9a56d1","2022-02-02 13:26:22.130"
"ABB","35.500","20","35.510","23","-337","35.51","828d6ef8-1534-441c-a50f-b52a2be73bf2","2022-02-02 13:28:38.525"
"ABB","35.530","20","35.540","15","337","35.52","3cfa72d1-4988-4f63-94f7-2bb2be24d3af","2022-02-02 13:38:24.369"
"ABB","35.520","11","35.530","16","-337","35.53","c0146fd4-6f6f-4100-b70e-2e7d2a0074e7","2022-02-02 13:39:29.944"
"ABB","35.540","13","35.550","13","337","35.52","8c0676e9-0764-4191-a274-6316d1eaf3ed","2022-02-02 13:45:37.534"
"ABB","35.540","13","35.550","14","337","35.52","16ec7e9b-6f15-4303-9d33-c1b392df9b5c","2022-02-02 13:45:37.534"
"ABB","35.540","7","35.550","24","337","35.51","b74436f9-34f7-42b4-a072-996a66027b04","2022-02-02 13:46:37.468"
"ABB","35.540","11","35.550","17","337","35.51","af33fc40-423c-4735-8053-86e39b9a8dbc","2022-02-02 13:46:37.468"
"ABB","35.540","9","35.550","24","337","35.51","a7fd7571-044b-4553-a901-5d3f9c455c62","2022-02-02 13:46:37.468"
"ABB","35.540","11","35.550","14","337","35.51","c63ddb77-e77c-4884-8581-afba67977f3f","2022-02-02 13:46:37.468"
"ABB","35.540","11","35.550","14","337","35.51","ca21aea1-e3d0-47b2-a30f-d38a97942b6d","2022-02-02 13:46:37.468"
"ABB","35.540","13","35.550","11","337","35.51","0ad7e6af-6adc-4d8f-895a-b57ced81c22d","2022-02-02 13:46:37.468"
"ABB","35.540","13","35.550","11","337","35.51","9777680c-2ba8-4146-8216-b0be3606e903","2022-02-02 13:46:37.468"
"ABB","35.540","20","35.550","18","338","35.50","13367e87-8d87-4a43-ac66-6dce69c539ec","2022-02-02 13:47:11.438"
"ABB","35.530","5","35.540","25","338","35.50","506359e3-7f16-4b77-beb9-03d35ce26739","2022-02-02 13:47:11.438"
"ABB","35.480","16","35.490","8","-337","35.49","d7eb7f46-b417-4c21-8e81-089e3532934c","2022-02-02 13:52:33.046"
"ABB","35.480","16","35.490","8","-337","35.49","bc0c58ee-bd71-4c5e-9136-6b6b3c890208","2022-02-02 13:52:33.046"
"ABB","35.480","16","35.490","8","-337","35.49","0ac284ae-215f-4010-bfc2-ae6a37eca3ad","2022-02-02 13:52:33.046"
"ABB","35.480","16","35.490","8","-337","35.49","0f29c2cf-c126-47df-8bb8-523191124555","2022-02-02 13:52:33.046"
"ABB","35.480","16","35.490","8","-337","35.49","f4d43652-cf5c-42d7-ae36-49fda0210576","2022-02-02 13:52:33.046"
"ABB","35.480","14","35.490","24","-338","35.49","e413cc0f-20dc-459c-96eb-07813b91a405","2022-02-02 13:52:51.104"
"ABB","35.480","14","35.490","24","-337","35.49","a99c178e-f208-46ce-8d4c-992468379337","2022-02-02 13:52:51.104"
"ABB","35.480","14","35.490","24","-337","35.49","552fb809-6b68-482b-9243-21a10e85c2c7","2022-02-02 13:52:51.104"
"ABB","35.480","14","35.490","24","-337","35.49","db535ccf-b012-471f-8520-8020ee518b7b","2022-02-02 13:52:51.104"
"ABB","35.480","14","35.490","24","-337","35.49","04a8d271-b60b-41d9-ab63-4b564946e830","2022-02-02 13:52:51.104"
"ABB","35.490","23","35.500","6","-338","35.50","cc99b8b8-9daf-4068-b3d1-bf00cde4c44e","2022-02-02 13:53:48.425"
"ABB","35.540","10","35.550","14","337","35.52","82950d5e-d2b1-4c8a-9acb-8fcf3ab6a120","2022-02-02 13:59:43.192"
"ABB","35.540","1","35.550","24","337","35.52","0deac913-477c-412c-9eac-427e9af72740","2022-02-02 13:59:43.192"
"ABB","35.530","25","35.540","17","-337","35.54","52b0c40f-9c08-4623-ba94-d643db886c0d","2022-02-02 14:01:46.497"
"ABB","35.530","21","35.540","14","-337","35.54","984a5dda-5059-4de1-a0dc-d935f19c9899","2022-02-02 14:02:04.868"
"ABB","35.530","17","35.540","10","337","35.51","0ac89ae0-20d7-4f4a-891f-f5c4ff9edf9b","2022-02-02 14:16:24.570"
"ABB","35.520","13","35.530","21","-337","35.53","4a0ae609-446d-4a60-916d-5246f0255920","2022-02-02 14:17:01.114"
"ABB","35.540","26","35.550","24","337","35.53","4506f9bb-be61-421b-ae40-85556e642c51","2022-02-02 14:20:33.799"
"ABB","35.500","15","35.510","10","-337","35.51","714f86db-a5eb-4aa1-a2e1-51f559ffa821","2022-02-02 14:26:04.303"
"ABB","35.540","14","35.550","7","337","35.53","3cf23fb2-915d-4283-9db0-b177a5ff7c5e","2022-02-02 14:31:50.400"
"ABB","35.580","23","35.590","12","-337","35.59","eebc4d35-a5ce-413c-acd1-763484b60a4e","2022-02-02 14:34:50.406"
"ABB","35.590","21","35.600","11","337","35.56","69813401-bef1-4eb7-9646-0a6968ef8a44","2022-02-02 15:00:32.640"
"ABB","35.590","21","35.600","11","337","35.56","bf9997ae-bdb7-4bdf-92a1-e67d740ee45b","2022-02-02 15:00:32.640"
"ABB","35.580","20","35.590","18","337","35.56","96b81350-abde-4f30-b72b-23ead942d74d","2022-02-02 15:00:32.640"
"ABB","35.600","23","35.610","18","337","35.56","c68a35a1-5158-464f-bceb-6c75daef932b","2022-02-02 15:00:32.640"
"ABB","35.600","18","35.610","14","337","35.56","b85de937-9f58-4bbe-b5c8-c9b088e2eac6","2022-02-02 15:00:32.640"
"ABB","35.600","20","35.610","11","337","35.56","27184e27-420f-4eb6-9d29-ad1837a658f0","2022-02-02 15:00:32.640"
"ABB","35.590","9","35.600","12","337","35.56","d494a367-e0c2-4d2b-b981-38e3fb5ece87","2022-02-02 15:00:32.640"
"ABB","35.590","4","35.600","25","337","35.56","4668e5d7-067b-4715-981a-0e6a688b4822","2022-02-02 15:00:32.640"
"ABB","35.580","16","35.590","25","337","35.56","44f67e16-e134-4411-b082-4eb7b27edb67","2022-02-02 15:00:32.640"
"ABB","35.550","11","35.560","9","-337","35.56","361f204d-138a-4e4b-9999-87e357852c7e","2022-02-02 15:03:07.356"
"ABB","35.550","11","35.560","9","-337","35.56","f0aad8a7-658f-44b1-be5e-a098a4bf0474","2022-02-02 15:03:07.356"
"ABB","35.550","11","35.560","9","-337","35.56","fb1caebb-12a2-41af-9a0f-514fa6297942","2022-02-02 15:03:07.356"
"ABB","35.550","11","35.560","9","-337","35.56","30b8e863-3867-4973-9024-ab619371bb45","2022-02-02 15:03:07.356"
"ABB","35.550","11","35.560","9","-337","35.56","568d0aa0-1a41-4e64-b79b-455eaa1f79dc","2022-02-02 15:03:07.356"
"ABB","35.550","26","35.560","1","-337","35.56","932862d9-270f-49ad-8d90-8d98175bba21","2022-02-02 15:03:13.374"
"ABB","35.550","26","35.560","1","-337","35.56","c2eac2be-d765-40f8-b59b-f9909c71088e","2022-02-02 15:03:13.374"
"ABB","35.550","27","35.560","1","-337","35.56","99ac3176-0032-42e3-a9bd-662fef9d14ff","2022-02-02 15:03:40.285"
"ABB","35.550","27","35.560","1","-337","35.56","420cdb39-0398-4683-b387-160ad78d865f","2022-02-02 15:03:40.285"
"ABB","35.600","11","35.610","28","337","35.55","75ce1685-9b7f-4985-9301-52733074d71f","2022-02-02 15:12:21.022"
"ABB","35.580","13","35.590","15","-337","35.59","394ad50e-fa33-4fb7-b14d-95dfc2f7440b","2022-02-02 15:16:24.946"
"ABB","35.600","1","35.610","39","337","35.56","f74fd688-c814-4ba3-a02a-8b9aef7667cf","2022-02-02 15:28:01.660"
"ABB","35.590","23","35.600","15","337","35.56","c9c9e67d-1d5a-49c8-9183-254956e88f00","2022-02-02 15:28:01.660"
"ABB","35.590","11","35.600","16","337","35.56","e141f6b9-e97a-4544-ab70-190d4db440c1","2022-02-02 15:28:01.660"
"ABB","35.590","15","35.600","16","337","35.56","3ac5f4a2-20f5-43bc-89f3-e5ea2d1672ae","2022-02-02 15:28:01.660"
"ABB","35.600","14","35.610","18","337","35.56","286dbb92-a3e0-4687-bd91-94233c1bd596","2022-02-02 15:28:01.660"
"ABB","35.600","16","35.610","11","337","35.56","a096eef3-0b0f-4975-afa0-e579ab3b5bff","2022-02-02 15:28:01.660"
"ABB","35.600","16","35.610","11","337","35.56","973b524f-569c-428b-ac23-75d7acdcff22","2022-02-02 15:28:01.660"
"ABB","35.600","14","35.610","15","337","35.56","2fae3f5f-0495-4857-815f-c42219c8165f","2022-02-02 15:28:01.660"
"ABB","35.600","16","35.610","12","337","35.56","3c417f72-1d21-4968-856f-4ca8c70e6b0a","2022-02-02 15:28:01.660"
"ABB","35.550","26","35.560","15","-337","35.56","1598834a-2430-43ff-b53d-45246422b91a","2022-02-02 15:28:47.696"
"ABB","35.550","26","35.560","15","-337","35.56","644fb441-21c0-48fb-8f0e-9af3350e04f9","2022-02-02 15:28:47.696"
"ABB","35.550","26","35.560","15","-337","35.56","3de5fc5d-a827-42a2-8220-ec003a11af61","2022-02-02 15:28:47.696"
"ABB","35.550","26","35.560","15","-337","35.56","0ffcaa6a-2576-432c-a1f2-17cc19709c4a","2022-02-02 15:28:47.696"
"ABB","35.550","26","35.560","15","-337","35.56","c656756b-a69c-4948-aeac-434f853f0fcf","2022-02-02 15:28:47.696"
"ABB","35.550","41","35.560","4","-337","35.57","3e957f2a-81bd-4a88-b645-23db75ec42ff","2022-02-02 15:29:01.903"
"ABB","35.570","17","35.580","20","-337","35.58","2a9f3905-de6b-4220-8c82-d1477edd4d63","2022-02-02 15:29:52.804"
"ABB","35.570","17","35.580","20","-337","35.58","694723ad-7791-4e9b-9a21-0e1f9a540539","2022-02-02 15:29:52.804"
"ABB","35.590","22","35.600","29","-337","35.59","afba3559-e69b-45aa-8280-7bc968c9d5dd","2022-02-02 15:48:00.006"
"ALB","224.050","2","224.660","1","53","224.66","00ba1828-0c9f-4ca1-8db7-42f677213ff1","2022-02-02 09:54:10.006"
"ALB","222.980","3","223.880","1","-53","224.03","174a76e9-8d39-4a69-93af-a9ce5ca29d13","2022-02-02 09:57:58.446"
"ALB","224.660","6","224.890","1","53","224.03","0ad4c638-7ada-4485-af62-d16b802f1114","2022-02-02 10:18:04.759"
"ALB","224.650","2","224.890","1","53","224.03","9476a136-a092-406f-9b1d-0bb8df907690","2022-02-02 10:18:04.759"
"ALB","224.620","2","224.890","1","53","224.03","1b5ee5d8-cf40-4b27-9c24-d03d8024c669","2022-02-02 10:18:04.759"
"ALB","224.520","2","224.890","1","53","224.03","445eeadd-372d-4818-b17e-1d275c2189b3","2022-02-02 10:18:04.759"
"ALB","225.660","2","226.160","1","53","223.96","6540c2eb-a577-461c-baee-7bb7c9f4b162","2022-02-02 10:18:04.765"
"ALB","225.430","1","225.810","1","53","223.96","c4c46434-c081-42c5-8d0a-5603007dd1d6","2022-02-02 10:18:04.765"
"ALB","224.780","2","225.300","1","53","223.96","e1d91e1b-a7d0-4228-b53b-4b2f34ea5186","2022-02-02 10:18:04.765"
"ALB","224.650","3","225.070","1","53","223.96","6a60bff8-3ec5-4046-afcb-be137f92d55c","2022-02-02 10:18:04.765"
"ALB","223.740","2","224.270","1","-53","224.27","ba4b59f4-04cd-48fb-803b-2adab676b8da","2022-02-02 10:19:07.055"
"ALB","223.740","2","224.270","1","-53","224.27","6115ed1b-db02-46ee-b39f-0ebcdbcfcb60","2022-02-02 10:19:07.055"
"ALB","223.740","2","224.270","1","-53","224.27","209bb978-d416-4640-9cc5-9005532b60ee","2022-02-02 10:19:07.055"
"ALB","224.210","4","224.670","1","-53","224.70","574af88e-1276-4000-95d3-0f35b2b2ace3","2022-02-02 10:20:12.556"
"ALB","224.210","4","224.670","1","-53","224.70","241c789c-7acd-406c-84e7-2140b86c2760","2022-02-02 10:20:12.556"
"ALB","223.710","3","224.290","1","-53","224.30","4b11433c-1fd7-429f-9669-63324e29f69b","2022-02-02 10:22:09.828"
"ALB","224.740","2","225.650","1","53","223.67","6b724eef-a888-40fa-83b2-38a9451f200f","2022-02-02 10:23:18.244"
"ALB","225.500","2","226.230","1","53","223.67","655c8059-1e17-4de5-a867-499c542ce78d","2022-02-02 10:23:18.244"
"ALB","225.710","1","226.360","2","53","223.67","18074f75-2ef7-4ace-b067-5fd8a3f9a48b","2022-02-02 10:23:18.244"
"ALB","225.730","1","226.180","1","53","223.67","2146dfd9-906d-4c34-8fe4-0880f1710c4f","2022-02-02 10:23:18.244"
"ALB","225.510","2","226.120","1","53","223.67","41ad25fd-4933-47f8-95a2-a5445c117369","2022-02-02 10:23:18.244"
"ALB","223.340","3","223.880","1","-53","223.95","f35f23fa-4479-46a2-8836-2aff1ec2b86c","2022-02-02 10:25:30.975"
"ALB","223.340","3","223.880","1","-53","223.95","f74f0004-687e-4e1e-9016-d2ccce7cd7fb","2022-02-02 10:25:30.975"
"ALB","223.110","2","223.720","1","-53","223.72","b4962795-13e6-4705-857f-ba9bce364150","2022-02-02 10:26:04.976"
"ALB","223.110","2","223.720","1","-53","223.72","9d970525-d861-44db-a60a-fd034e517cab","2022-02-02 10:26:04.976"
"ALB","225.190","3","226.110","1","53","223.09","3858e229-7d8f-4674-83ff-bb4f95792e3f","2022-02-02 10:27:15.655"
"ALB","225.280","2","226.070","1","53","223.09","8cd3578d-0886-4a9a-8c9d-83f34975aeca","2022-02-02 10:27:15.655"
"ALB","225.230","3","225.870","1","53","223.09","f3bc05e4-d555-49da-b984-3e0e59cf172e","2022-02-02 10:27:15.655"
"ALB","225.590","3","226.290","1","53","223.09","167b48d6-b646-4e91-8805-1a32b4ec91bf","2022-02-02 10:27:15.655"
"ALB","225.560","3","226.210","1","53","223.09","df158b5b-384a-4a8f-a4bc-88d6f285fca6","2022-02-02 10:27:15.655"
"ALB","225.450","3","226.000","1","53","223.09","bb0519b2-e59b-4610-8b6f-c05d3f4add68","2022-02-02 10:27:15.655"
"ALB","223.110","2","223.680","1","-53","223.68","50162dd9-c8d0-4da1-896c-c374b603f3dc","2022-02-02 10:28:27.773"
"ALB","223.110","2","223.680","1","-53","223.68","4a96fc47-749a-4b7f-8aea-5ec9732a17c5","2022-02-02 10:28:27.773"
"ALB","223.520","1","223.870","1","-53","223.89","d0b0c86d-3844-4a26-878d-86fd63d655f6","2022-02-02 10:28:30.330"
"ALB","223.520","1","223.870","1","-53","223.89","450b666a-a6fc-4655-a0a5-fcc1e0ab2731","2022-02-02 10:28:30.330"
"ALB","223.520","1","223.870","1","-53","223.89","c490b2e6-e881-42f7-9002-ffdcff502b3e","2022-02-02 10:28:30.330"
"ALB","223.520","1","223.870","1","-53","223.89","3683c63b-155d-4be8-a117-00ed37ae7c01","2022-02-02 10:28:30.330"
"ALB","223.190","1","223.380","1","-53","223.60","7eb0318d-8c94-4ee2-8c8f-f7ead375398f","2022-02-02 10:30:07.842"
"ALB","223.100","2","223.660","1","-53","223.66","f2d5bd25-a608-4c5e-b8c4-27b3aff6cec0","2022-02-02 10:30:07.842"
"ALB","223.180","4","223.660","1","-53","223.84","ca846765-2150-4fb7-a1bb-bad73bb14d29","2022-02-02 10:31:53.299"
"ALB","223.980","1","224.430","3","53","223.01","ea076e21-14ce-44fd-b25b-7760f774b5a2","2022-02-02 11:01:06.954"
"ALB","223.980","1","224.430","3","53","223.01","b5717044-8e30-4ae6-a968-b18d2c23b5db","2022-02-02 11:01:06.954"
"ALB","223.980","2","224.410","1","53","223.01","c3c48875-3364-4cb6-aeb0-22e63ea87539","2022-02-02 11:01:06.954"
"ALB","223.740","1","223.980","1","53","223.01","8bc3d978-143b-4283-bf05-6553c7eb0a0c","2022-02-02 11:01:06.954"
"ALB","223.890","1","224.250","2","53","222.95","d8554546-4b86-4ff8-a195-1cb97167e9eb","2022-02-02 11:01:07.774"
"ALB","224.750","1","225.430","1","53","222.95","a63ed357-8a63-4b12-b661-c0be8ad72ade","2022-02-02 11:01:07.774"
"ALB","224.760","1","225.300","2","53","222.95","300a5803-59d8-44f2-b695-35d3abc426b2","2022-02-02 11:01:07.774"
"ALB","224.790","1","225.280","2","53","222.95","4e06f9af-d207-4070-9e4a-b7c8f5eb1c93","2022-02-02 11:01:07.774"
"ALB","224.790","1","225.280","2","53","222.95","f3adc0a3-4c88-4830-8888-41cb2de1cc48","2022-02-02 11:01:07.774"
"ALB","224.790","1","225.280","2","53","222.95","4200a947-2872-4244-b427-0a835eea406d","2022-02-02 11:01:07.774"
"ALB","224.470","1","224.960","1","53","222.95","a75d56cc-aa35-4e2f-8b15-9d31b1df67f5","2022-02-02 11:01:07.774"
"ALB","224.470","1","224.960","1","53","222.95","41f67716-d536-4493-9948-01be624d216f","2022-02-02 11:01:07.774"
"ALB","224.120","1","224.430","2","53","222.95","3db5ea2a-cc6b-4d88-84c5-61bdebcbc8c5","2022-02-02 11:01:07.774"
"ALB","224.180","1","224.580","1","53","222.95","f4fddb69-c23e-43db-b437-e9b5370b802a","2022-02-02 11:01:07.774"
"ALB","224.050","4","224.530","2","53","222.95","fa302476-3f7a-4e41-adc7-4070c6954758","2022-02-02 11:01:07.774"
"ALB","224.050","4","224.530","2","53","222.95","409974e1-31f0-49f2-a206-114bf6cfc96f","2022-02-02 11:01:07.774"
"ALB","222.850","1","223.170","2","-53","223.17","0bc5419c-9ef8-4422-9b41-4a4be4188a74","2022-02-02 11:01:24.702"
"ALB","222.850","1","223.170","2","-53","223.17","5342d7bc-2160-45ba-a25d-d1ca37cb35c5","2022-02-02 11:01:24.702"
"ALB","222.850","1","223.170","2","-53","223.17","4aeb1700-1c16-4608-a420-e61b5ef24b32","2022-02-02 11:01:24.702"
"ALB","222.850","1","223.170","2","-53","223.17","9abc42d4-c537-4158-9586-290950268f2b","2022-02-02 11:01:24.702"
"ALB","222.850","1","223.170","2","-53","223.17","2290082a-5f86-41b0-b461-2a6b2663fb12","2022-02-02 11:01:24.702"
"ALB","222.850","1","223.170","2","-53","223.17","65992398-8158-4a4e-99ad-73ce58b1df84","2022-02-02 11:01:24.702"
"ALB","222.850","1","223.170","2","-53","223.17","97d85714-dcc6-4f53-8a80-7ccf1b98363f","2022-02-02 11:01:24.702"
"ALB","222.850","1","223.170","2","-53","223.17","b6dd742a-ffe7-43bd-a0f4-8fbbe3686549","2022-02-02 11:01:24.702"
"ALB","223.040","1","223.550","11","-53","223.55","121c11b2-fc75-48ef-a33c-757a32721475","2022-02-02 11:01:56.977"
"ALB","223.040","1","223.550","11","-53","223.55","2dfd7d1f-8633-45ac-a036-8887c6eb5084","2022-02-02 11:01:56.977"
"ALB","223.040","1","223.550","11","-53","223.55","fabfc3a9-fc2b-429b-9cc2-3fdf09dc3518","2022-02-02 11:01:56.977"
"ALB","223.120","1","223.550","11","-53","223.61","5c4b3b99-7316-46a1-999a-4a85851f2276","2022-02-02 11:02:19.372"
"ALB","223.120","1","223.550","11","-53","223.61","52a91962-56cd-4010-a855-4dbd1d793af5","2022-02-02 11:02:19.372"
"ALB","223.120","1","223.550","11","-53","223.61","3b901117-ff2e-4f6f-b698-0a5d430ce427","2022-02-02 11:02:19.372"
"ALB","222.960","1","223.540","2","-53","223.61","d1f75722-fd61-4eb9-84d3-91031a00d214","2022-02-02 11:02:19.372"
"ALB","224.080","1","224.530","2","53","222.75","9edac541-eebf-4ffa-99c8-de9ffc435640","2022-02-02 11:03:02.347"
"ALB","224.130","2","224.530","2","53","222.75","3db05c7a-8abe-498f-9cd3-bafc8a29284f","2022-02-02 11:03:02.347"
"ALB","224.350","2","224.970","2","53","222.75","699fc06e-0e83-4733-956c-e2dbef1a32b0","2022-02-02 11:03:02.347"
"ALB","222.610","1","222.940","5","-53","222.94","4cf20b82-c234-4825-aee6-a541f4f208fd","2022-02-02 11:03:32.618"
"ALB","222.610","1","222.940","5","-53","222.94","f29c90f3-5355-4045-a321-cb79a60eb3b6","2022-02-02 11:03:32.618"
"ALB","224.350","2","224.970","2","53","222.50","2eb0e617-aab6-4443-8c12-b0df22372217","2022-02-02 11:03:34.052"
"ALB","224.500","2","224.950","2","53","222.50","fb31e1b6-9dd5-433b-a1f5-b949901f27f6","2022-02-02 11:03:34.052"
"ALB","224.380","1","224.740","1","53","222.50","59194b88-a464-49fb-98ec-075a55a4a7b8","2022-02-02 11:03:34.052"
"ALB","224.040","1","224.520","9","53","222.50","e4f4280b-4800-4d28-8120-868b93817f8f","2022-02-02 11:03:34.052"
"ALB","223.830","3","224.350","2","53","222.50","51a92b81-0adc-4a5b-b522-ca21c75bc0e7","2022-02-02 11:03:34.052"
"ALB","224.090","1","224.460","11","53","222.50","cf6b4112-cb7f-40c3-ba7f-ee51b401ac89","2022-02-02 11:03:34.052"
"ALB","224.140","1","224.440","5","53","222.50","12b49619-d9c8-44ed-979d-23d39a7305b8","2022-02-02 11:03:34.052"
"ALB","222.730","1","223.040","2","-53","223.04","61224cb9-3a09-4cbe-83f4-e253d1dd4f69","2022-02-02 11:05:50.841"
"ALB","222.730","1","223.040","2","-53","223.04","880fbf44-6578-4e89-a000-4e72eb5e316d","2022-02-02 11:05:50.841"
"ALB","222.730","1","223.040","2","-53","223.04","b7c281d8-870a-4a71-9a5d-d11d23b720f5","2022-02-02 11:05:50.841"
"ALB","222.730","1","223.040","2","-53","223.04","458cb759-1889-4586-ac11-3f452d4e8e95","2022-02-02 11:05:50.841"
"ALB","222.730","1","223.040","2","-53","223.04","5e244f4f-0f7a-4db0-b697-2f281c4a38cb","2022-02-02 11:05:50.841"
"ALB","221.740","1","222.170","1","-53","222.20","3963ad20-c096-4f4f-9ffb-d0ee988f8ba1","2022-02-02 11:10:41.931"
"ALB","221.730","2","222.270","2","-53","222.27","9dac3b7f-c875-4031-aca6-13afe2e90d92","2022-02-02 11:10:43.686"
"ALB","221.730","2","222.270","2","-53","222.27","c42fe761-f8cf-40f5-9731-7ee8959a5cc3","2022-02-02 11:10:43.686"
"ALB","221.730","2","222.270","2","-53","222.27","71b6dd2f-bcb3-4c53-870b-c1ec507be134","2022-02-02 11:10:43.686"
"ALB","223.110","2","223.470","2","53","222.51","ad4875ae-2f68-4aa9-91ef-44d26dc31dae","2022-02-02 11:31:34.856"
"ALB","223.160","2","223.420","2","53","222.51","0ad7a261-c064-4052-ae9c-f3908faf3371","2022-02-02 11:31:34.856"
"ALB","223.010","2","223.360","1","53","222.51","c82beccc-a883-4d85-948e-fd00e598618f","2022-02-02 11:31:34.856"
"ALB","222.650","2","223.280","1","53","222.51","948b1a89-6ee7-4338-8f6a-565368b2eb9e","2022-02-02 11:31:34.856"
"ALB","222.910","2","223.450","2","54","222.09","20bb0c25-2e2f-460c-8052-390705371237","2022-02-02 11:33:00.851"
"ALB","222.850","2","223.210","2","54","222.09","837274da-1139-4f38-a094-21d2637fc640","2022-02-02 11:33:00.851"
"ALB","222.680","2","223.150","1","54","222.09","54c79bc9-044e-41bd-a284-a1a224faba67","2022-02-02 11:33:00.851"
"ALB","223.000","1","223.280","1","54","222.09","582168e3-c63c-4680-b138-bd68a4af6544","2022-02-02 11:33:00.851"
"ALB","223.040","1","223.450","2","54","222.09","dbe843cb-45ab-47d5-9971-02e85698d743","2022-02-02 11:33:00.851"
"ALB","223.180","3","223.640","2","54","222.03","73f4729d-43ad-4762-9202-873e6715be0f","2022-02-02 11:33:00.854"
"ALB","223.250","3","223.560","3","54","222.03","474553ad-94cd-433b-bb3c-dd2421a7c4cd","2022-02-02 11:33:00.854"
"ALB","222.150","1","222.370","1","-54","222.37","c3f3112e-7575-4b90-b0d7-bf322888ff2f","2022-02-02 11:35:36.231"
"ALB","222.060","1","222.400","1","-54","222.43","3ad90630-5bff-495c-8eef-ae9c63cdef31","2022-02-02 11:35:45.394"
"ALB","222.050","1","222.430","1","-53","222.43","945a4ca5-2734-44e6-bd8c-ca749abe2711","2022-02-02 11:35:46.578"
"ALB","222.050","1","222.430","1","-54","222.43","1aac9724-8e2f-4801-886f-2eb33065e8e9","2022-02-02 11:35:46.578"
"ALB","223.250","3","223.550","2","54","222.00","d9dcf76b-bc0d-4cff-bda6-d4efd26c93e4","2022-02-02 11:35:57.659"
"ALB","223.260","4","223.550","1","54","222.00","73433ddb-785a-484d-9c7b-e2aeac82281e","2022-02-02 11:35:57.659"
"ALB","223.060","2","223.500","1","54","222.00","dbcfc87a-7e28-4a64-8b69-5da4a306b210","2022-02-02 11:35:57.659"
"ALB","223.060","2","223.320","1","54","221.78","34afb27d-8447-44d2-8bb7-4eacfb579bae","2022-02-02 11:36:04.266"
"ALB","223.200","2","223.520","2","54","221.78","824c3017-eabe-4641-8ed4-dd3e1acb9ec5","2022-02-02 11:36:04.266"
"ALB","222.770","2","223.250","2","54","221.65","6950515a-a3e2-4c17-8860-a06bd3126881","2022-02-02 11:36:04.266"
"ALB","222.790","1","223.100","2","54","221.65","ae878e2d-13ab-4ca6-a78a-a8e5738441c6","2022-02-02 11:36:04.266"
"ALB","222.790","1","223.100","2","54","221.65","3afd579c-c515-4988-b134-480294a72be3","2022-02-02 11:36:04.266"
"ALB","221.700","2","222.100","1","-54","222.10","efdb111a-5356-47a0-aa7e-4477b9d2b676","2022-02-02 11:36:20.088"
"ALB","221.700","2","222.100","1","-54","222.10","23458b1f-f547-4732-8fec-63f7f0a2fd8d","2022-02-02 11:36:20.088"
"ALB","221.700","2","222.100","1","-53","222.10","dde897c5-3e7c-4078-9a0a-45aa39eb3fe8","2022-02-02 11:36:20.088"
"ALB","221.700","2","222.100","1","-54","222.10","15f3c553-a69b-4323-a1f8-61d77e2d7726","2022-02-02 11:36:20.088"
"ALB","221.700","2","222.100","1","-54","222.10","294790be-aaf7-4963-8c9b-59de74f15fd8","2022-02-02 11:36:20.088"
"ALB","221.700","2","222.100","1","-54","222.10","3adfb252-1225-4d85-bf0d-7240f98bc16e","2022-02-02 11:36:20.088"
"ALB","221.620","1","222.130","1","-54","222.19","b42b8e02-ccce-49d4-9b4c-cf1104a4f5f0","2022-02-02 11:36:21.218"
"ALB","221.620","1","222.130","1","-53","222.19","1319c5fa-072b-4a6f-92f7-6a5791bcc92f","2022-02-02 11:36:21.218"
"ALB","221.620","1","222.130","1","-54","222.19","8a692264-5a16-423f-8f76-35f019ac1f5b","2022-02-02 11:36:21.218"
"ALB","221.770","2","222.310","1","-54","222.36","46aafbbb-b305-4f4b-8c74-46a9a69e553f","2022-02-02 11:36:36.087"
"ALB","221.770","2","222.310","1","-53","222.36","bc5e32af-2715-4a44-9d67-74156416be2d","2022-02-02 11:36:36.087"
"ALB","221.770","2","222.310","1","-54","222.36","44112880-3ee5-4fbd-aab3-d862d35df425","2022-02-02 11:36:36.087"
"ALB","222.160","2","222.380","1","-54","222.44","9acafa7e-ee74-4d60-a2a6-0c1bfe0c1cb6","2022-02-02 11:37:40.008"
"ALB","222.830","2","223.060","1","54","221.50","a3f0fb8f-0287-4c40-8ade-684289ea782a","2022-02-02 11:38:54.109"
"ALB","222.500","1","222.790","3","54","221.50","7be0e457-8eb4-43bd-933d-b0613e6d1189","2022-02-02 11:38:54.109"
"ALB","221.440","2","221.770","1","-54","221.78","f02a1b5f-05e0-4bf5-a514-e9c0a8a670ca","2022-02-02 11:40:12.792"
"ALB","221.460","1","221.940","1","-54","221.94","36be43db-844b-417d-9faf-7cc62a79610e","2022-02-02 11:40:20.179"
"ALB","221.460","1","221.940","1","-54","221.94","02207dd6-78fb-4e85-843b-6d323a39436c","2022-02-02 11:40:20.179"
"ALB","222.020","2","222.290","1","-54","222.29","7900dfe4-4ef8-4b54-8b3e-a30ffaf22920","2022-02-02 11:41:17.645"
"ALB","223.850","1","224.200","1","53","222.77","52d4863d-b8a3-4327-9326-64fe9051ca26","2022-02-02 12:19:35.788"
"ALB","223.070","2","223.330","5","-53","223.33","6f59780d-6713-4f2c-a3d7-402a15b03574","2022-02-02 12:21:54.281"
"ALB","223.140","1","223.490","2","53","223.06","28ae7306-4e85-49e2-8ca7-fbfa4fda26fe","2022-02-02 12:24:10.780"
"ALB","223.140","1","223.490","2","53","223.06","9cde4dde-b2d1-4fbc-a73d-9488e5b18f6f","2022-02-02 12:24:10.780"
"ALB","223.900","1","224.230","1","53","222.72","bb4dde78-2c59-4297-a965-0c3fba7b1932","2022-02-02 12:25:10.934"
"ALB","223.900","1","224.230","1","53","222.72","157e7dc3-fd1a-419c-857d-d08902e8ac69","2022-02-02 12:25:10.934"
"ALB","224.020","1","224.370","1","53","222.72","822960ec-8f84-4b01-9886-11827fba22e7","2022-02-02 12:25:10.934"
"ALB","223.910","1","224.340","3","53","222.72","f3a57a51-88b9-4281-81a1-ec0111edb916","2022-02-02 12:25:10.934"
"ALB","223.730","2","224.080","2","53","222.72","9fdf5d57-f0fb-4e06-b660-d6ae69c16f56","2022-02-02 12:25:10.934"
"ALB","223.610","1","224.080","2","53","222.61","0e6581f5-9f4d-499f-9942-f9d96af8ccca","2022-02-02 12:29:32.774"
"ALB","223.610","1","224.080","2","53","222.61","f4524ada-e0d6-43c4-b4f2-04d24bdd6ec3","2022-02-02 12:29:32.774"
"ALB","223.650","3","224.080","2","53","222.61","48fa3e5b-36f8-41a4-8fac-c9f11070ffb9","2022-02-02 12:29:32.774"
"ALB","223.650","3","224.080","2","53","222.61","a512f8e5-8fec-4735-a48e-3909902fbbfd","2022-02-02 12:29:32.774"
"ALB","223.730","3","224.090","1","53","222.61","3c12f510-2bb8-46ca-af35-e73d6e4b60c3","2022-02-02 12:29:32.774"
"ALB","223.730","2","224.090","1","53","222.61","997d2bc6-b2f5-41c5-af7c-0be793007a14","2022-02-02 12:29:32.774"
"ALB","222.010","2","222.510","1","-53","222.56","b9d858ef-d807-4686-ba52-935efc3d0a56","2022-02-02 12:31:23.235"
"ALB","222.400","3","222.700","1","-53","222.70","f51751af-0109-4999-8c51-84ecfa37a987","2022-02-02 12:32:19.504"
"ALB","222.400","3","222.700","1","-53","222.70","8ff99c9c-3295-472f-864a-f3c1a22bb700","2022-02-02 12:32:19.504"
"ALB","222.400","3","222.700","1","-53","222.70","dca629a7-1c1d-4fc0-9ca0-201cfa162e10","2022-02-02 12:32:19.504"
"ALB","222.400","3","222.700","1","-53","222.70","bdaa3d19-1687-4f15-ac19-6f49cce39db1","2022-02-02 12:32:19.504"
"ALB","222.400","3","222.700","1","-53","222.70","3a085fbc-f628-4b92-9786-80eefda5ccf3","2022-02-02 12:32:19.504"
"ALB","222.400","3","222.700","1","-53","222.70","74480631-45bd-45a9-8c36-257c5a74a85a","2022-02-02 12:32:19.504"
"ALB","222.400","3","222.700","1","-53","222.70","693c0aad-2922-485f-bab2-82712bc00d99","2022-02-02 12:32:19.504"
"ALB","222.490","1","222.830","1","-53","223.12","5d2f855b-1e7c-41e5-9ee7-126a1e2605d0","2022-02-02 12:39:32.821"
"ALB","222.490","1","222.830","1","-53","223.12","f83392f7-e8f5-44ca-b395-b18ad651bae0","2022-02-02 12:39:32.821"
"ALB","222.490","1","222.830","1","-53","223.12","4886f9ae-5204-44ab-af34-6d53c2fa7dbb","2022-02-02 12:39:32.821"
"ALB","222.630","3","222.970","1","-53","223.12","2a665e72-69a4-4099-b48c-27f661883e85","2022-02-02 12:39:32.821"
"ALB","222.630","3","222.970","1","-53","223.12","43921f94-c507-40d5-b894-5bce454ab8b1","2022-02-02 12:39:32.821"
"ALB","222.740","1","223.140","2","53","222.75","68229325-dd25-43c6-ad29-db751dbfe9eb","2022-02-02 12:40:42.311"
"ALB","223.020","3","223.260","1","-53","223.26","f26a4b67-e99f-4a02-a587-bbdcc2b600f0","2022-02-02 12:44:25.727"
"ALB","223.080","1","223.470","1","53","222.97","8fa9cd25-892d-4bc2-a251-4d401969e795","2022-02-02 13:05:13.033"
"ALB","223.040","1","223.450","2","53","222.97","2fc2af0f-ea51-4767-8578-8a40ae6d2991","2022-02-02 13:05:13.033"
"ALB","223.040","1","223.450","1","53","222.97","acc3ce31-e8a7-4aed-a65d-887d11881264","2022-02-02 13:05:13.033"
"ALB","223.100","1","223.470","2","53","222.72","64fc4f38-d976-4960-a338-15784daa107d","2022-02-02 13:09:44.703"
"ALB","223.040","1","223.470","2","53","222.72","afa38c21-61d0-4fbf-b574-ec5e003eae7e","2022-02-02 13:09:44.703"
"ALB","223.070","1","223.460","3","53","222.72","84a03400-fb85-473d-9861-3ff5d4716e26","2022-02-02 13:09:44.703"
"ALB","223.080","1","223.450","1","53","222.72","ee4e7d15-2eb9-4586-a1ac-4302ebbbbfa2","2022-02-02 13:09:44.703"
"ALB","222.800","1","223.120","2","53","222.50","cdc69d0e-892d-478f-aa13-4a51f240facc","2022-02-02 13:09:45.995"
"ALB","222.880","1","223.190","1","53","222.50","3ee2c02b-9cab-44e9-bd8a-1158ec095681","2022-02-02 13:09:45.995"
"ALB","222.290","1","222.600","2","-53","222.60","a72f056c-3b88-4430-b13f-35ba989fc7f6","2022-02-02 13:11:01.062"
"ALB","222.290","1","222.600","2","-53","222.60","992d16ef-4fa8-461d-a0c3-f00848d2180e","2022-02-02 13:11:01.062"
"ALB","222.290","1","222.600","2","-53","222.60","12b18d4e-4929-4b98-9c5e-671d5cea06de","2022-02-02 13:11:01.062"
"ALB","222.290","1","222.600","2","-53","222.60","4da21bd4-8797-4913-b99b-d2a59bd0d1f7","2022-02-02 13:11:01.062"
"ALB","222.290","1","222.600","2","-53","222.60","51c522fc-bdba-4999-910d-7aaa0da1c6bc","2022-02-02 13:11:01.062"
"ALB","222.290","1","222.600","2","-53","222.60","5cc5d8a4-aaaf-4a5b-b25d-c1725f129795","2022-02-02 13:11:01.062"
"ALB","222.290","1","222.600","2","-53","222.60","76d1d3a5-e68f-4883-9b43-8e56006f76bf","2022-02-02 13:11:01.062"
"ALB","222.300","1","222.680","2","-53","222.69","431c3a7b-d46c-4547-b051-5b715c1d4836","2022-02-02 13:13:51.707"
"ALB","222.320","1","222.690","1","-53","222.69","dd39bee4-542e-42d7-8ff7-c41e299d05bf","2022-02-02 13:15:19.557"
"ALB","222.840","2","223.140","2","53","222.81","52c89d14-4f10-44a3-95d2-4a897b2509b1","2022-02-02 13:17:00.778"
"ALB","222.650","1","222.960","1","-53","223.00","006d658c-60ac-40ba-87b1-0f29016d74bf","2022-02-02 13:18:35.055"
"ALB","222.430","2","222.970","2","54","222.09","c8465a18-2125-467d-a03b-17dff7ec5640","2022-02-02 13:27:18.393"
"ALB","222.660","1","223.070","6","54","221.83","deb17e66-dffa-4a04-bdd9-47c3705e6c4d","2022-02-02 13:27:28.001"
"ALB","222.940","2","223.210","1","54","221.83","cb3fcbdf-8430-4baf-9543-b71401b71488","2022-02-02 13:27:28.001"
"ALB","222.890","3","223.180","1","54","221.83","c5d12c69-9d85-4b0b-b23f-a63f770ffed5","2022-02-02 13:27:28.001"
"ALB","222.890","3","223.180","1","54","221.83","4f07130b-e335-47ae-9882-07e78d198532","2022-02-02 13:27:28.001"
"ALB","223.070","3","223.320","1","54","221.83","1a8cc182-dc2a-4ee5-b454-9538233bf82a","2022-02-02 13:27:28.001"
"ALB","222.960","2","223.330","1","54","221.83","f2993335-1658-482e-8e1a-32cce1981318","2022-02-02 13:27:28.001"
"ALB","221.610","2","222.040","1","-54","222.04","5528fa4b-e4c1-4126-977b-8a80e8eefd8d","2022-02-02 13:28:16.236"
"ALB","221.610","2","222.040","1","-54","222.04","4dfbb143-ff21-4ead-974c-7a85de417c3e","2022-02-02 13:28:16.236"
"ALB","221.610","2","222.040","1","-54","222.04","09da42fc-fb87-4d20-bba2-41bffe1cd9f7","2022-02-02 13:28:16.236"
"ALB","221.610","2","222.040","1","-54","222.04","d90a7fe0-cd75-4b99-bc89-d2651eeb872a","2022-02-02 13:28:16.236"
"ALB","221.740","1","222.160","1","-54","222.17","56d68de0-4620-440b-8cce-6425e99c072a","2022-02-02 13:28:38.705"
"ALB","221.740","1","222.160","1","-54","222.17","4ea66da1-beec-4653-972f-db518a4ca0fe","2022-02-02 13:28:38.705"
"ALB","221.730","1","222.170","1","-54","222.17","47a52dc6-93e3-40ea-990d-e76a0a3cdc4d","2022-02-02 13:28:38.705"
"ALB","222.900","3","223.290","2","54","221.50","04ee695c-c0c3-4eb7-89e0-38f5494fe33a","2022-02-02 13:49:44.091"
"ALB","222.670","2","223.130","1","54","221.43","7a045a6e-829c-46de-b256-45d48a24ba33","2022-02-02 13:49:45.657"
"ALB","222.670","2","223.100","1","54","221.43","2981f3fd-3083-4aa1-bebb-2d7759918c4a","2022-02-02 13:49:45.657"
"ALB","222.670","2","223.100","1","54","221.43","429bf0db-356e-4048-83d1-5ee60b7c00c6","2022-02-02 13:49:45.657"
"ALB","221.150","2","221.520","2","-54","221.52","e6b4d56f-d12d-4219-aae8-378d98f1a87e","2022-02-02 13:52:32.179"
"ALB","221.150","2","221.520","2","-54","221.52","603d2351-9419-4550-a4dd-397076f9f91b","2022-02-02 13:52:32.179"
"ALB","221.240","1","221.540","1","-54","221.54","cf2fd016-66b5-4165-8649-edf3cab75499","2022-02-02 13:53:03.208"
"ALB","221.440","1","221.840","1","-54","221.84","3cff28d9-30b5-4ea9-9395-6e8aee64cf21","2022-02-02 13:53:43.629"
"ALB","222.190","1","222.540","1","54","221.96","093de300-0b91-4600-b9b0-c71a1f5e8561","2022-02-02 14:07:11.553"
"ALB","222.180","1","222.510","1","54","221.96","df06d3c2-9ee3-4c3b-a23b-4fe2072f15a3","2022-02-02 14:07:11.553"
"ALB","222.180","1","222.510","1","54","221.96","5602b9a9-96f8-4f0f-aeeb-71971a83a310","2022-02-02 14:07:11.553"
"ALB","221.880","1","222.220","2","-54","222.23","b062ede7-4912-4c8b-a933-cf1b412ce173","2022-02-02 14:09:48.455"
"ALB","221.880","1","222.220","2","-54","222.23","eb95afd6-253d-4e5e-878b-1b6191bc8dbd","2022-02-02 14:09:48.455"
"ALB","221.850","1","222.200","4","-54","222.23","c670f4de-7579-4da0-8fb9-cefa2a9c7985","2022-02-02 14:09:48.455"
"ALB","222.400","1","222.740","1","54","221.78","39286eb0-2e27-4c99-987f-06cd981f48f2","2022-02-02 14:12:11.191"
"ALB","222.320","2","222.730","1","54","221.78","8cebf0e1-4c7b-4705-93e2-629a80b71af0","2022-02-02 14:12:11.191"
"ALB","222.320","2","222.730","1","54","221.39","7c8f994a-c112-4786-a5ee-760f93114473","2022-02-02 14:12:45.103"
"ALB","222.470","2","222.880","2","54","221.39","85233b39-b353-4a87-8dd4-358b76ca8841","2022-02-02 14:12:45.103"
"ALB","222.470","2","222.840","2","54","221.39","3f49da4b-afa4-410c-8eff-569c57785007","2022-02-02 14:12:45.103"
"ALB","222.480","1","222.820","2","54","221.39","106b9845-65ad-4cb4-97c1-1b30ff298438","2022-02-02 14:12:45.103"
"ALB","221.250","2","221.590","1","-54","221.60","395335b0-7809-4f45-9370-dc4017353f49","2022-02-02 14:12:56.416"
"ALB","222.480","1","222.820","2","54","221.37","4310e888-95aa-4d75-b9b9-d26573a2378d","2022-02-02 14:13:10.662"
"ALB","222.270","1","222.510","1","54","221.37","3147da05-3adf-4ee5-9508-e7a259d50302","2022-02-02 14:13:10.662"
"ALB","222.100","1","222.310","1","54","221.37","acfd2c98-b4c4-432d-b63d-bc36122c9186","2022-02-02 14:13:10.662"
"ALB","221.900","2","222.380","2","54","221.37","7b3128e5-f50b-43d8-8b43-677cbabb8ef3","2022-02-02 14:13:10.662"
"ALB","221.920","2","222.380","2","54","221.37","e6c6c73e-a776-4b15-96ae-9c4fdbc5f120","2022-02-02 14:13:10.662"
"ALB","221.950","1","222.270","2","54","221.37","71aad99a-7f0a-4478-95b9-f716c08416f0","2022-02-02 14:13:10.662"
"ALB","221.920","1","222.270","2","54","221.37","292ee822-3114-46e9-aea6-d10ddcc53343","2022-02-02 14:13:10.662"
"ALB","221.040","1","221.350","1","-54","221.36","c37d19a8-c229-4eb1-9e2c-7d549668e4a9","2022-02-02 14:16:49.175"
"ALB","221.040","1","221.350","1","-54","221.36","be406fee-d97a-450d-92f6-c0c7fb40d69a","2022-02-02 14:16:49.175"
"ALB","221.040","1","221.350","1","-54","221.36","6ce994bc-7feb-46f7-aec9-a72f76c4fa6b","2022-02-02 14:16:49.175"
"ALB","220.850","2","221.340","1","-54","221.36","a2631fbe-e08f-40ed-b3ce-5c6e2442202e","2022-02-02 14:16:49.175"
"ALB","220.850","2","221.340","1","-54","221.36","285e424d-2e95-41c7-9553-4093044d606b","2022-02-02 14:16:49.175"
"ALB","220.850","2","221.340","1","-54","221.36","ee4f7917-90b2-42b3-baa7-0f239f80fae8","2022-02-02 14:16:49.175"
"ALB","220.850","2","221.340","1","-54","221.36","2970547e-4340-4b01-a124-fc445d346e45","2022-02-02 14:16:49.175"
"ALB","220.850","2","221.340","1","-54","221.36","cb583a71-c941-475f-adb2-6070a61b3b99","2022-02-02 14:16:49.175"
"ALB","220.850","2","221.340","1","-54","221.36","d5c71b43-dee5-4ca1-8a50-e1a4ff0984df","2022-02-02 14:16:49.175"
"ALB","220.850","2","221.340","1","-54","221.36","966ed9c0-1b98-4690-a82d-a0286a388e7e","2022-02-02 14:16:49.175"
"ALB","221.140","1","221.440","2","-54","221.44","550b760b-7ac1-465f-9307-fa1c1bc03f79","2022-02-02 14:18:30.647"
"ALB","221.020","1","221.450","2","-54","221.47","d4dea842-f388-4ca7-bd18-b42139806b98","2022-02-02 14:18:32.046"
"ALB","221.340","1","221.750","2","54","221.58","eab63650-262c-48fb-965f-1a5e549bda28","2022-02-02 14:28:00.016"
"ALB","221.350","1","221.950","2","-54","221.95","be3ee09a-8c11-41be-81fe-a34c03f0b91b","2022-02-02 14:34:24.827"
"ALB","222.090","2","222.710","2","54","221.57","2a2fb89f-b5f5-4a4a-90cb-26ddfe2f2bb5","2022-02-02 15:02:29.437"
"ALB","222.170","1","222.490","1","54","221.57","10a0d212-c972-46bf-b0ff-12d7af2306d5","2022-02-02 15:02:29.437"
"ALB","222.280","2","222.630","1","54","221.57","63c716e1-fc77-4982-bfb5-fff1f36c6cd9","2022-02-02 15:02:29.437"
"ALB","222.370","1","222.740","1","54","221.57","0b7956c7-6abe-4527-8c7a-10e614e6873a","2022-02-02 15:02:29.437"
"ALB","222.370","2","222.750","1","54","221.57","50e02c05-cd15-447f-a941-6f7f9e0c661f","2022-02-02 15:02:29.437"
"ALB","222.050","1","222.300","1","54","221.57","415d506b-f97e-4e36-83a4-d7c1733f5f34","2022-02-02 15:02:29.437"
"ALB","221.930","3","222.380","1","54","221.57","5558f138-1ea2-48c4-b690-33ef6d6d92d9","2022-02-02 15:02:29.437"
"ALB","222.050","2","222.350","1","54","221.57","1c206614-bfd1-463b-90d9-34f6b6d0a0c8","2022-02-02 15:02:29.437"
"ALB","222.050","2","222.350","1","54","221.57","d98479c9-cf5a-40cb-ae9f-dc5cc27e0a1c","2022-02-02 15:02:29.437"
"ALB","221.680","3","222.060","2","-54","222.08","2abd8a75-17e0-48b0-9dab-20e85f41428a","2022-02-02 15:03:41.474"
"ALB","221.680","3","222.060","2","-54","222.08","1c2eb7e4-0d84-4527-8025-37bc4a7e8bab","2022-02-02 15:03:41.474"
"ALB","221.680","3","222.060","2","-54","222.08","3e594b3f-2543-4581-a871-1b9cb2318560","2022-02-02 15:03:41.474"
"ALB","222.000","1","222.360","2","-54","222.54","266c31cf-0f08-4a50-a76f-fbe690252b18","2022-02-02 15:03:51.203"
"ALB","222.000","1","222.360","2","-54","222.54","c99f9bd7-b9ec-4c1b-bd46-a714c9baacae","2022-02-02 15:03:51.203"
"ALB","222.000","1","222.360","2","-54","222.54","76435b76-396b-405a-9626-f8657dab8796","2022-02-02 15:03:51.203"
"ALB","222.020","1","222.340","1","-54","222.42","3c942b4e-568b-4b20-a606-d6dae034fd83","2022-02-02 15:04:16.626"
"ALB","222.240","1","222.510","2","-54","222.51","4dad1216-2f16-4ae6-9f7f-7b7ce6d3a187","2022-02-02 15:05:30.994"
"ALB","222.250","1","222.510","1","-54","222.51","04d47b21-2448-4d25-bec7-316570ff8b58","2022-02-02 15:05:44.505"
"ALB","222.420","1","222.690","1","54","221.72","c94349f3-d07f-47ab-a63b-fb7ea08f5266","2022-02-02 15:28:03.840"
"ALB","222.470","2","222.700","1","54","221.72","89826ced-e511-463f-9375-04f7d0d6858f","2022-02-02 15:28:03.840"
"ALB","222.460","1","222.680","1","54","221.72","90895ccd-7f9f-496e-95ff-7cc0d76910fd","2022-02-02 15:28:03.840"
"ALB","222.400","1","222.660","1","54","221.72","d18733ad-31c7-49ac-a620-e15fdbab7064","2022-02-02 15:28:03.840"
"ALB","222.520","1","222.780","5","54","221.72","07ffabd9-ef1f-4d7c-ab2d-563863628df2","2022-02-02 15:28:03.840"
"ALB","222.520","1","222.780","5","54","221.72","fec9fd97-6e2e-4442-914c-b07e208655ed","2022-02-02 15:28:03.840"
"ALB","222.480","1","222.740","1","54","221.72","d0af8935-ec38-463c-a74a-7c10138a8a0c","2022-02-02 15:28:03.840"
"ALB","222.360","1","222.540","1","54","221.72","27c23d2d-1751-4594-a612-4244e2a44d6c","2022-02-02 15:28:03.840"
"ALB","222.360","1","222.660","1","54","221.72","a118bfb9-a270-4ea5-a0cc-7108431e0d70","2022-02-02 15:28:03.840"
"ALB","222.360","1","222.660","1","54","221.72","326d0cef-a2f3-4bd9-9564-983a21ed7697","2022-02-02 15:28:03.840"
"ALB","222.420","2","222.690","2","54","221.72","b2512b8f-da06-49ce-a71a-3253ee4f81a2","2022-02-02 15:28:03.840"
"ALB","222.210","1","222.480","1","54","221.72","b2976e09-ae61-4642-90c5-d2501b7b79c4","2022-02-02 15:28:03.840"
"ALB","221.610","2","221.730","1","-54","221.89","7ac0b35e-c99d-4ec7-b976-65e1d96d67b9","2022-02-02 15:28:41.835"
"ALB","221.610","2","221.730","1","-54","221.89","46eb259e-31e1-4ea8-82ed-5e8af62e5db8","2022-02-02 15:28:41.835"
"ALB","221.610","2","221.730","1","-54","221.89","153848c3-c183-4a3e-bfbc-d81487cc9bfe","2022-02-02 15:28:41.835"
"ALB","221.610","2","221.730","1","-54","221.89","30e1a883-b674-4d27-803b-a3acf929f27e","2022-02-02 15:28:41.835"
"ALB","221.610","2","221.730","1","-54","221.89","a2e13f83-cf10-4295-9dc3-5bb0f918fa40","2022-02-02 15:28:41.835"
"ALB","221.610","2","221.730","1","-54","221.89","896170d8-ddaf-4269-a596-70704500b3cd","2022-02-02 15:28:41.835"
"ALB","221.810","1","221.930","1","-54","221.93","fb297af5-9c0c-4db2-bdff-65668d8ec062","2022-02-02 15:29:40.015"
"ALB","221.810","1","221.930","1","-54","221.93","f6de4a1f-e341-4845-be78-da207d304981","2022-02-02 15:29:40.015"
"ALB","221.810","1","221.930","1","-54","221.93","f2abcfb6-aa72-4402-a075-1f098203f8c4","2022-02-02 15:29:40.015"
"ALB","221.840","1","222.080","1","-54","222.08","db38404c-2bfc-4f59-87c9-4e191732811e","2022-02-02 15:30:10.577"
"ALB","221.840","1","222.080","1","-54","222.08","74ca1b65-c5f4-4d79-bf88-e9513022afa1","2022-02-02 15:30:10.577"
"ALB","221.730","2","221.920","1","-54","221.73","b615777d-2aed-49bb-82d8-b83ee1d200b7","2022-02-02 15:48:00.006"
"ALC","78.970","1","79.030","2","152","78.86","274c4d0d-49af-4c7f-84f5-e7149441ecbf","2022-02-02 10:04:39.085"
"ALC","78.970","1","79.030","2","152","78.86","0f0c5e4a-631a-42a5-913c-b6283e7b28cd","2022-02-02 10:04:39.085"
"ALC","78.970","1","79.030","2","152","78.86","e3aa0c9a-cc5b-4fab-a0e2-0c637c553e31","2022-02-02 10:04:39.085"
"ALC","78.950","1","79.010","2","152","78.86","4ddb73a0-7396-424e-8d92-ef5b43464248","2022-02-02 10:04:39.085"
"ALC","78.960","6","79.010","1","152","78.86","400d537e-4b52-49f4-9e0c-0406830969c4","2022-02-02 10:04:39.085"
"ALC","78.900","7","78.980","3","152","78.84","c1d1c966-dc44-447d-91bd-8b882e016683","2022-02-02 10:05:07.212"
"ALC","78.880","7","78.960","1","-152","78.96","12d61619-c4d7-48c6-aa9d-203c7a65d2e0","2022-02-02 10:05:43.430"
"ALC","78.880","7","78.960","1","-152","78.96","03c04c3f-cb05-415e-b61f-40d2585226a2","2022-02-02 10:05:43.430"
"ALC","78.880","7","78.960","1","-152","78.96","8fa0abdd-571a-4472-866a-38ddef51681e","2022-02-02 10:05:43.430"
"ALC","78.910","3","78.980","7","-152","78.98","3e2b6959-a2a1-4049-9f32-1a1b8b9a067a","2022-02-02 10:06:07.536"
"ALC","78.920","7","78.990","2","-152","79.00","c4d80a3b-b4b4-44f8-b114-50ef5ea39729","2022-02-02 10:06:32.160"
"ALC","78.980","8","79.060","9","-152","79.06","f7d01080-5a4d-4396-a273-c878cfcc14cd","2022-02-02 10:06:45.200"
"ALC","78.890","3","78.960","7","152","78.84","0183d00d-c0d4-43dd-8610-ce067cd63c62","2022-02-02 10:27:35.412"
"ALC","78.890","3","78.940","7","152","78.84","ed0981fe-f824-4922-b2eb-0f39984c2b7a","2022-02-02 10:27:35.412"
"ALC","78.890","3","78.940","7","152","78.84","812eb7fe-58a6-4aba-902f-21241e3df568","2022-02-02 10:27:35.412"
"ALC","78.810","1","78.850","1","-152","78.86","4f1c2e04-213c-4cf7-9e12-a5392209473a","2022-02-02 10:28:09.256"
"ALC","78.810","1","78.850","1","-152","78.86","155ed5a2-99de-46b2-92cb-5c154c87d10b","2022-02-02 10:28:09.256"
"ALC","78.800","1","78.850","3","-152","78.85","0af0fe9f-1029-4435-8d26-d9b27820cbb8","2022-02-02 10:28:54.728"
"ALC","79.000","1","79.060","7","152","78.79","d4f0be74-bb60-47b0-bef4-ce7ae6597873","2022-02-02 10:30:26.457"
"ALC","79.000","1","79.040","2","152","78.79","94ea2120-d597-4387-aa39-87b57da76ff2","2022-02-02 10:30:26.457"
"ALC","78.820","7","78.880","7","-152","78.88","5f81c291-47d9-4ded-8c8b-1bdc30838633","2022-02-02 10:31:41.851"
"ALC","78.840","1","78.900","7","-152","78.90","aab5dab4-e13c-4d87-ba8f-03e5c18816cd","2022-02-02 10:32:59.067"
"ALC","79.130","1","79.190","6","151","78.99","989e0560-bba4-4d92-ab10-0c934cf49f2e","2022-02-02 11:30:00.002"
"ALC","79.150","1","79.170","7","151","78.99","754b8fe8-dd84-4a44-b5b7-aa12af381bb3","2022-02-02 11:30:00.002"
"ALC","79.120","3","79.180","5","151","78.99","df75c8ff-5346-4d8b-a731-57d87afc298a","2022-02-02 11:30:00.002"
"ALC","79.060","2","79.120","5","151","78.95","3d1c0869-05b9-4035-92d9-6a18a2e5d99b","2022-02-02 11:30:10.910"
"ALC","79.060","1","79.080","8","151","78.95","e07c7b1c-fcc3-41e9-bcb8-b971037450b6","2022-02-02 11:30:10.910"
"ALC","79.050","3","79.090","6","151","78.95","37b4c0b3-528e-4c45-95ec-0e066194bc23","2022-02-02 11:30:10.910"
"ALC","79.030","1","79.090","7","151","78.95","cd2a42e5-f1b6-4f65-9276-6a9fabbd65c0","2022-02-02 11:30:10.910"
"ALC","78.960","3","79.040","3","-151","79.04","e7a58ff8-ab85-4e64-841c-c729249e2b58","2022-02-02 11:31:06.843"
"ALC","78.960","3","79.040","3","-151","79.04","823f6bcb-8bc2-4bc6-886e-d9627d5007f6","2022-02-02 11:31:06.843"
"ALC","78.960","3","79.040","3","-151","79.04","77bad5b0-c5b3-4460-8c19-7883745f171c","2022-02-02 11:31:06.843"
"ALC","78.960","3","79.040","3","-151","79.04","142d6ba5-0590-49e2-a1ac-88429ae4b2d1","2022-02-02 11:31:06.843"
"ALC","78.960","3","79.040","3","-151","79.04","29d12f2f-839d-4b53-a9f4-594416d7c58c","2022-02-02 11:31:06.843"
"ALC","78.960","3","79.040","3","-151","79.04","e1097425-91c4-45b7-b09c-c9989c1b2f5c","2022-02-02 11:31:06.843"
"ALC","78.960","3","79.040","3","-151","79.04","4ca6ddfd-9f71-4cf0-b1ad-157575a8cc80","2022-02-02 11:31:06.843"
"ALC","78.900","3","79.000","2","151","79.00","4c0d4ee0-ed4b-4971-b4bf-f51b017fe43c","2022-02-02 11:38:10.006"
"ALC","78.950","2","79.040","7","152","78.87","0684c97f-54d2-4333-93bc-dd8381cf77ff","2022-02-02 11:39:10.038"
"ALC","78.830","3","78.910","1","-151","78.91","606b9f9f-bdc2-4838-a624-dceb08e2177a","2022-02-02 11:40:12.664"
"ALC","78.880","1","78.970","4","-152","78.97","c57889c0-7775-491c-a132-3e70a92448dc","2022-02-02 11:42:41.864"
"ALC","78.900","2","79.000","4","151","79.00","aaeb6698-9a14-4dc6-96e3-ee0b9379d8d8","2022-02-02 11:45:10.006"
"ALC","78.700","1","78.820","2","-151","78.82","323099c1-6237-4655-968c-8eef2f82666e","2022-02-02 11:58:10.011"
"ALC","78.960","5","79.020","1","152","78.95","18e34a77-9353-477d-9b44-62f89537382d","2022-02-02 12:04:40.635"
"ALC","78.970","5","79.020","1","151","78.95","ad970889-da03-4248-9b15-a5b1d0dfa55d","2022-02-02 12:04:40.635"
"ALC","78.970","5","79.020","1","151","78.95","405b85c1-9c9c-48e4-9d64-3ec634804251","2022-02-02 12:04:40.635"
"ALC","78.980","5","79.040","1","152","78.95","7f7a7c32-17c6-4ce8-97e0-a870d818de67","2022-02-02 12:04:40.635"
"ALC","79.000","5","79.070","1","-152","79.07","c3c803ba-03bc-4c3d-94b5-30f9828e7757","2022-02-02 12:07:13.054"
"ALC","79.020","5","79.100","3","-152","79.10","5b1b9f30-d694-4186-956a-ea12a1735a30","2022-02-02 12:09:00.120"
"ALC","79.020","1","79.100","2","-151","79.10","62096b48-c24c-4d11-892e-f07eb067cba4","2022-02-02 12:10:06.659"
"ALC","79.200","1","79.330","1","-151","79.34","4ce05594-9b40-4725-a5ec-87ce04cce7e4","2022-02-02 12:18:11.895"
"ALC","79.480","2","79.530","3","150","79.48","a61274c1-6f52-46b6-87fd-f51adf9407fd","2022-02-02 13:09:39.568"
"ALC","79.480","2","79.540","2","151","79.39","3ceb2a3b-fa11-49df-b813-4b78e9e3794f","2022-02-02 13:12:33.756"
"ALC","79.400","3","79.450","1","-150","79.45","87acdd3a-47d3-4ce2-992c-a1a4644b4f70","2022-02-02 13:15:12.464"
"ALC","79.400","3","79.450","1","-151","79.45","0ee0a13f-d63b-4d16-be35-337ae83695a7","2022-02-02 13:15:12.464"
"ALC","79.430","5","79.460","1","150","79.46","2351724e-7154-440f-9cc7-e40b0c84f454","2022-02-02 13:19:50.006"
"ALC","79.430","5","79.460","1","-150","79.46","5809e857-5ae1-4021-be13-4ead979cac22","2022-02-02 13:20:20.115"
"ALC","79.470","3","79.530","1","151","79.46","260c5c42-2222-4b85-9823-bc7b2fc2a023","2022-02-02 13:24:58.151"
"ALC","79.480","3","79.530","1","151","79.46","56a99f1a-bd55-452f-84fb-917fb16a47e3","2022-02-02 13:24:58.151"
"ALC","79.470","2","79.540","2","151","79.33","078cb766-32a5-48eb-ac26-a47b7acc6c04","2022-02-02 13:27:58.945"
"ALC","79.510","2","79.600","5","151","79.31","0ae95df2-89d7-45a4-87c1-baf7fb519418","2022-02-02 13:28:00.720"
"ALC","79.510","2","79.600","5","151","79.31","df282b4a-70b3-4e33-8cfd-a8fef0014433","2022-02-02 13:28:00.720"
"ALC","79.480","1","79.580","3","151","79.31","96cabb28-6f05-4df1-89da-45eec7582cb2","2022-02-02 13:28:00.720"
"ALC","79.430","1","79.530","2","151","79.31","ff3c8c7f-0812-4982-bf73-ca2e2278fb95","2022-02-02 13:28:00.720"
"ALC","79.430","1","79.530","2","151","79.31","2ac789b6-bb18-4b59-9f54-60a056704891","2022-02-02 13:28:00.720"
"ALC","79.470","3","79.550","3","151","79.31","9a639b88-6802-4b98-bcf7-d9ed9cfcdaa3","2022-02-02 13:28:00.720"
"ALC","79.470","3","79.550","3","151","79.31","efa59a95-0c7e-4561-87eb-8383f5b5d611","2022-02-02 13:28:00.720"
"ALC","79.470","3","79.550","3","151","79.31","7073ee82-be31-406a-8a3d-3756309fd7ef","2022-02-02 13:28:00.720"
"ALC","79.470","3","79.550","3","151","79.31","ae1b0622-58de-4623-94c3-da85fd65dd87","2022-02-02 13:28:00.720"
"ALC","79.290","1","79.380","2","-151","79.38","3c28038e-a217-47b7-abcd-f1f4b9991ccc","2022-02-02 13:31:06.871"
"ALC","79.290","1","79.380","2","-151","79.38","b59dd2b6-efc0-408d-9027-753ff8e83e24","2022-02-02 13:31:06.871"
"ALC","79.290","1","79.380","2","-151","79.38","4f8fcc88-04b6-4ab2-8bc0-d86e8ab2c788","2022-02-02 13:31:06.871"
"ALC","79.290","1","79.380","2","-151","79.38","024d3b9f-5e17-4f27-a682-54b9880f8bb8","2022-02-02 13:31:06.871"
"ALC","79.290","1","79.380","2","-151","79.38","a46c0687-b876-4837-a6f8-95724ff39a2d","2022-02-02 13:31:06.871"
"ALC","79.290","1","79.380","2","-151","79.38","6647d442-866d-4804-9a30-9d3016217b0d","2022-02-02 13:31:06.871"
"ALC","79.290","1","79.380","2","-151","79.38","7ff680c8-62d3-4612-baf7-8b32f0c92127","2022-02-02 13:31:06.871"
"ALC","79.290","1","79.380","2","-151","79.38","d7c59208-35e8-4e6c-a5b1-a8e74b0b7d98","2022-02-02 13:31:06.871"
"ALC","79.290","1","79.380","2","-151","79.38","9ed75c0e-2c9a-4751-8d1d-78ce7f8cbe8f","2022-02-02 13:31:06.871"
"ALC","79.290","1","79.380","2","-151","79.38","c349a062-c80d-4083-ac86-0372de7ff75f","2022-02-02 13:31:06.871"
"ALC","79.290","1","79.380","2","-151","79.38","539643cf-f554-4ad8-8a61-b315c14fd5fe","2022-02-02 13:31:06.871"
"ALC","79.290","1","79.380","3","-151","79.38","23815922-5372-4292-90c2-392e881602ad","2022-02-02 13:31:06.871"
"ALC","79.350","2","79.410","3","151","79.31","d2187aaf-c5db-4405-bc36-75d0f8968eeb","2022-02-02 13:47:18.745"
"ALC","79.240","1","79.330","2","-151","79.33","10725ecc-2221-4169-9f21-2bc7534bf6b3","2022-02-02 13:54:07.041"
"ALC","79.490","2","79.550","3","151","79.22","ca53ea66-bc6b-4b4c-88fa-efa0dd6a84dc","2022-02-02 14:05:33.989"
"ALC","79.120","2","79.180","1","-151","79.18","91c5de84-6501-4ed0-8f47-8d715e5f9476","2022-02-02 14:10:54.856"
"ALC","79.140","2","79.200","2","151","79.20","0924a2fe-61e6-4a5e-8478-06f48aa9364a","2022-02-02 14:18:20.006"
"ALC","79.170","3","79.240","1","-151","79.27","739252c8-8bd1-49da-b954-12dde544be21","2022-02-02 14:19:06.929"
"ALC","79.220","2","79.280","3","151","79.16","1f66fc52-6ec9-47e5-b1e1-72805c43a7db","2022-02-02 14:25:08.847"
"ALC","79.220","2","79.280","3","151","79.16","a0edc816-0341-4546-ad6e-8f870c345a36","2022-02-02 14:25:08.847"
"ALC","79.210","3","79.280","3","151","79.16","fd1f1ebc-99fa-4a13-8658-dbf236567be6","2022-02-02 14:25:08.847"
"ALC","79.220","1","79.280","2","151","79.16","3f525b7e-0179-46f9-af7b-b6cfde7c6051","2022-02-02 14:25:08.847"
"ALC","79.100","3","79.170","1","-151","79.17","4027e000-8ade-42b1-9f3d-04ee54a9dd96","2022-02-02 14:27:00.027"
"ALC","79.100","3","79.170","1","-151","79.17","9da8f82c-cce7-4262-af49-ab9c54eec375","2022-02-02 14:27:00.027"
"ALC","79.100","3","79.170","1","-151","79.17","b2b434be-57fc-475f-9991-512a070dc501","2022-02-02 14:27:00.027"
"ALC","79.100","3","79.170","1","-151","79.17","b978246c-5145-4388-9ae9-1fa5c00b2da7","2022-02-02 14:27:00.027"
"ALC","79.170","1","79.240","5","151","79.17","d07b96d2-654a-44b6-85a7-4b6fb64c345f","2022-02-02 14:39:37.299"
"ALC","79.170","1","79.230","2","-151","79.23","1154ac0c-1d5f-48d0-9e32-fb04c522e879","2022-02-02 14:41:46.581"
"ALC","79.260","1","79.330","1","151","79.12","be1f2882-0b67-4f5e-a9a6-b696414f49db","2022-02-02 14:43:00.546"
"ALC","79.270","3","79.330","2","151","79.12","cd612fb6-934c-475b-8f6e-3fbb6aac0d0b","2022-02-02 14:43:00.546"
"ALC","79.240","1","79.300","1","151","79.12","9d9e5657-e638-4907-aa68-fcfc63b6a0f6","2022-02-02 14:43:00.546"
"ALC","79.230","1","79.280","1","151","79.12","f46bf0f5-35ae-415e-b5b3-337eb055ca98","2022-02-02 14:43:00.546"
"ALC","79.230","1","79.280","1","151","79.12","66f525a2-f5df-4fc3-a0e3-a38bf3e3f929","2022-02-02 14:43:00.546"
"ALC","79.200","2","79.280","1","151","79.12","b0894cf5-d719-4579-ac9c-6e5070a3152c","2022-02-02 14:43:00.546"
"ALC","79.200","2","79.280","1","151","79.12","19e7d8cb-8c0e-4c5b-a8dc-fa7923221a3f","2022-02-02 14:43:00.546"
"ALC","79.200","2","79.270","2","151","79.12","9b724595-12a9-4dfb-998c-2921010d8a34","2022-02-02 14:43:00.546"
"ALC","79.200","2","79.270","2","151","79.12","a1873fbf-7432-4cfc-ae73-b668f2d9402f","2022-02-02 14:43:00.546"
"ALC","78.950","2","79.060","2","-151","79.06","54160cef-083b-442f-ab60-550bab1bcb7c","2022-02-02 14:48:41.901"
"ALC","78.950","2","79.060","2","-151","79.06","361e8d52-14f8-4e94-9623-890cd2485e1b","2022-02-02 14:48:41.901"
"ALC","78.950","2","79.060","2","-151","79.06","3a14ebf2-0301-4173-86aa-67473b01b380","2022-02-02 14:48:41.901"
"ALC","78.950","2","79.060","2","-151","79.06","9e079565-d102-4ff1-ace6-121c9e6fa8dd","2022-02-02 14:48:41.901"
"ALC","78.950","2","79.060","2","-151","79.06","a7bfec5d-b013-4f7a-9d1e-3658373094e3","2022-02-02 14:48:41.901"
"ALC","78.950","2","79.070","1","-151","79.07","53755732-c60a-4269-9290-bcf827a5e0ec","2022-02-02 14:49:37.074"
"ALC","78.950","2","79.070","1","-151","79.07","aa1050fb-2c16-4c44-a8a6-134f980963d0","2022-02-02 14:49:37.074"
"ALC","78.950","2","79.070","1","-151","79.07","f559b9e4-8993-4c8f-ab07-866270f9566e","2022-02-02 14:49:37.074"
"ALC","78.950","2","79.070","1","-151","79.07","d5c629f8-98d0-4473-9cc9-5d770c860e70","2022-02-02 14:49:37.074"
"ALC","79.100","1","79.150","1","151","78.95","05fdfb82-ea7f-4ab9-96db-c2f0a0a19256","2022-02-02 15:28:01.594"
"ALC","79.100","3","79.160","2","151","78.95","a7dc6d3b-21d2-44e3-8a5d-dced875bcc91","2022-02-02 15:28:01.594"
"ALC","79.110","3","79.160","2","151","78.95","fa4a2c95-2a22-4516-b065-f60e4499649f","2022-02-02 15:28:01.594"
"ALC","79.110","1","79.150","2","151","78.95","1570bf7d-1260-43ea-9d24-2c081ce858f2","2022-02-02 15:28:01.594"
"ALC","79.060","1","79.100","1","151","78.95","0dfe336d-a35c-4bbd-8f2e-1485ec462182","2022-02-02 15:28:01.594"
