"Symbol","Bid","Bid Sz","Ask","Ask Sz","Shares","Price","Order ID","Timestamp"
"AA","37.980","1","37.990","3","9","37.45","540b9ef9-5c9a-4e6a-a748-3a1001739451","2021-04-30 10:37:48.204"
"AA","37.990","1","38.020","2","9","37.45","4be63684-24ab-4a7c-9dc7-e644bfc5b3ff","2021-04-30 10:37:48.204"
"AA","38.010","4","38.020","1","9","37.45","499217af-e3cd-4b86-a96f-e1b4618a90c1","2021-04-30 10:37:48.204"
"AA","37.920","1","37.940","1","9","37.45","15b9c8eb-e277-47d0-8f71-232268d7d79a","2021-04-30 10:37:48.204"
"AA","37.910","1","37.930","2","9","37.45","dae615d5-adda-42bd-b63e-76768ab30732","2021-04-30 10:37:48.204"
"AA","38.020","2","38.030","2","9","37.45","20613c24-95e2-487e-9730-9185a3c33b00","2021-04-30 10:37:48.204"
"AA","37.970","2","37.980","1","9","37.45","29d3eadd-a395-4813-9311-d0068b1cb3de","2021-04-30 10:37:48.204"
"AA","37.970","3","37.990","2","9","37.45","cc905d34-599e-4a30-a9c6-db16d2cfc7ef","2021-04-30 10:37:48.204"
"AA","37.980","3","38.010","2","9","37.45","f2874876-e695-42ae-8a1a-be1ab1add069","2021-04-30 10:37:48.204"
"AA","37.980","4","38.020","1","9","37.45","bf89328a-fc7b-40ea-ab26-0bb7ec96b2da","2021-04-30 10:37:48.204"
"AA","37.970","1","38.000","4","9","37.45","1eeaf3d7-77bc-4c75-853b-a71068a7a6e6","2021-04-30 10:37:48.204"
"AA","37.400","21","37.440","5","-9","37.44","b05fa84d-6d99-4ed5-8819-7115296d701f","2021-04-30 10:38:10.321"
"AA","37.400","21","37.440","5","-9","37.44","e87698e8-7d29-4b04-9e12-ae1131055f0a","2021-04-30 10:38:10.321"
"AA","37.400","21","37.440","5","-9","37.44","ff07d2b1-5086-4033-b401-5891dcf8fb14","2021-04-30 10:38:10.321"
"AA","37.410","3","37.440","3","-9","37.44","14e05284-7cf3-4587-b365-a74e176739e7","2021-04-30 10:38:22.628"
"AA","37.410","3","37.440","3","-9","37.44","13cdeb20-dca1-4240-943d-ddf3f8026cf3","2021-04-30 10:38:22.628"
"AA","37.410","3","37.440","3","-9","37.44","fd9c079a-80a7-4974-a486-a065ced255ad","2021-04-30 10:38:22.628"
"AA","37.410","3","37.440","3","-9","37.44","2de68004-d6d4-45a1-93d7-8492d495d436","2021-04-30 10:38:22.628"
"AA","37.400","4","37.420","3","-9","37.42","4d359ac8-5c0f-4439-b33e-42c1c3a7faa4","2021-04-30 10:38:51.079"
"AA","37.400","2","37.420","1","-9","37.42","0a500784-1a9b-4177-ad75-e30aa4fda412","2021-04-30 10:38:51.079"
"AA","37.420","1","37.430","3","-9","37.43","109a4287-2951-48b1-945c-8f02be3e204e","2021-04-30 10:38:51.079"
"AA","37.420","1","37.430","3","-9","37.43","6519d4f7-35ff-47d8-b9e0-d1097f1e35d9","2021-04-30 10:38:51.079"
"AA","37.990","1","38.010","2","9","37.36","0a71866d-95bb-459b-a7d7-0e147899c36c","2021-04-30 10:48:00.418"
"AA","37.980","3","38.020","5","9","37.36","1763e3b8-2548-4038-b794-7eeb77ee3032","2021-04-30 10:48:00.418"
"AA","37.970","2","37.990","1","9","37.36","5e3d0ae9-3623-4ea6-abe8-b194cdd014ab","2021-04-30 10:48:00.418"
"AA","38.000","1","38.030","110","9","37.26","889ee936-64fb-4569-b733-e48760d47cd9","2021-04-30 10:48:19.232"
"AA","37.190","1","37.210","1","-9","37.21","9e0b5b39-bf55-47f1-a33e-dd1d496dbc0d","2021-04-30 10:49:20.577"
"AA","37.190","1","37.210","1","-9","37.21","18667964-c697-461b-8cf2-f9e6f6bf3a95","2021-04-30 10:49:20.577"
"AA","37.200","5","37.220","3","-9","37.22","58fefdcd-949f-4362-9c0a-0ba40e6a2204","2021-04-30 10:49:34.316"
"AA","37.210","3","37.240","3","-9","37.24","654788be-0f21-405e-a3a5-7ddd317a8a75","2021-04-30 10:50:18.810"
"AA","37.170","4","37.200","2","9","37.13","34f52d2b-d1f4-4d00-8a87-45ee7689cc39","2021-04-30 11:58:44.041"
"AA","37.170","3","37.200","3","9","37.13","1f3b515e-1daf-4908-91e8-57c06e4fdca0","2021-04-30 11:58:44.041"
"AA","37.140","3","37.160","1","-9","37.16","a979b055-8a57-48a0-bf7e-259295b549a8","2021-04-30 11:59:06.240"
"AA","37.160","2","37.170","2","-9","37.17","6215195e-34fd-4de2-87a9-d9215c8e8e19","2021-04-30 11:59:16.451"
"AA","37.180","3","37.200","1","9","37.12","b9507b93-280d-48f2-9572-2b992b293ac1","2021-04-30 12:05:28.129"
"AA","37.170","2","37.200","5","-9","37.20","5ab53658-e1e5-4b9a-b804-28e74724e03d","2021-04-30 12:08:42.764"
"AA","37.180","4","37.210","1","9","37.11","262282dc-1db0-422b-9ba7-777ea2a0a992","2021-04-30 12:14:28.291"
"AA","37.060","3","37.090","2","-9","37.09","7b3724da-3ba8-4dc8-9f4d-f8df44554512","2021-04-30 12:15:39.274"
"AA","37.400","2","37.430","3","9","37.04","60e151ce-6dac-4ed2-b167-11e5eb9933d7","2021-04-30 12:15:49.713"
"AA","37.400","1","37.420","1","9","37.04","7bde5e6f-8237-4da4-a9f0-3f04da1c33ea","2021-04-30 12:15:49.713"
"AA","37.380","2","37.400","2","9","37.04","9ddcb730-1eaa-46bf-a9fe-519232868ea6","2021-04-30 12:15:49.713"
"AA","37.380","2","37.390","2","9","37.04","ec3eca54-85df-42ea-9c94-b1a6c06db883","2021-04-30 12:15:49.713"
"AA","37.380","5","37.390","2","9","37.04","ec00c6fa-3207-4183-9290-20ec88575fe0","2021-04-30 12:15:49.713"
"AA","37.400","3","37.430","2","9","37.02","4344aa56-f8f3-45b3-a6ab-a7470fe23708","2021-04-30 12:16:11.312"
"AA","37.400","3","37.430","2","9","37.02","5c8c4c9c-b5eb-4490-bf9f-f44ae6cdeda8","2021-04-30 12:16:11.312"
"AA","37.020","3","37.030","4","-9","37.04","4aed9e46-bc77-4b54-a9c2-5624aa0359e5","2021-04-30 12:16:57.629"
"AA","37.020","3","37.030","4","-9","37.04","5e272d1e-adba-4317-b216-cb93303b99fd","2021-04-30 12:16:57.629"
"AA","37.020","3","37.030","4","-9","37.04","f8c956a1-722d-4410-8626-b22986b6b19d","2021-04-30 12:16:57.629"
"AA","37.020","3","37.030","4","-9","37.04","36dd9f30-5f9c-48a5-8ee7-496748b440a3","2021-04-30 12:16:57.629"
"AA","37.040","3","37.050","4","-9","37.05","e3796bdc-9d83-41e1-97ff-74e5adda58ed","2021-04-30 12:17:03.310"
"AA","37.040","3","37.050","4","-9","37.05","2711a28f-cc14-4ff4-805a-50fb0867434f","2021-04-30 12:17:03.310"
"AA","37.010","1","37.030","2","-9","37.03","266bfa42-934e-4ee5-ac71-87363152f691","2021-04-30 12:18:01.469"
"AA","37.250","2","37.270","3","9","37.19","d526f113-daef-45dd-a574-7adce0b4d089","2021-04-30 13:02:56.570"
"AA","37.250","3","37.270","2","9","37.19","1822c68c-6d0f-4c0c-8801-3cb02f70f873","2021-04-30 13:02:56.570"
"AA","37.260","4","37.290","3","9","37.19","45f9f145-80c5-4bfe-b3f6-4e13639517b0","2021-04-30 13:02:56.570"
"AA","37.250","2","37.280","3","9","37.19","43f4cd98-e2e1-4a2c-9916-f4b676bbf7d2","2021-04-30 13:02:56.570"
"AA","37.230","2","37.250","3","9","37.19","ca8b116a-997f-4f10-9d10-d449c000d565","2021-04-30 13:02:56.570"
"AA","37.250","2","37.260","1","9","37.19","657f00df-3ae8-4816-9866-ab200a61e568","2021-04-30 13:02:56.570"
"AA","37.220","3","37.250","2","9","37.19","47a005b3-c982-4a9b-98c3-c04631fb4cf9","2021-04-30 13:02:56.570"
"AA","37.220","3","37.240","2","9","37.19","41a7dbc2-4771-461a-80a8-e3984a14ba61","2021-04-30 13:02:56.570"
"AA","37.230","2","37.240","3","9","37.19","440b8f93-dfe5-441b-853b-a1da9ef7ed45","2021-04-30 13:02:56.570"
"AA","37.250","4","37.270","3","9","37.17","8ca01f5c-1aea-4fa0-8deb-f62a243108d4","2021-04-30 13:03:32.932"
"AA","37.220","2","37.240","5","9","37.17","716d25e0-b1ac-4b34-8e27-4826df2759ff","2021-04-30 13:03:32.932"
"AA","37.220","3","37.230","4","9","37.17","3b0cd687-5b5e-4ac5-9178-22d014668c07","2021-04-30 13:03:32.932"
"AA","37.220","2","37.230","3","9","37.17","41e56d44-bb4c-4578-a611-8d08ceb96233","2021-04-30 13:03:32.932"
"AA","37.220","4","37.230","1","9","37.17","f8e1c255-f552-4350-9669-d67176bbcb59","2021-04-30 13:03:32.932"
"AA","37.170","1","37.180","4","-9","37.18","4ad2dcd6-7ba9-4d84-b34b-b7707c589e76","2021-04-30 13:04:08.513"
"AA","37.170","1","37.180","4","-9","37.18","6da87348-367a-4dfe-849c-5a53561c62e2","2021-04-30 13:04:08.513"
"AA","37.160","1","37.180","2","-9","37.18","0d948a76-774a-45f5-a2f3-b649cf0fb246","2021-04-30 13:04:08.513"
"AA","37.170","3","37.180","3","-9","37.18","a3a44693-4142-44db-a345-a78e559e2b09","2021-04-30 13:04:08.513"
"AA","37.190","2","37.200","2","-9","37.20","1dccdb40-4cfe-40cc-99a8-afd92eaf0093","2021-04-30 13:05:00.611"
"AA","37.190","2","37.200","2","-9","37.20","a495eea4-798e-47f0-91ba-0bd0ea005052","2021-04-30 13:05:00.611"
"AA","37.190","2","37.200","2","-9","37.20","9b441426-8c24-416a-8bc7-d71342c84b79","2021-04-30 13:05:00.611"
"AA","37.180","2","37.200","2","-9","37.20","ba9760d5-17ed-442f-85a8-b6f82094a5d0","2021-04-30 13:06:07.137"
"AA","37.180","2","37.200","2","-9","37.20","e2ce0a2b-2591-472c-ad21-e7fd44ba997e","2021-04-30 13:06:07.137"
"AA","37.180","2","37.200","2","-9","37.20","f0a817ef-0c02-497b-a9c2-62d30d890395","2021-04-30 13:06:07.137"
"AA","37.180","2","37.200","2","-9","37.20","ddac159b-5940-49ee-b9c7-2b9f30bebc32","2021-04-30 13:06:07.137"
"AA","37.180","2","37.200","3","-9","37.20","7e9756cf-d428-48ed-b5a3-bddb1dfd7864","2021-04-30 13:06:07.137"
"AA","37.200","2","37.210","1","-9","37.21","ab135006-6716-4819-8ee6-39869f6d428e","2021-04-30 13:06:30.607"
"AA","37.200","3","37.220","8","-9","37.22","2d5548a2-56b9-4083-ae55-3738ac115089","2021-04-30 13:07:03.273"
"AA","37.240","3","37.260","1","9","37.22","b6a22c8a-948f-4e74-8e92-fbada0e5fb03","2021-04-30 13:09:10.350"
"AA","37.190","4","37.200","8","-9","37.21","fdecd1f1-326c-4f99-ac91-cee4ccfcbd48","2021-04-30 13:12:35.335"
"AA","37.080","3","37.090","1","9","37.04","6bc9db90-1e48-40ab-9da5-3926e2d6cbcc","2021-04-30 13:42:19.722"
"AA","37.080","3","37.090","1","9","37.04","c0560d61-0521-4040-aa0a-7eb790217e1a","2021-04-30 13:42:19.722"
"AA","37.090","3","37.110","4","9","37.04","7b23332f-2544-4a02-a666-9c28884106bf","2021-04-30 13:42:19.722"
"AA","37.040","4","37.050","3","-9","37.05","2d27875f-b663-4f81-b0b1-521611bc907d","2021-04-30 13:42:59.282"
"AA","37.040","4","37.050","3","-9","37.05","83a95cf7-f2c7-4ed4-9055-9b666bce99ce","2021-04-30 13:42:59.282"
"AA","37.040","5","37.050","2","-9","37.05","64133a48-bfaf-4f0c-bb74-e23d70e71b3a","2021-04-30 13:42:59.282"
"AA","38.000","3","38.020","1","9","36.93","48c1cc7d-1a07-4f9b-a8a7-b8b7dcca2871","2021-04-30 13:46:45.390"
"AA","38.010","26","38.050","1","9","36.93","b24d0cf3-8055-482c-a690-8a824970cc9d","2021-04-30 13:46:45.390"
"AA","38.010","1","38.030","3","9","36.93","73c0f81b-2d3d-4cf9-8487-fc2805be8e3d","2021-04-30 13:46:45.390"
"AA","37.990","3","38.030","3","9","36.93","3211219a-336b-4c28-b925-2225e1ebbb07","2021-04-30 13:46:45.390"
"AA","37.970","3","38.000","1","9","36.90","853ad293-c347-4830-84e6-76a0e041d9e1","2021-04-30 13:46:56.475"
"AA","37.920","1","37.960","3","9","36.90","0e0ae2b0-21f2-4f68-a1f7-0a99f72e30e0","2021-04-30 13:46:56.475"
"AA","36.890","4","36.920","4","-9","36.92","edd0687f-6f83-47cf-b75b-c4729274f53f","2021-04-30 13:47:00.453"
"AA","36.890","4","36.920","4","-9","36.92","c365702f-8829-4768-bc35-d0792eed6ab3","2021-04-30 13:47:00.453"
"AA","36.890","3","36.910","4","-9","36.91","c85e96aa-f9be-4098-bbd5-c460fdf09848","2021-04-30 13:47:12.738"
"AA","36.920","3","36.940","1","-9","36.95","36f0c88b-3287-49d3-acbe-af18a0212ae5","2021-04-30 13:47:30.980"
"AA","36.920","3","36.940","1","-9","36.95","81146595-79d4-4cde-bf60-6921b6ca2bb3","2021-04-30 13:47:30.980"
"AA","36.920","4","36.950","1","-9","36.95","fe71932e-c808-4c1d-96ea-775bdc163c11","2021-04-30 13:47:30.980"
"AA","37.050","1","37.070","4","9","37.03","fc6cf4d8-c831-4eaa-ba7d-57fc6e7b23be","2021-04-30 13:54:44.808"
"AA","36.970","1","36.990","3","-9","36.99","69af3dc6-ceb1-4b63-9907-73d9a474957f","2021-04-30 13:57:21.661"
"AA","37.010","2","37.020","10","9","37.02","4e26b60e-61c7-49b4-816e-893a0a38af04","2021-04-30 13:59:00.006"
"AA","36.930","2","36.940","1","-9","36.95","41873249-3f24-42c7-b662-59715ab051e5","2021-04-30 14:05:01.150"
"AA","36.910","2","36.940","4","9","36.89","8bf6bc91-a638-4c6d-b2c2-97824dd999fd","2021-04-30 14:23:29.788"
"AA","36.920","1","36.940","3","9","36.89","6a30cba7-fc27-4ea7-ab79-22152eade162","2021-04-30 14:23:29.788"
"AA","36.910","1","36.920","3","9","36.89","e1a938f5-c17e-4c71-b6f3-d73c162b39a0","2021-04-30 14:23:29.788"
"AA","36.910","2","36.920","2","9","36.89","279b594a-85c1-4af8-a921-bccbe168ecc0","2021-04-30 14:23:29.788"
"AA","36.910","2","36.920","2","9","36.89","eb431356-dade-4584-b162-b595fe4d0442","2021-04-30 14:23:29.788"
"AA","36.920","5","36.930","3","9","36.89","8a8b4998-a6ec-4a6c-9da7-c75882a913a2","2021-04-30 14:23:29.788"
"AA","36.860","2","36.870","3","-9","36.87","45ae20e8-97b5-4024-b505-9cdddc406da0","2021-04-30 14:24:30.369"
"AA","36.860","2","36.870","3","-9","36.87","230f0549-d967-478f-8068-f5a475345b20","2021-04-30 14:24:30.369"
"AA","36.860","4","36.880","4","-9","36.88","70dd74c4-46d6-4b4b-8263-a3472f052257","2021-04-30 14:24:43.449"
"AA","36.860","3","36.880","5","-9","36.88","fedcfe7f-5af5-4978-9dbc-18cf38f500fb","2021-04-30 14:25:00.061"
"AA","36.870","2","36.890","6","-9","36.89","fc2e170f-0f93-48c2-89a7-37381094ab94","2021-04-30 14:25:00.062"
"AA","36.870","2","36.890","6","-9","36.89","722459fb-7d1a-4c21-ba9a-b5de80d05415","2021-04-30 14:25:00.062"
"AA","36.830","1","36.840","4","9","36.82","46076c49-3aa7-4806-a2c8-8a1a53b3e1c5","2021-04-30 14:45:11.719"
"AA","36.800","4","36.810","3","-9","36.81","76abbff1-4195-4a79-b65e-885958a17a79","2021-04-30 14:47:41.790"
"AA","36.750","1","36.760","3","9","36.71","75c0b0c8-93a1-4ff3-a098-59b8501aa21a","2021-04-30 15:35:00.874"
"AA","36.750","3","36.760","2","9","36.69","ebca5941-9757-40ac-a442-21ac21a98804","2021-04-30 15:38:01.995"
"AA","36.740","3","36.750","3","9","36.69","a7980468-2525-455a-9236-bee2bec45c8f","2021-04-30 15:38:01.995"
"AA","36.740","3","36.750","3","9","36.69","89995436-859a-4851-8c85-fe3d8093f60c","2021-04-30 15:38:01.995"
"AA","36.730","57","36.740","1","9","36.69","6b0dbd7e-2a0e-4a36-96b8-35a3f1478b13","2021-04-30 15:38:01.995"
"AA","36.730","57","36.740","1","9","36.69","1bb7d87b-1b01-40bf-8e56-afa6773780f1","2021-04-30 15:38:01.995"
"AA","36.740","3","36.750","2","9","36.68","85017e60-6fee-47de-a4d5-4b576be23ffa","2021-04-30 15:38:03.130"
"AA","36.740","8","36.760","3","9","36.68","38c0c922-f0d1-4279-ae4f-0b6adc2fa2fd","2021-04-30 15:38:03.130"
"AA","36.710","1","36.730","3","9","36.64","2b32a5a7-4520-4919-b9cb-080b6a350283","2021-04-30 15:38:35.044"
"AA","36.700","3","36.710","6","9","36.64","05c9d4ad-3440-44cd-9639-b33d775f4bd3","2021-04-30 15:38:35.044"
"AA","36.700","3","36.720","3","9","36.64","9d6bd5e6-07cc-41fd-9913-d2ba41ed5c7a","2021-04-30 15:38:35.044"
"AA","36.570","27","36.580","3","-99","36.57","3aa2fa0c-93af-40bc-ac16-7151a67a7d7c","2021-04-30 15:48:00.006"
"AG","15.340","14","15.350","2","21","15.25","51dfa083-14ce-4e1b-b503-2ea19677b2c8","2021-04-30 10:04:34.973"
"AG","15.240","2","15.250","17","-21","15.25","b9747cc7-91df-4cbc-8d0d-a209e279a84d","2021-04-30 10:05:49.667"
"AG","15.330","11","15.340","16","21","15.30","0687cd01-fad6-4d49-b5c0-fcae6e8d1a43","2021-04-30 10:12:17.999"
"AG","15.330","6","15.340","12","-21","15.34","0ceff9d5-47d2-4e0c-880f-08ab41f61068","2021-04-30 10:15:26.186"
"AG","15.350","11","15.360","4","21","15.27","0ce56ebe-c89a-4a25-a61e-f5c07a1aaf3e","2021-04-30 10:50:36.440"
"AG","15.350","12","15.360","4","21","15.27","c9dac959-9092-4651-ad8b-3bb2552a5e8f","2021-04-30 10:50:36.440"
"AG","15.360","24","15.370","7","21","15.27","c54b562a-5426-46be-bb83-f0261e0561d8","2021-04-30 10:50:36.440"
"AG","15.370","2","15.380","19","21","15.27","410dd096-86d4-4fdd-88c9-052a78010d7a","2021-04-30 10:50:36.440"
"AG","15.370","12","15.380","10","21","15.27","c89d24b8-7e29-4487-aa10-ecb551689ecf","2021-04-30 10:50:36.440"
"AG","15.370","2","15.380","22","21","15.27","f5ffd86b-469a-40ae-b53c-005e94b84790","2021-04-30 10:50:36.440"
"AG","15.360","1","15.370","15","21","15.27","2cd3e690-0bcf-40a7-8315-385c73ae2872","2021-04-30 10:50:36.440"
"AG","15.360","5","15.370","5","21","15.27","34fd7a21-1c9f-4a19-9186-baab3b00cbf5","2021-04-30 10:50:36.440"
"AG","15.270","8","15.280","12","-21","15.28","88202d6d-4db1-4063-b126-3fa86bf82214","2021-04-30 10:51:46.817"
"AG","15.270","8","15.280","12","-21","15.28","af537f51-9882-4b9c-bcfe-29de62ad2b8d","2021-04-30 10:51:46.817"
"AG","15.270","8","15.280","12","-21","15.28","6c7eb260-6135-4f78-97c1-be6e19cd3dbe","2021-04-30 10:51:46.817"
"AG","15.280","6","15.290","24","-21","15.29","b2c79c4c-de9c-4e46-912c-8f9b4068e088","2021-04-30 10:51:46.822"
"AG","15.280","6","15.290","24","-21","15.29","573aaa1c-41f7-4fe4-b746-dcc409812e26","2021-04-30 10:51:46.822"
"AG","15.280","6","15.290","24","-21","15.29","df1a42f9-9b90-4095-85d9-1640b6ece232","2021-04-30 10:51:46.822"
"AG","15.280","28","15.290","2","-21","15.29","e3850d34-e088-44f6-ba60-42d260be082c","2021-04-30 10:51:51.378"
"AG","15.260","11","15.270","9","-21","15.27","05a2932b-28de-416b-9029-13f9d6dba5ec","2021-04-30 10:52:02.968"
"AG","15.300","13","15.310","7","21","15.24","a204d545-6641-40e8-9d34-d55e62183127","2021-04-30 10:58:24.572"
"AG","15.290","10","15.300","2","21","15.24","49c7e4d6-fbdd-4408-9d9e-898ada8d62d4","2021-04-30 10:58:24.572"
"AG","15.300","9","15.310","8","21","15.24","c881bb9c-3fe4-4cbc-bbaa-8f4151d73269","2021-04-30 10:58:24.572"
"AG","15.340","2","15.350","10","21","15.23","f9065670-253a-4bb0-a4cb-6e84a19435ed","2021-04-30 10:58:39.007"
"AG","15.340","3","15.350","10","21","15.23","487ccec3-a409-4207-8f95-4fb5e0a41a2f","2021-04-30 10:58:39.007"
"AG","15.340","3","15.350","10","21","15.23","a562ec90-9849-4e86-97fa-0ef962f8c9ba","2021-04-30 10:58:39.007"
"AG","15.340","2","15.350","16","21","15.23","cf87c199-f80c-413f-9117-d2e1ad2c331c","2021-04-30 10:58:39.007"
"AG","15.370","3","15.380","8","21","15.23","3820e014-2cff-4838-8acf-0f13a8ee6b2d","2021-04-30 10:58:39.007"
"AG","15.360","13","15.370","5","21","15.23","40847a6e-e741-461f-bcba-28da7a88eab3","2021-04-30 10:58:39.007"
"AG","15.360","4","15.370","15","21","15.23","d795b37b-4d77-421c-98fc-8c510ac2c272","2021-04-30 10:58:39.007"
"AG","15.350","4","15.360","20","21","15.23","2879c49b-0a75-464c-b274-807566c862c9","2021-04-30 10:58:39.007"
"AG","15.360","16","15.370","16","21","15.23","f3d4d6ac-e80d-4d68-a1f7-2f7970224523","2021-04-30 10:58:39.007"
"AG","15.370","23","15.380","12","21","15.23","ceaff486-4fcc-4dfa-8fb2-3eed0ea0a94d","2021-04-30 10:58:39.007"
"AG","15.380","26","15.390","9","21","15.23","3c87408b-71d3-411a-879f-981e2ab154fc","2021-04-30 10:58:39.007"
"AG","15.370","2","15.380","18","21","15.23","b25c80ce-dcd4-4c85-8385-30be3d2225ba","2021-04-30 10:58:39.007"
"AG","15.360","4","15.370","15","21","15.23","2f24e3b1-03e4-42c5-ba08-cac3d1d8412a","2021-04-30 10:58:39.007"
"AG","15.360","16","15.370","8","21","15.23","593a4992-fdeb-4c3c-9005-57d57e8c2a67","2021-04-30 10:58:39.007"
"AG","15.360","3","15.370","19","21","15.23","ab4df430-57b9-40b2-ba02-f516509b44a7","2021-04-30 10:58:39.007"
"AG","15.350","15","15.360","7","21","15.23","18d9b4bc-cd01-41df-a5c5-d5aeb6717968","2021-04-30 10:58:39.007"
"AG","15.220","480","15.230","23","-21","15.23","7fc15618-bdbf-493e-9129-cbb1ce12aa35","2021-04-30 10:59:21.485"
"AG","15.220","480","15.230","23","-21","15.23","ee0a9e6f-e7ca-43e6-a5c1-172b972bff85","2021-04-30 10:59:21.485"
"AG","15.230","4","15.240","26","-21","15.24","3ace6eba-f526-4bcf-9d58-f3dee1309afc","2021-04-30 10:59:28.081"
"AG","15.230","4","15.240","26","-21","15.24","25fdb77f-7ddf-4712-9fd2-3028d0322a07","2021-04-30 10:59:28.081"
"AG","15.230","4","15.240","26","-21","15.24","ab7f018b-aa77-4b29-8107-a186ff968d64","2021-04-30 10:59:28.081"
"AG","15.230","4","15.240","26","-21","15.24","95404cee-76fe-4191-b3b5-5a1ac9957c8d","2021-04-30 10:59:28.081"
"AG","15.230","4","15.240","26","-21","15.24","6662ef61-41ae-4844-9a53-b2537c02f824","2021-04-30 10:59:28.081"
"AG","15.230","4","15.240","26","-21","15.24","05e95418-43a8-4f81-b405-3b69ccdcef40","2021-04-30 10:59:28.081"
"AG","15.230","4","15.240","26","-21","15.24","11cd3204-d9d3-49e0-9e23-288177cd5856","2021-04-30 10:59:28.081"
"AG","15.230","4","15.240","26","-21","15.24","02833be6-49fb-4b2f-b580-19bcdb7eb6ef","2021-04-30 10:59:28.081"
"AG","15.230","4","15.240","26","-21","15.24","57c9be84-a55d-4524-b9c3-84807df81591","2021-04-30 10:59:28.081"
"AG","15.230","4","15.240","26","-21","15.24","8c56f195-f7c6-425e-a58e-d62d9de28d70","2021-04-30 10:59:28.081"
"AG","15.230","4","15.240","29","-21","15.24","5a853108-5662-4360-8eb1-e947d043f95f","2021-04-30 10:59:28.081"
"AG","15.230","4","15.240","29","-21","15.24","df9ec8f7-9377-490b-8652-95be61a0df43","2021-04-30 10:59:28.081"
"AG","15.230","4","15.240","29","-21","15.24","b89e8074-02c2-49e2-ad18-6d2287f9abe1","2021-04-30 10:59:28.081"
"AG","15.230","4","15.240","29","-21","15.24","05e2d05e-f766-41ed-a72b-078252a3972e","2021-04-30 10:59:28.081"
"AG","15.230","4","15.240","29","-21","15.24","0906a180-7c42-4e9b-b0df-7ef569909fdf","2021-04-30 10:59:28.081"
"AG","15.240","19","15.250","31","-21","15.25","0c469a73-701a-43bd-952e-1a9b38315893","2021-04-30 11:00:04.377"
"AG","15.240","4","15.250","24","-21","15.25","1e2fad67-6e2e-45ed-ad00-37d17dbd5bf9","2021-04-30 11:00:04.377"
"AG","15.200","6","15.210","25","21","15.21","a0da12e4-7dc1-4c16-9c64-777a96677277","2021-04-30 11:16:20.006"
"AG","15.130","28","15.140","9","-21","15.14","e4b4d5ce-9d2f-40e9-a27c-3260e08e1ce1","2021-04-30 11:23:24.346"
"AG","15.130","15","15.140","8","21","15.12","682b4b7d-bf74-4272-9330-cebd7a21c2b9","2021-04-30 11:42:29.401"
"AG","15.130","14","15.140","8","21","15.12","f01a7efa-1ea0-4e29-8859-749667c2972c","2021-04-30 11:42:29.401"
"AG","15.120","26","15.130","6","-21","15.14","13fd0d2f-df8f-4024-beec-894c2ace4264","2021-04-30 11:44:30.490"
"AG","15.130","27","15.140","7","-21","15.14","ed515474-4cc1-4563-9967-333f479cb8c0","2021-04-30 11:44:40.501"
"AG","15.130","24","15.140","4","21","15.13","10356b40-5903-496f-9263-5ddbeace1f2e","2021-04-30 12:04:39.670"
"AG","15.140","12","15.150","23","-21","15.15","34b1803a-7f56-4cf3-a8a3-e704efa13ce0","2021-04-30 12:10:25.550"
"AG","15.150","4","15.160","16","21","15.12","27d42b9d-2be9-4d4a-a9e2-86b69fd4070a","2021-04-30 12:16:17.834"
"AG","15.140","9","15.150","11","21","15.12","2ce36f0f-a46a-4994-961f-b7725223518f","2021-04-30 12:16:17.834"
"AG","15.140","18","15.150","14","21","15.12","2590b663-c17d-4abd-bb10-851c510564fe","2021-04-30 12:16:17.834"
"AG","15.150","5","15.160","18","21","15.12","10240f1f-d9d3-4b30-b67d-eb4c5dbde7e1","2021-04-30 12:16:17.834"
"AG","15.150","10","15.160","41","21","15.12","d061d705-37ae-4a32-b581-4689ec6611cb","2021-04-30 12:16:17.834"
"AG","15.140","5","15.150","25","21","15.12","ce6c3a62-89a6-4b8c-84d8-189ec9f4c1e0","2021-04-30 12:16:17.834"
"AG","15.140","4","15.150","25","21","15.12","700679d3-9077-48d6-aa9d-84288f4f1ed4","2021-04-30 12:16:17.834"
"AG","15.140","3","15.150","26","21","15.12","bcbb48f1-d3c7-4e4c-9d7c-da999bf57f55","2021-04-30 12:16:17.834"
"AG","15.130","26","15.140","30","21","15.12","abf4dc7f-cdfd-47b4-b4b5-6e9b0c5ade66","2021-04-30 12:16:17.834"
"AG","15.110","10","15.120","29","-21","15.12","251ce8e8-6f4d-48fe-8e05-b40a252d64bb","2021-04-30 12:16:55.021"
"AG","15.110","10","15.120","29","-21","15.12","89a58a41-fe9e-4c51-a6a7-be8b1561688a","2021-04-30 12:16:55.021"
"AG","15.110","10","15.120","29","-21","15.12","fefab653-4c7f-4ebf-b887-4bcfb23f7b0b","2021-04-30 12:16:55.021"
"AG","15.110","10","15.120","29","-21","15.12","822b4ce7-f234-47dd-963c-acd365efc70d","2021-04-30 12:16:55.021"
"AG","15.110","10","15.120","29","-21","15.12","daf78725-46d2-4326-b608-a3e86f5631ee","2021-04-30 12:16:55.021"
"AG","15.110","9","15.120","21","-21","15.12","86bcb805-5207-4017-aea4-3dd48db649db","2021-04-30 12:16:55.021"
"AG","15.110","9","15.120","21","-21","15.12","fd324734-d054-4212-9928-1511f7b049d2","2021-04-30 12:16:55.021"
"AG","15.100","44","15.110","12","-21","15.11","7a73d71d-00d4-4138-8230-615250c39a7e","2021-04-30 12:17:23.688"
"AG","15.110","19","15.120","8","-21","15.12","1736205f-9345-4d89-a68d-a48dfda7f589","2021-04-30 12:17:50.721"
"AG","15.130","22","15.140","13","21","15.13","e95ca1d4-295a-4ac2-9f3c-65e570ce1f64","2021-04-30 12:22:38.496"
"AG","15.130","22","15.140","13","21","15.13","60e24471-8b88-4af3-811a-b0f6bdf0d9ba","2021-04-30 12:22:38.496"
"AG","15.130","22","15.140","13","21","15.13","18399b90-7c56-4570-8ee2-aca8b09cef56","2021-04-30 12:22:38.496"
"AG","15.110","21","15.120","51","-21","15.12","7747e9d1-d101-41de-a34b-ce5a4e85a60c","2021-04-30 12:24:12.586"
"AG","15.120","11","15.130","20","-21","15.13","c942a8aa-e007-42f8-96e8-df4fcd33268d","2021-04-30 12:24:47.826"
"AG","15.120","11","15.130","20","-21","15.13","e33ecbb6-e616-472f-8ef6-917933e5088a","2021-04-30 12:24:47.826"
"AG","15.160","7","15.170","32","21","15.15","6175a6e2-8a01-4be3-afeb-04343c4e7578","2021-04-30 13:00:50.514"
"AG","15.160","7","15.170","27","21","15.15","59d249e7-0ea5-4c82-8b9a-d52047154002","2021-04-30 13:00:50.514"
"AG","15.140","15","15.150","20","-21","15.15","0c67b43d-01d7-40b6-961c-a5d7780d8f68","2021-04-30 13:05:18.818"
"AG","15.160","7","15.170","28","21","15.14","3f7fc5f1-2b64-428c-89e6-35520e79f95d","2021-04-30 13:05:57.677"
"AG","15.160","7","15.170","28","21","15.14","62f4754b-0b38-482e-9a04-c3ec7d269cfb","2021-04-30 13:05:57.677"
"AG","15.160","6","15.170","15","21","15.14","572f9e2f-5331-411d-848c-c072f9380e7a","2021-04-30 13:05:57.677"
"AG","15.160","5","15.170","33","21","15.14","ac82b20b-7aba-44bd-84d2-3c2ad9937196","2021-04-30 13:05:57.677"
"AG","15.160","5","15.170","33","21","15.14","e8c1602e-a2b3-45ca-9079-7297341c2e85","2021-04-30 13:05:57.677"
"AG","15.160","12","15.170","28","21","15.14","8c56baad-8dc1-4d39-b3d7-b5b30f1f57a8","2021-04-30 13:05:57.677"
"AG","15.150","17","15.160","28","21","15.14","dd64fedb-2754-4ab3-bca0-0f18c3b6ec8b","2021-04-30 13:05:57.677"
"AG","15.150","16","15.160","7","21","15.14","40580107-6ca4-41c5-8845-38e8a0620307","2021-04-30 13:05:57.677"
"AG","15.140","3","15.150","30","-21","15.15","b7a8ae59-dbf4-402e-a8f5-c85d56365eda","2021-04-30 13:06:50.861"
"AG","15.140","3","15.150","30","-21","15.15","64e6574c-d7a2-4f25-a776-ecaf1f470a5d","2021-04-30 13:06:50.861"
"AG","15.140","3","15.150","30","-21","15.15","9c743c02-4729-4f96-8fca-7303c83dd6d1","2021-04-30 13:06:50.861"
"AG","15.140","3","15.150","30","-21","15.15","5f98d80c-250b-4038-897a-14d5f20e9a6e","2021-04-30 13:06:50.861"
"AG","15.140","3","15.150","30","-21","15.15","79a3d0c5-c344-4647-8546-0e35eca7d96d","2021-04-30 13:06:50.861"
"AG","15.130","24","15.150","28","-21","15.15","721f2e51-38ba-4daf-85d4-f999719e6eab","2021-04-30 13:06:50.861"
"AG","15.130","24","15.150","28","-21","15.15","285a02db-5bf9-4d0b-9a9f-74c235774fe6","2021-04-30 13:06:50.861"
"AG","15.140","8","15.150","25","-21","15.15","f41d7047-6dab-4cc0-900c-11ea6607bb6a","2021-04-30 13:06:50.861"
"AG","15.140","2","15.150","25","-21","15.15","dede8dea-5a06-468d-9683-ae34de8ba67c","2021-04-30 13:07:39.099"
"AG","15.150","3","15.160","36","21","15.14","913fa1f3-ae14-49c8-a629-187850632867","2021-04-30 13:53:07.192"
"AG","15.150","8","15.160","24","21","15.14","cb5a2bb6-7c4d-4e5f-bdd1-3f4fb030d525","2021-04-30 13:53:07.192"
"AG","15.150","8","15.160","22","21","15.14","48fdeb1c-5a9a-4a22-aa4c-7e9288942b1d","2021-04-30 13:53:07.192"
"AG","15.140","10","15.150","12","-21","15.15","80b70f17-b908-479a-8c40-ebc77bd98d52","2021-04-30 13:54:19.379"
"AG","15.140","10","15.150","12","-21","15.15","73f1cbaa-7450-4ffb-b605-e682b25e2d48","2021-04-30 13:54:19.379"
"AG","15.140","20","15.150","11","-21","15.15","016a5c33-0147-4910-b890-4fea75ba07e5","2021-04-30 13:54:19.379"
"AG","15.150","4","15.160","45","21","15.14","c00226da-37b1-423b-995b-9e59d01ad69f","2021-04-30 13:55:18.494"
"AG","15.130","7","15.140","10","-21","15.14","54c7deaf-4ff5-4fa6-a2fd-4e7c56bc6ff7","2021-04-30 13:57:27.412"
"AG","15.140","4","15.150","30","21","15.13","1a4bd40a-4689-4843-8325-e97b02cac003","2021-04-30 13:57:45.741"
"AG","15.140","3","15.150","30","21","15.13","a97e19aa-26b1-4b9d-9c51-12f70f9c1bc6","2021-04-30 13:57:45.741"
"AG","15.140","11","15.150","18","21","15.13","92eec236-8a10-4c7d-a1b0-6648e8cf615e","2021-04-30 13:57:45.741"
"AG","15.140","11","15.150","18","21","15.13","bb1f8208-8e13-40ee-9739-e59e20a95b65","2021-04-30 13:57:45.741"
"AG","15.150","8","15.160","21","21","15.13","b1ec5b7d-8f57-4244-99fb-62323023f7f4","2021-04-30 13:57:45.741"
"AG","15.150","3","15.160","31","21","15.13","d50ddb9d-b6f6-4f51-b696-be0d680bb35d","2021-04-30 13:57:45.741"
"AG","15.130","6","15.140","13","-21","15.14","8780518d-b331-4526-80b4-e5b5b5f8f616","2021-04-30 13:58:20.626"
"AG","15.130","6","15.140","13","-21","15.14","c68023df-8db2-4d80-9a62-1078adef4b74","2021-04-30 13:58:20.626"
"AG","15.130","6","15.140","13","-21","15.14","db1137cf-9327-43d9-8dd9-e83b72e38514","2021-04-30 13:58:20.626"
"AG","15.130","6","15.140","13","-21","15.14","f490a595-b168-45b6-b37a-c75ad08a2558","2021-04-30 13:58:20.626"
"AG","15.130","6","15.140","13","-21","15.14","02e9e3af-cdc9-4afb-bb47-38b1bc72946e","2021-04-30 13:58:20.626"
"AG","15.130","19","15.140","1","-21","15.14","85d518cd-981e-4925-ac32-a71eb26ab2c8","2021-04-30 13:58:30.445"
"AG","15.150","1","15.160","22","21","15.14","a5468e13-d4c8-4206-8069-a9de3a8968eb","2021-04-30 14:04:30.024"
"AG","15.150","13","15.160","20","-21","15.16","d0191d6e-7e25-4e62-97ac-b7f83f38c65a","2021-04-30 14:17:17.572"
"AG","15.140","27","15.150","28","21","15.13","127a99e4-732b-4bdc-adc2-1886c4fa94cc","2021-04-30 14:20:12.789"
"AG","15.140","27","15.150","18","21","15.13","23172776-f0a0-42e9-bf6c-2994cc8720d9","2021-04-30 14:20:12.789"
"AG","15.140","33","15.150","19","21","15.13","da824887-dd2c-4b81-9c2a-f9977b8d71c1","2021-04-30 14:20:12.789"
"AG","15.130","24","15.140","26","-21","15.14","70fd8306-270e-4b5e-a5d4-f49843febcf0","2021-04-30 14:21:32.438"
"AG","15.140","27","15.150","29","-21","15.15","b8934d59-a91f-49c8-aba0-7837915b59af","2021-04-30 14:22:11.568"
"AG","15.140","27","15.150","29","-21","15.15","a0d51a69-a683-45c5-8349-8d9767bf98fd","2021-04-30 14:22:11.568"
"AG","15.150","13","15.160","9","21","15.14","d2d81e6d-83dc-41f4-8d74-2178d6e5cbf0","2021-04-30 14:26:54.543"
"AG","15.150","13","15.160","7","21","15.14","f247db2a-e5ce-46db-b520-548f61200820","2021-04-30 14:26:54.543"
"AG","15.150","13","15.160","7","21","15.14","cf28ac3d-ac4f-4de2-95ec-2572979e8dc1","2021-04-30 14:26:54.543"
"AG","15.150","12","15.160","10","21","15.14","9eded988-9871-48b4-886c-565859352d1f","2021-04-30 14:26:54.543"
"AG","15.150","10","15.160","21","21","15.14","355e1471-4b27-48e5-a5b7-aa793fe71537","2021-04-30 14:26:54.543"
"AG","15.150","9","15.160","20","21","15.14","35470305-f954-4e38-8835-e9a341124494","2021-04-30 14:26:54.543"
"AG","15.140","29","15.150","8","21","15.14","63de67ce-a852-43c3-ace8-183ced68a462","2021-04-30 14:26:54.543"
"AG","15.150","7","15.160","21","-21","15.16","750592db-eea5-4db4-a6e3-f65636b44137","2021-04-30 14:29:25.205"
"AG","15.150","7","15.160","21","-21","15.16","83b09726-71c4-4f74-85c5-60184f288952","2021-04-30 14:29:25.205"
"AG","15.150","7","15.160","21","-21","15.16","ffff96d6-faae-4e80-898a-ab9bb8509af1","2021-04-30 14:29:25.205"
"AG","15.150","11","15.160","11","-21","15.16","43b00524-c427-4d22-8e56-1b0aea7ffef9","2021-04-30 14:29:48.156"
"AG","15.130","15","15.140","6","-21","15.14","ff0897c3-a067-441f-b905-35c1cca9cd1a","2021-04-30 14:31:29.422"
"AG","15.130","15","15.140","6","-21","15.14","8799c79d-7346-44f8-9de3-eaa3e0113021","2021-04-30 14:31:29.422"
"AG","15.150","11","15.160","227","21","15.09","988d99d0-6be4-4943-a4aa-1da57849a5b6","2021-04-30 14:37:21.521"
"AG","15.140","25","15.150","12","21","15.09","2225cf20-6f04-4005-829c-78b89f056e0b","2021-04-30 14:37:21.521"
"AG","15.140","14","15.150","11","21","15.09","6994c3ec-c979-46c5-a199-c6ce279da297","2021-04-30 14:37:21.521"
"AG","15.130","21","15.140","9","21","15.09","00a7edb9-4ca0-4e1c-88e2-b7360da8ebba","2021-04-30 14:37:21.521"
"AG","15.130","31","15.140","10","21","15.09","97b1fa1c-0ee8-4840-8cbe-7aff932eb96a","2021-04-30 14:37:21.521"
"AG","15.140","10","15.150","30","21","15.09","217666b3-cd39-48a2-8a13-02209a6e92c1","2021-04-30 14:37:21.521"
"AG","15.130","28","15.140","21","21","15.09","2a21169d-6219-4639-8668-e94fe8aa3a4e","2021-04-30 14:37:21.521"
"AG","15.130","14","15.140","10","21","15.09","54fb48bc-62cc-4c53-9851-0007515d7424","2021-04-30 14:37:21.521"
"AG","15.120","15","15.130","18","21","15.09","dffc1bd5-8c93-4c5c-934d-a7ef7223fdda","2021-04-30 14:37:21.521"
"AG","15.120","23","15.130","9","21","15.09","fd6187d0-333c-4605-8651-39ba4aedde23","2021-04-30 14:37:21.521"
"AG","15.130","16","15.140","7","21","15.09","7d637693-37d8-4b53-b542-1180dcf997e9","2021-04-30 14:37:21.521"
"AG","15.100","9","15.110","18","-21","15.11","5ff588fc-b956-40d0-b40f-3d46abd315d3","2021-04-30 14:44:03.280"
"AG","15.100","9","15.110","18","-21","15.11","74b4223c-0c56-4a0b-94f5-b2d2182a629f","2021-04-30 14:44:03.280"
"AG","15.100","9","15.110","18","-21","15.11","fb367ca7-e0f5-4f65-95bf-0f4b15a7b22c","2021-04-30 14:44:03.280"
"AG","15.100","9","15.110","18","-21","15.11","13280aee-6b35-437e-b874-027664cb63ef","2021-04-30 14:44:03.280"
"AG","15.100","9","15.110","18","-21","15.11","b6eaa906-1daa-462a-803d-7a85bdb195a4","2021-04-30 14:44:03.280"
"AG","15.100","9","15.110","18","-21","15.11","ca9b9209-4130-4ea0-ab13-1ef48edde137","2021-04-30 14:44:03.280"
"AG","15.090","24","15.100","11","-21","15.10","38d6383c-6231-46f1-98b2-416b29527a82","2021-04-30 14:44:12.120"
"AG","15.090","24","15.100","11","-21","15.10","e7d6c5bb-020b-4828-a084-6ce11fc0f5db","2021-04-30 14:44:12.120"
"AG","15.090","24","15.100","11","-21","15.10","f8d9390e-e80f-4557-bff0-cd369657be0d","2021-04-30 14:44:12.120"
"AG","15.090","18","15.100","10","-21","15.10","421bc459-f89b-4d02-8d29-b60db0342575","2021-04-30 14:44:27.463"
"AG","15.090","18","15.100","10","-21","15.10","9dfb6f6b-94b2-4e5c-9bf9-4732c5a83d83","2021-04-30 14:44:27.463"
"AG","15.090","10","15.100","14","-21","15.10","425b36c8-17ec-4c4b-97a5-d6967a0db726","2021-04-30 14:44:37.067"
"ABB","32.820","11","32.830","49","10","32.77","a85a388b-789f-4084-9b06-0980c584bf91","2021-04-30 10:06:21.813"
"ABB","32.820","11","32.830","49","10","32.77","417857f7-34c8-4e40-b60d-4f0f6df7ff12","2021-04-30 10:06:21.813"
"ABB","32.820","11","32.830","49","10","32.77","3fba4494-a3e2-4df7-8b1b-5a9d93aaf708","2021-04-30 10:06:21.813"
"ABB","32.840","12","32.850","11","10","32.76","10f73600-5b80-4645-813c-8139e0de1b61","2021-04-30 10:06:28.073"
"ABB","32.840","13","32.850","30","10","32.76","e2b7d55d-58a9-4b38-ae35-6c4a404248c7","2021-04-30 10:06:28.073"
"ABB","32.830","10","32.840","10","10","32.76","f89b30e5-0ec0-43d7-93fe-c4265709cca4","2021-04-30 10:06:28.073"
"ABB","32.750","4","32.760","16","-10","32.76","6f07180f-6565-4f81-9639-c9d7eab2dcc3","2021-04-30 10:09:13.738"
"ABB","32.750","4","32.760","16","-10","32.76","e1906572-495c-4e53-ad0c-7ec348ffc176","2021-04-30 10:09:13.738"
"ABB","32.750","4","32.760","16","-10","32.76","7b3621eb-52a0-43e1-b872-6c52dcaa41b0","2021-04-30 10:09:13.738"
"ABB","32.750","4","32.760","16","-10","32.76","300e1229-2a65-40d8-a383-de659d07d403","2021-04-30 10:09:13.738"
"ABB","32.750","4","32.760","16","-10","32.76","f1602730-1a04-4da1-836a-1e8cfb59369b","2021-04-30 10:09:13.738"
"ABB","32.750","4","32.760","16","-10","32.76","e60443b9-41e3-4e70-83fb-f2b26c335385","2021-04-30 10:09:13.738"
"ABB","32.840","12","32.850","11","10","32.75","bd16de05-0269-4954-aa6a-8d64aba1fc49","2021-04-30 10:13:11.908"
"ABB","32.790","18","32.800","56","10","32.74","507b56ff-56dd-4286-b5de-c29cb57d30f4","2021-04-30 10:13:11.910"
"ABB","32.790","18","32.800","56","10","32.74","739fd9e4-a4ed-4955-a1dd-2300ac522566","2021-04-30 10:13:11.910"
"ABB","32.730","13","32.740","22","-10","32.74","4abd3eda-c6c1-4b5c-b430-2aaff1e702c8","2021-04-30 10:17:09.846"
"ABB","32.730","13","32.740","22","-10","32.74","67ec4a7f-927d-41db-a844-c6b1e95a6770","2021-04-30 10:17:09.846"
"ABB","32.730","13","32.740","22","-10","32.74","f00712fd-8fea-4689-8aa3-f20f5c10d1d0","2021-04-30 10:17:09.846"
"ABB","32.760","10","32.770","15","10","32.76","4cbe6968-12eb-458b-82db-116cf76476fe","2021-04-30 10:26:17.900"
"ABB","32.770","16","32.780","12","-10","32.78","d243a502-728e-447e-8c03-bb18e3bfcd45","2021-04-30 10:26:46.384"
"ABB","32.770","12","32.780","18","10","32.76","99315901-d0cb-4f38-8952-47fce0f0cc71","2021-04-30 10:27:07.964"
"ABB","32.760","15","32.770","19","10","32.76","cc071658-04e9-4a0b-b471-f291eeee2449","2021-04-30 10:27:07.964"
"ABB","32.780","15","32.790","40","-10","32.79","c6a0ccb2-fdfa-4352-abab-d9398eeea9fc","2021-04-30 10:28:29.462"
"ABB","32.790","31","32.800","20","-10","32.80","74535b5e-b9e2-4ee2-aaf2-aa9bd952fcbc","2021-04-30 10:28:30.965"
"ABB","32.800","17","32.810","26","10","32.74","230208aa-4ea3-411d-b12b-fc4cbd3ade29","2021-04-30 10:37:54.344"
"ABB","32.790","18","32.800","53","10","32.74","8c2f3805-b5c3-4e00-be6e-a906bd9be029","2021-04-30 10:37:54.344"
"ABB","32.740","14","32.750","22","-10","32.75","19a2a3d1-d177-4e36-bf0e-051142d60a14","2021-04-30 10:38:27.909"
"ABB","32.740","21","32.750","24","-10","32.75","f1c25c13-c834-493e-85b8-ad067adfdc89","2021-04-30 10:38:40.098"
"ABB","32.750","17","32.760","27","10","32.74","19b94474-ce15-4fe6-8bc6-dacfd5b6dd28","2021-04-30 10:43:19.566"
"ABB","32.760","14","32.770","26","10","32.74","8092a1b8-d40a-4ab1-a6d8-4bcc38a01d92","2021-04-30 10:43:19.566"
"ABB","32.740","18","32.750","24","-10","32.75","93b907cf-b7e4-4de8-915b-809904a7c56e","2021-04-30 10:44:20.941"
"ABB","32.750","13","32.760","22","-10","32.76","b8ac5e18-ff40-49da-82a9-d67da348e75b","2021-04-30 10:44:47.768"
"ABB","32.790","26","32.800","59","10","32.73","dc6406bb-1e2c-4bc9-80b4-7398c63edc11","2021-04-30 10:49:32.001"
"ABB","32.790","23","32.800","49","10","32.73","3186c672-1f93-4556-96c9-a6ab22d818c7","2021-04-30 10:49:32.001"
"ABB","32.790","9","32.800","55","10","32.73","3fef5e63-f5e3-46eb-8d19-d1a45239741b","2021-04-30 10:49:32.001"
"ABB","32.790","9","32.800","72","10","32.73","4afa65a8-3f71-4b65-9293-ba550dbca708","2021-04-30 10:49:32.001"
"ABB","32.790","18","32.800","53","10","32.73","3d56799d-d3f3-493b-9510-0d65fb790795","2021-04-30 10:49:32.001"
"ABB","32.790","24","32.800","1","10","32.73","7c3a3721-550b-49f5-a99a-ec0045dacd08","2021-04-30 10:49:32.001"
"ABB","32.760","23","32.770","9","10","32.73","545e8138-00eb-4171-9a81-ccf838667014","2021-04-30 10:49:32.001"
"ABB","32.760","18","32.770","29","10","32.73","c5dce5ab-0077-45ad-9bdc-0ad436710a69","2021-04-30 10:49:32.001"
"ABB","32.750","12","32.760","87","10","32.73","8387b5cf-1d4f-4b27-965f-08ce9517c26d","2021-04-30 10:49:32.001"
"ABB","32.750","33","32.760","38","10","32.73","e9306d50-6537-4545-8ec0-ef9cb78d0005","2021-04-30 10:49:32.001"
"ABB","32.750","17","32.760","28","10","32.73","0bcc9aec-ec7b-489b-8430-94de5e6f4299","2021-04-30 10:49:32.001"
"ABB","32.790","13","32.800","72","10","32.72","d6520c49-e6f2-40c9-ac75-a67bc20ae170","2021-04-30 10:50:33.007"
"ABB","32.800","12","32.810","12","10","32.72","9889271a-b2c8-4155-987f-008bb80883f8","2021-04-30 10:50:33.007"
"ABB","32.800","13","32.810","13","10","32.72","a93978c4-6692-494b-801d-365a63bc3901","2021-04-30 10:50:33.007"
"ABB","32.790","12","32.800","11","10","32.72","bad13f5e-0b19-409e-a545-fd557246f481","2021-04-30 10:50:33.007"
"ABB","32.790","16","32.800","10","10","32.72","a0460902-3ad8-45b0-9695-2cf2c70044a0","2021-04-30 10:50:33.007"
"ABB","32.710","20","32.720","9","-10","32.72","8c3e31e8-bbed-4c3c-8640-34af2d90dac7","2021-04-30 10:50:42.366"
"ABB","32.710","11","32.720","40","-10","32.72","e3430e19-ba10-4ddf-9b46-120993f22d02","2021-04-30 10:52:00.615"
"ABB","32.710","11","32.720","40","-10","32.72","1702df6f-8a20-4ed9-ad3a-f1b4ca5130e0","2021-04-30 10:52:00.615"
"ABB","32.710","11","32.720","40","-10","32.72","ea389cca-6760-49ba-832c-b43f8e14aaf3","2021-04-30 10:52:00.615"
"ABB","32.710","11","32.720","40","-10","32.72","ecbf9b70-a72f-4d7a-8bb5-a87b1256e13e","2021-04-30 10:52:00.615"
"ABB","32.710","11","32.720","40","-10","32.72","9a231365-653f-4d9f-99c9-b447717da6ab","2021-04-30 10:52:00.615"
"ABB","32.710","11","32.720","40","-10","32.72","609cbd23-aa3d-48b8-b186-6af2fbbe37aa","2021-04-30 10:52:00.615"
"ABB","32.710","11","32.720","40","-10","32.72","faa5d968-026c-400f-a27e-e9c4c4c54253","2021-04-30 10:52:00.615"
"ABB","32.720","16","32.730","24","-10","32.73","245138a3-7ca7-40d4-bad1-d9cd19ec0101","2021-04-30 10:52:11.701"
"ABB","32.720","16","32.730","24","-10","32.73","966efae6-1c50-4980-aa52-b5a3c56f9408","2021-04-30 10:52:11.701"
"ABB","32.720","16","32.730","24","-10","32.73","37492750-9768-4eb5-a36c-4e3e32ddd6a2","2021-04-30 10:52:11.701"
"ABB","32.720","16","32.730","24","-10","32.73","a57b2901-7c89-495c-9a86-1115458b11ca","2021-04-30 10:52:11.701"
"ABB","32.670","20","32.680","5","-10","32.68","c1f3b2c5-70dc-4194-8a2f-b3fac264ff6f","2021-04-30 10:56:40.969"
"ABB","32.670","20","32.680","5","-10","32.68","b7e580fb-3589-4a0b-ad98-78c8e93e6836","2021-04-30 10:56:40.969"
"ABB","32.680","7","32.690","29","-10","32.69","26d3490e-818b-4acd-826a-5417a2e1f06a","2021-04-30 10:57:13.543"
"ABB","32.680","1","32.690","49","-10","32.69","25f61248-c489-4e4d-8d11-d13746597cc0","2021-04-30 10:57:13.543"
"ABB","32.550","11","32.560","20","10","32.56","51410f4c-9a47-4a5e-96cb-2bf5a9d25682","2021-04-30 11:39:10.006"
"ABB","32.540","4","32.550","17","-10","32.55","52f71085-475f-488e-bd00-721c56d1bf26","2021-04-30 11:41:44.585"
"ABB","32.590","4","32.600","18","10","32.58","bb75f772-9c69-409a-9fec-030bbb1b2b5e","2021-04-30 12:13:38.228"
"ABB","32.590","10","32.600","7","10","32.58","45fd3376-c242-40d0-97f6-d6577a507816","2021-04-30 12:13:38.228"
"ABB","32.570","4","32.580","19","-10","32.58","9a2e40cf-3254-470f-aea1-c54ca2dc5009","2021-04-30 12:19:41.375"
"ABB","32.570","15","32.580","10","-10","32.58","847b6753-a1d5-426e-82dc-7a66e5735d9a","2021-04-30 12:19:41.375"
"ABB","32.580","9","32.590","12","10","32.56","87e4f378-cf83-4414-bbb1-8468da8097d6","2021-04-30 12:25:30.814"
"ABB","32.580","9","32.590","12","10","32.56","1b286b77-b4ee-415f-8b2e-d6fe0cff39c5","2021-04-30 12:25:30.814"
"ABB","32.580","9","32.590","12","10","32.56","5bdfdd0b-3e63-43b7-af38-7ad305144a46","2021-04-30 12:25:30.814"
"ABB","32.580","15","32.590","11","10","32.56","d4ca77fc-6fd7-4f98-8779-0c3b19c367e6","2021-04-30 12:25:30.814"
"ABB","32.580","12","32.590","11","10","32.55","a581a248-d15d-4daa-97ef-ca27ca3bff12","2021-04-30 12:25:40.808"
"ABB","32.580","9","32.590","12","10","32.55","ac5bfc8b-1bf5-4e7c-92d3-c43427b3e3bc","2021-04-30 12:25:40.808"
"ABB","32.580","9","32.590","12","10","32.55","4438e04f-dcd3-40ee-87e1-f9a4937d5b6a","2021-04-30 12:25:40.808"
"ABB","32.590","13","32.600","9","10","32.54","1b450a09-9d6c-4a06-bc24-ae97040e5c37","2021-04-30 12:27:15.131"
"ABB","32.590","12","32.600","11","10","32.54","9fe71e01-ee9a-4321-9d90-ae0463b3637c","2021-04-30 12:27:15.131"
"ABB","32.590","12","32.600","11","10","32.54","b94c84ad-d28e-488c-80b2-2a240e9d5013","2021-04-30 12:27:15.131"
"ABB","32.590","12","32.600","6","10","32.54","1595e116-d0ec-440a-ae15-b1cf763e637b","2021-04-30 12:27:15.131"
"ABB","32.590","12","32.600","11","10","32.54","67182183-1702-433f-8e5e-c3c39cdc99e0","2021-04-30 12:27:15.131"
"ABB","32.590","12","32.600","11","10","32.54","f93d866e-d21e-49c0-affa-897858beba99","2021-04-30 12:27:15.131"
"ABB","32.590","13","32.600","8","10","32.54","6130eb7b-e9f3-4223-8376-e94a41fa116e","2021-04-30 12:27:15.131"
"ABB","32.590","10","32.600","11","10","32.54","0f37083e-3e9c-424e-afeb-c9cbb05eb3ea","2021-04-30 12:27:15.131"
"ABB","32.590","17","32.600","5","10","32.54","b5b7768c-90f9-4e36-a29e-904bc07dc7c1","2021-04-30 12:27:15.131"
"ABB","32.590","17","32.600","5","10","32.54","f146aeea-0626-4738-9c66-7289f6db9eff","2021-04-30 12:27:15.131"
"ABB","32.530","12","32.540","14","-10","32.54","73ff80b9-f4ce-46c3-b337-e17fccbbdd4a","2021-04-30 12:33:22.324"
"ABB","32.530","12","32.540","14","-10","32.54","f141a228-ed85-4543-87d0-7f15ca2253c4","2021-04-30 12:33:22.324"
"ABB","32.530","12","32.540","14","-10","32.54","5e8535c3-1e79-40a0-8ad7-982663977f7a","2021-04-30 12:33:22.324"
"ABB","32.530","12","32.540","14","-10","32.54","e02b76bc-7838-42d6-a8bb-b13f32273312","2021-04-30 12:33:22.324"
"ABB","32.530","12","32.540","14","-10","32.54","12404bed-c273-45ec-a717-f42dafb1df31","2021-04-30 12:33:22.324"
"ABB","32.530","12","32.540","14","-10","32.54","8029cd1d-85c3-4d3c-ba34-940b563665c9","2021-04-30 12:33:22.324"
"ABB","32.530","12","32.540","14","-10","32.54","c1a48b79-6d31-44c0-8a09-9e9c3975d2b5","2021-04-30 12:33:22.324"
"ABB","32.530","12","32.540","14","-10","32.54","66fd8633-3f4e-4cb0-9267-29d8c9ea8efa","2021-04-30 12:33:22.324"
"ABB","32.560","8","32.570","12","10","32.52","1c09a896-723b-494b-911d-31c0d2497f93","2021-04-30 12:39:30.479"
"ABB","32.560","15","32.570","9","10","32.52","f2ee2224-a5aa-4c15-96c7-2b0cd09b1c60","2021-04-30 12:39:30.479"
"ABB","32.560","9","32.570","8","10","32.52","a9999542-efdc-4801-8000-de010fa1e324","2021-04-30 12:39:30.479"
"ABB","32.560","9","32.570","8","10","32.52","2d2531df-f7b3-4444-bf2e-06e2bb5fc990","2021-04-30 12:39:30.479"
"ABB","32.560","10","32.570","8","10","32.52","f014c120-70b0-48c4-b2fd-151fafad2c00","2021-04-30 12:39:30.479"
"ABB","32.580","7","32.590","12","10","32.51","2d4f3a18-df5f-4601-a4bd-2d88ce82a5e5","2021-04-30 12:41:03.018"
"ABB","32.580","7","32.590","12","10","32.51","f476ec28-6ba2-4d87-9932-4b2f423c6477","2021-04-30 12:41:03.018"
"ABB","32.580","7","32.590","12","10","32.51","ecd47cdc-a1cb-4749-8281-44e1aa384b1f","2021-04-30 12:41:03.018"
"ABB","32.580","7","32.590","12","10","32.51","f7f28fe1-c113-4567-a312-960927b725ed","2021-04-30 12:41:03.018"
"ABB","32.580","20","32.590","4","10","32.51","a51beeba-3fd9-47a7-bc31-0cc074b61fe8","2021-04-30 12:41:03.018"
"ABB","32.580","21","32.590","1","10","32.51","f38ace3d-db6e-4ea3-8d2d-910f4ca9eb87","2021-04-30 12:41:03.018"
"ABB","32.530","10","32.530","2","-10","32.53","fef20a14-5013-4919-b8d3-554ae64ad5c9","2021-04-30 12:43:20.006"
"ABB","32.530","10","32.530","2","-10","32.53","e81f082f-dd15-4147-bcef-b477b762d208","2021-04-30 12:43:20.006"
"ABB","32.530","10","32.530","2","-10","32.53","34a2ebac-b914-4381-9ffe-9409551eacdc","2021-04-30 12:43:20.006"
"ABB","32.530","10","32.530","2","-10","32.53","834993ca-fe84-43f4-8114-bc9a48aaacc7","2021-04-30 12:43:20.006"
"ABB","32.530","10","32.530","2","-10","32.53","cca3d173-c14b-4cad-bae2-07800fba365e","2021-04-30 12:43:20.006"
"ABB","32.530","10","32.530","2","-10","32.53","40734913-c2ce-4af8-9503-3b8bb3e87872","2021-04-30 12:43:20.006"
"ABB","32.530","10","32.530","2","-10","32.53","1749413d-2076-4e40-850d-3f7502a02f86","2021-04-30 12:43:20.006"
"ABB","32.530","10","32.530","2","-10","32.53","ae68a6a1-5270-4435-8a04-c185b0ca1298","2021-04-30 12:43:20.006"
"ABB","32.530","10","32.530","2","-10","32.53","992d7c42-ee4b-4357-a9e3-31aa42764207","2021-04-30 12:43:20.006"
"ABB","32.530","10","32.530","2","-10","32.53","8219997b-9531-4bee-8841-e68d718f4813","2021-04-30 12:43:20.006"
"ABB","32.530","6","32.540","8","-10","32.54","24dc8c3a-c029-4fd3-8402-0f1179c9b7cf","2021-04-30 12:45:16.410"
"ABB","32.530","6","32.540","8","-10","32.54","ac4b17b2-b123-4405-94c7-230464c57277","2021-04-30 12:45:16.410"
"ABB","32.530","6","32.540","8","-10","32.54","fc72ee09-79f5-4df3-9e89-2c3d1a00f6bd","2021-04-30 12:45:16.410"
"ABB","32.530","6","32.540","8","-10","32.54","ba33a5ea-fc85-448c-afab-a7dffdc38ca7","2021-04-30 12:45:16.410"
"ABB","32.520","5","32.530","28","-10","32.53","9d35dd68-a6ee-43b9-9083-46f94eaeaae8","2021-04-30 12:55:02.167"
"ABB","32.520","5","32.530","28","-10","32.53","6937fc58-7ff4-49bb-9f87-74347abe2f8a","2021-04-30 12:55:02.167"
"ABB","32.500","16","32.510","10","-10","32.51","4d30ebdb-98a6-4623-9b27-50e354a85ad5","2021-04-30 12:56:46.763"
"ABB","32.500","16","32.510","10","-10","32.51","0e24361a-3017-47d5-a5f9-770bb8470d2e","2021-04-30 12:56:46.763"
"ABB","32.500","16","32.510","10","-10","32.51","aa4bf7be-077c-4a44-a294-81aee1d913f7","2021-04-30 12:56:46.763"
"ABB","32.500","14","32.510","15","-10","32.51","2946a046-9b58-45a4-b939-bcc773c46fcb","2021-04-30 12:56:46.763"
"ABB","32.550","8","32.560","9","10","32.53","74e4b74c-a804-47d3-b8d0-e7dddc623730","2021-04-30 13:39:46.788"
"ABB","32.550","6","32.560","9","10","32.53","eb6913f7-0777-4b08-9a30-828c81b3e8f9","2021-04-30 13:39:46.788"
"ABB","32.550","11","32.560","8","10","32.53","3cde5c7f-a308-45a8-9e91-059012f5e2a1","2021-04-30 13:39:46.788"
"ABB","32.550","11","32.560","8","10","32.53","d7f93819-0008-4d06-ab30-7165fe44b9fc","2021-04-30 13:39:46.788"
"ABB","32.550","15","32.560","6","10","32.53","98bfec7a-adc8-4b7b-bed0-e7841afc40e9","2021-04-30 13:39:46.788"
"ABB","32.550","15","32.560","4","10","32.53","5a1d1e46-2eeb-4554-9ce6-7e8dc7720a7c","2021-04-30 13:39:46.788"
"ABB","32.550","15","32.560","4","10","32.53","c41564c1-596e-49bf-b158-6078a90b509a","2021-04-30 13:39:46.788"
"ABB","32.550","12","32.560","9","10","32.53","506efafd-3458-43f4-9f12-971644eb6512","2021-04-30 13:39:46.788"
"ABB","32.550","12","32.560","9","10","32.53","c389cdf3-7b10-42a3-8bc7-d304203e8170","2021-04-30 13:39:46.788"
"ABB","32.550","12","32.560","14","10","32.53","9da77b9f-c1de-472f-a85b-465c8bca7b7e","2021-04-30 13:39:46.788"
"ABB","32.560","18","32.570","7","10","32.53","0906709f-9b36-4be7-a6b2-567dd727a24d","2021-04-30 13:39:46.788"
"ABB","32.540","10","32.550","6","10","32.53","3cd16b75-ce94-4c90-b874-91cc24e00d4b","2021-04-30 13:39:46.788"
"ABB","32.540","13","32.550","7","10","32.53","b1fe3ece-7d2f-4b2e-8115-a2e407c9086f","2021-04-30 13:39:46.788"
"ABB","32.540","13","32.550","7","10","32.53","dd46dc6a-55fe-43f5-8903-735c03f80464","2021-04-30 13:39:46.788"
"ABB","32.540","13","32.550","7","10","32.53","e309994f-bf51-4ab5-a2e6-a70a3602eb62","2021-04-30 13:39:46.788"
"ABB","32.540","10","32.550","22","10","32.53","efced9f6-1ac6-438e-addc-3fd09e67c7a0","2021-04-30 13:39:46.788"
"ABB","32.540","10","32.550","22","10","32.53","0395b60f-a18e-4273-aec8-f6c7c3fca8c1","2021-04-30 13:39:46.788"
"ABB","32.540","10","32.550","22","10","32.53","4072e9e4-1152-413d-a73e-a116777f7e4f","2021-04-30 13:39:46.788"
"ABB","32.530","7","32.540","15","-10","32.54","6c72e025-caee-4557-be8e-6d51004468db","2021-04-30 13:41:45.181"
"ABB","32.530","7","32.540","15","-10","32.54","f55272dd-4d4c-4698-baea-df9e8fdb5635","2021-04-30 13:41:45.181"
"ABB","32.530","7","32.540","15","-10","32.54","54699b4e-f0f6-45aa-9c7e-712e70b48ac1","2021-04-30 13:41:45.181"
"ABB","32.530","7","32.540","15","-10","32.54","47735344-ee18-4f03-8d10-38ea9ce42bb2","2021-04-30 13:41:45.181"
"ABB","32.530","7","32.540","15","-10","32.54","14dbd0e4-68f1-4e6f-9c9e-e7880dc12839","2021-04-30 13:41:45.181"
"ABB","32.530","7","32.540","15","-10","32.54","aa3eb91b-9945-4f2c-bb4c-263b4f16bf38","2021-04-30 13:41:45.181"
"ABB","32.530","7","32.540","15","-10","32.54","1c0cec2a-63ac-40e9-9757-b38e3de310a8","2021-04-30 13:41:45.181"
"ABB","32.530","7","32.540","15","-10","32.54","c6042e96-8e08-43da-9869-1872b089d3aa","2021-04-30 13:41:45.181"
"ABB","32.530","7","32.540","15","-10","32.54","e53006af-74da-41f9-bf62-936ba36af5d3","2021-04-30 13:41:45.181"
"ABB","32.530","7","32.540","15","-10","32.54","1868f472-18c5-466a-92de-02d8095a67e7","2021-04-30 13:41:45.181"
"ABB","32.530","7","32.540","15","-10","32.54","83f0de12-cb87-4c83-b4fb-ad10a385bfeb","2021-04-30 13:41:45.181"
"ABB","32.530","7","32.540","15","-10","32.54","1ef05d5f-af3c-4a0b-b425-69c52adde495","2021-04-30 13:41:45.181"
"ABB","32.530","7","32.540","15","-10","32.54","89738041-6389-4665-b4e3-e44748592d72","2021-04-30 13:41:45.181"
"ABB","32.530","7","32.540","15","-10","32.54","6cff7b08-8946-420b-b63b-b30bfeed50b2","2021-04-30 13:41:45.181"
"ABB","32.530","10","32.540","9","-10","32.54","2b04752d-1316-4f99-979d-6b9c2fae60dc","2021-04-30 13:41:45.181"
"ABB","32.530","10","32.540","9","-10","32.54","e85fea58-daeb-498c-a404-c30971201bd6","2021-04-30 13:41:45.181"
"ABB","32.540","14","32.550","14","10","32.52","d9ad0325-c3e1-439f-a52e-55717ccf3dce","2021-04-30 13:45:39.326"
"ABB","32.530","10","32.540","7","10","32.51","bdc58d82-715f-4262-bd6b-66f9c50dc67e","2021-04-30 13:45:50.692"
"ABB","32.540","15","32.550","11","10","32.50","a947f233-4c6b-43a1-b127-7ba48ca7f5b1","2021-04-30 13:47:01.942"
"ABB","32.540","13","32.550","10","10","32.50","06b1b0e7-d07c-4eb1-b578-89ea93bd743a","2021-04-30 13:47:01.942"
"ABB","32.540","13","32.550","10","10","32.50","758136ff-a594-4eec-8b88-4b3ac1d9358d","2021-04-30 13:47:01.942"
"ABB","32.530","14","32.540","4","10","32.50","4d59b362-36c4-44f4-9ebc-95700bf86126","2021-04-30 13:47:01.942"
"ABB","32.540","13","32.550","14","10","32.50","17bba4d1-9246-4eee-aa05-01004aa1488b","2021-04-30 13:47:01.942"
"ABB","32.530","10","32.540","11","10","32.50","0b380cc6-5216-469a-935c-b3ee4f76ff0c","2021-04-30 13:47:01.942"
"ABB","32.530","10","32.540","11","10","32.50","cf414ac6-2285-45af-9fca-7400a7d46945","2021-04-30 13:47:01.942"
"ABB","32.530","5","32.540","13","10","32.50","a369513e-c837-4bd2-a106-6fc5f9fc2dbe","2021-04-30 13:47:01.942"
"ABB","32.530","5","32.540","13","10","32.50","80e6d5f9-e6d0-4687-849f-cba8f63de6ab","2021-04-30 13:47:01.942"
"ABB","32.500","12","32.510","17","-10","32.51","7022a4d3-0367-4c8f-8c69-30f929a7470e","2021-04-30 13:47:23.055"
"ABB","32.500","12","32.510","17","-10","32.51","1d6aa296-eca3-4d18-a800-1ccdf97ced93","2021-04-30 13:47:23.055"
"ABB","32.500","12","32.510","17","-10","32.51","d1623f33-d516-4bdc-8404-2c19b0bea56b","2021-04-30 13:47:23.055"
"ABB","32.500","12","32.510","17","-10","32.51","72b11e8e-55b8-4a21-85e8-c193731d1a92","2021-04-30 13:47:23.055"
"ABB","32.500","12","32.510","17","-10","32.51","2a7c4bf3-84aa-4608-a866-685e303a9839","2021-04-30 13:47:23.055"
"ABB","32.500","12","32.510","17","-10","32.51","abe35ed4-d2a7-4978-97b6-f7d84d9abc5b","2021-04-30 13:47:23.055"
"ABB","32.490","7","32.500","22","-10","32.50","72e60cdc-5625-4eb6-8077-f17a073c07b2","2021-04-30 13:48:38.111"
"ABB","32.490","16","32.500","2","-10","32.50","eff8ccd5-e204-4a19-a2ce-9a62e16f2fa6","2021-04-30 13:48:40.426"
"ABB","32.490","16","32.500","2","-10","32.50","5b72ba1a-7059-40d5-b689-dea34510636b","2021-04-30 13:48:40.426"
"ABB","32.490","16","32.500","2","-10","32.50","ae7097eb-3cf7-4791-bd42-a715189406a6","2021-04-30 13:48:40.426"
"ABB","32.490","16","32.500","7","-10","32.50","430cd4f7-26ef-46e2-bcb3-2bac8ba1e492","2021-04-30 13:49:19.092"
"ABB","32.460","14","32.470","4","-10","32.47","38583e6c-be4c-4a0b-b521-e6e1aa0ed1b7","2021-04-30 13:54:14.407"
"ABB","32.460","14","32.470","4","-10","32.47","57b2c095-a441-45ec-84d0-8d38c3f880aa","2021-04-30 13:54:14.407"
"ABB","32.520","13","32.530","12","10","32.50","8bba5c47-c01c-4635-a604-b315a1843fb7","2021-04-30 14:46:30.455"
"ABB","32.510","14","32.520","14","10","32.49","d472f6b6-7f5f-425c-834e-7891947e2ec2","2021-04-30 14:50:12.099"
"ABB","32.520","13","32.530","10","10","32.49","4fc33883-ad12-4f62-951d-6ce147fe2912","2021-04-30 14:50:12.099"
"ABB","32.520","13","32.530","10","10","32.49","3f920028-ad6f-442e-bb24-7e5f0396e94a","2021-04-30 14:50:12.099"
"ABB","32.520","14","32.530","16","10","32.49","55148f1e-6624-4f11-83cc-34bb9bbbfdfc","2021-04-30 14:50:12.099"
"ABB","32.520","14","32.530","16","10","32.49","95c67190-7f2d-4378-8d85-aecb06f537d1","2021-04-30 14:50:12.099"
"ABB","32.520","14","32.530","18","10","32.49","ba124dad-c6b9-4cae-8f05-0cecd3cf4c1f","2021-04-30 14:50:12.099"
"ABB","32.520","13","32.530","12","10","32.49","664bb17f-e1ba-42b4-9658-c1cdaed0bf65","2021-04-30 14:50:12.099"
"ABB","32.520","13","32.530","12","10","32.49","2a1afba0-351f-4d74-8c3d-008a1a6523ac","2021-04-30 14:50:12.099"
"ABB","32.520","13","32.530","11","10","32.49","720c1d26-1d4c-4915-a00b-3bcfaf617b85","2021-04-30 14:50:12.099"
"ABB","32.480","15","32.490","18","-10","32.49","970c5aa0-1653-4b19-9ca4-327594ec8b5c","2021-04-30 14:51:38.686"
"ABB","32.480","15","32.490","18","-10","32.49","08649a7d-6afd-4c26-9cc5-a10ec6fcc3d2","2021-04-30 14:51:38.686"
"ABB","32.480","15","32.490","18","-10","32.49","4506243e-99b9-4dc6-a085-8250f25720f8","2021-04-30 14:51:38.686"
"ABB","32.480","15","32.490","18","-10","32.49","15fae49c-fb01-4cbc-a2b4-3f00b038560f","2021-04-30 14:51:38.686"
"ABB","32.480","15","32.490","18","-10","32.49","64f4ed25-47cc-4a06-bae6-e4a1d02de6eb","2021-04-30 14:51:38.686"
"ABB","32.480","8","32.490","20","-10","32.49","75bcace1-67bd-4a6d-90fa-3f3073d3563a","2021-04-30 14:51:38.686"
"ABB","32.480","8","32.490","20","-10","32.49","f2606405-b769-46e7-bd7a-a4497f5a2430","2021-04-30 14:51:38.686"
"ABB","32.480","8","32.490","20","-10","32.49","850ab61b-756d-4915-bf4a-227449bc4a56","2021-04-30 14:51:38.686"
"ABB","32.480","8","32.490","20","-10","32.49","1b812c06-945f-49c8-ab05-fcefb689ee0f","2021-04-30 14:51:38.686"
"ABB","32.480","8","32.490","22","-10","32.49","0aa41792-5a5a-4923-b391-cec64cd9cc39","2021-04-30 14:51:38.686"
"ABB","32.510","14","32.520","11","10","32.47","51056519-ec9c-4e13-965b-313b7827690e","2021-04-30 14:56:24.306"
"ABB","32.520","13","32.530","15","10","32.47","0902a526-81e8-40c6-a323-0fda2058ed4d","2021-04-30 14:56:24.306"
"ABB","32.520","13","32.530","15","10","32.47","e96b1b23-a8e7-4ee4-be37-c90575c6ff28","2021-04-30 14:56:24.306"
"ABB","32.460","26","32.470","2","10","32.46","f29a3e4d-b6c3-44ce-a9c5-6044ad25388a","2021-04-30 14:59:49.608"
"ABB","32.460","26","32.470","2","10","32.46","8e46e9c8-6368-4826-a02e-7ea2e7d707a8","2021-04-30 14:59:49.608"
"ABB","32.460","26","32.470","2","10","32.46","4b0be6dd-0ee0-4a94-9dec-a5f6ddf351e1","2021-04-30 14:59:49.608"
"ABB","32.460","7","32.470","22","-10","32.47","49e932d0-9c75-429b-a72b-23dbcecf48e4","2021-04-30 15:00:44.596"
"ABB","32.460","7","32.470","22","-10","32.47","4eae1553-4003-4001-aa47-e72f987c0aab","2021-04-30 15:00:44.596"
"ABB","32.460","7","32.470","22","-10","32.47","6465b1ae-b72c-4433-8dc6-d3719439041d","2021-04-30 15:00:44.596"
"ABB","32.460","7","32.470","22","-10","32.47","ad9c00af-58d5-4045-958e-fd3bdeff9770","2021-04-30 15:00:44.596"
"ABB","32.460","7","32.470","22","-10","32.47","4ea5ec67-509f-4ee9-a433-f653ccc4bf95","2021-04-30 15:00:44.596"
"ABB","32.460","16","32.470","7","-10","32.47","bba5047d-3c60-4a05-be4c-652f23842109","2021-04-30 15:00:50.835"
"ABB","32.470","6","32.480","14","10","32.45","cbd6443f-f645-4a66-bc68-005763712fa9","2021-04-30 15:05:32.527"
"ABB","32.480","6","32.490","13","10","32.44","9aff4335-b500-441b-b90b-a7875121b325","2021-04-30 15:08:32.908"
"ABB","32.480","6","32.490","13","10","32.44","a263b125-2b52-4cf5-8af2-6c454f525b65","2021-04-30 15:08:32.908"
"ABB","32.480","6","32.490","13","10","32.44","346d3f0a-05d0-447a-9304-ead2bfd943c9","2021-04-30 15:08:32.908"
"ABB","32.480","6","32.490","13","10","32.44","81ec9b97-8600-4569-a71a-72fc7e501a87","2021-04-30 15:08:32.908"
"ABB","32.480","16","32.490","4","10","32.44","e1281b5c-4da2-4112-b2a0-7915bc85791d","2021-04-30 15:08:32.908"
"ABB","32.480","11","32.490","6","10","32.44","27466166-433f-4b3c-86b6-6b534dc34f08","2021-04-30 15:08:32.908"
"ABB","32.480","13","32.490","11","10","32.44","fbef88a2-280e-4158-a87f-b63c871d8466","2021-04-30 15:08:32.908"
"ABB","32.430","14","32.440","6","-10","32.44","4b7f13e5-a6e6-4c80-931b-ee85af8993dd","2021-04-30 15:09:01.154"
"ABB","32.430","14","32.440","6","-10","32.44","8616363f-7cb1-4482-b8af-c84dd849a91e","2021-04-30 15:09:01.154"
"ABB","32.430","14","32.440","6","-10","32.44","0222f08b-929b-4b41-8a35-1e278a234e90","2021-04-30 15:09:01.154"
"ABB","32.430","14","32.440","6","-10","32.44","a5babe72-0957-4972-98b1-2798245259ea","2021-04-30 15:09:01.154"
"ABB","32.430","17","32.440","6","-10","32.44","d2f58589-13e8-4edf-9682-90a4953ec77c","2021-04-30 15:09:27.465"
"ABB","32.430","17","32.440","6","-10","32.44","5192c561-3df3-40e5-a938-ad9d5374aa7b","2021-04-30 15:11:49.737"
"ABB","32.440","9","32.450","19","-10","32.45","d2ecf427-c2e7-47e5-b1e7-ef33709fdfd2","2021-04-30 15:11:55.486"
"ABB","32.440","9","32.450","19","-10","32.45","dd328221-9be0-48d8-94e3-3a9719e1ac11","2021-04-30 15:11:55.486"
"ABB","32.440","20","32.450","7","10","32.44","44fb8d6a-42b8-44f3-b4dc-9affc7974edf","2021-04-30 15:33:45.249"
"ABB","32.450","11","32.460","11","10","32.43","ca32bcd1-05f0-4d38-b99e-f281777775d6","2021-04-30 15:40:49.673"
"ABB","32.450","11","32.460","12","10","32.43","bffdb5c2-cca2-4262-9bcb-e86e8036ff55","2021-04-30 15:40:49.673"
"ABB","32.450","12","32.460","8","10","32.43","b9dbcf47-e263-4c9f-a0f5-afcdea0819b4","2021-04-30 15:40:49.673"
"ABB","32.460","13","32.470","10","10","32.43","97389473-26c6-4566-a3fa-629a26f1256a","2021-04-30 15:40:49.673"
"ABB","32.460","15","32.470","6","10","32.43","c70295c6-5597-40e7-9637-69374863d38e","2021-04-30 15:40:49.673"
"ABB","32.460","10","32.470","11","10","32.43","b197affe-2f60-4a5e-9cd5-c0181ba0263e","2021-04-30 15:40:49.673"
"ABB","32.460","19","32.470","7","10","32.43","38c29de0-f4fc-4c7e-a36e-971e37abef0c","2021-04-30 15:40:49.673"
"ABB","32.460","15","32.470","10","10","32.43","e16d5fdb-4768-414a-8bce-30ac919f3894","2021-04-30 15:40:49.673"
"ABB","32.460","7","32.470","15","10","32.43","2fbacd7c-bcb2-45e7-a135-c6b29005c870","2021-04-30 15:40:49.673"
"ABB","32.460","11","32.470","11","10","32.43","17781dcc-2251-4bff-8823-97acc7e6a287","2021-04-30 15:40:49.673"
"ABB","32.460","11","32.470","11","10","32.43","24a2de19-25e3-4ac3-918c-91c80ea00eac","2021-04-30 15:40:49.673"
"ABB","32.400","24","32.410","11","-120","32.40","6933c91b-5856-4de3-af15-7a4389b5374d","2021-04-30 15:48:00.006"
"ALB","168.250","1","168.570","1","2","167.82","9a8ae20f-b7f7-42f9-b7b6-c22176b67b0f","2021-04-30 10:19:05.005"
"ALB","168.510","3","168.830","1","2","167.82","8dcf894c-0d6a-4362-85a4-5bc9ecdc7d16","2021-04-30 10:19:05.005"
"ALB","168.530","1","168.880","2","2","167.82","74e2974d-72cc-4bf4-a312-6daca7d7d375","2021-04-30 10:19:05.005"
"ALB","168.530","1","168.880","2","2","167.82","ca07f27d-a637-44c7-a630-3a8769d9aae1","2021-04-30 10:19:05.005"
"ALB","168.380","2","168.600","1","2","167.82","46e1a3a5-3dc9-40f4-8890-26df2c6175d9","2021-04-30 10:19:05.005"
"ALB","168.380","1","168.600","1","2","167.82","85cb5497-aa1b-4d01-aa1a-a39fa85587dd","2021-04-30 10:19:05.005"
"ALB","168.520","1","168.890","2","2","167.82","2b834041-3cc9-41ba-89d6-ba99762c66e4","2021-04-30 10:19:05.005"
"ALB","168.380","1","168.530","1","2","167.82","1e924754-9d9b-4bc7-9545-11f24995a1c0","2021-04-30 10:19:05.005"
"ALB","168.380","1","168.730","1","2","167.82","d778cec9-d716-460b-929a-716701be4484","2021-04-30 10:19:05.005"
"ALB","168.230","2","168.370","1","2","167.82","ba3fdbc1-b101-4951-b63b-c31d6df5be9d","2021-04-30 10:19:05.005"
"ALB","168.010","1","168.450","2","2","167.82","1146697d-a3a2-499d-b2c1-402bc8bfb19f","2021-04-30 10:19:05.005"
"ALB","167.930","2","168.450","3","2","167.82","35e14db9-f4a1-4b5d-b5ce-90070a61f26e","2021-04-30 10:19:05.005"
"ALB","167.940","1","168.440","2","2","167.82","f8423fda-0c31-46e7-a341-4702eedb6b12","2021-04-30 10:19:05.005"
"ALB","167.960","1","168.220","2","-2","168.22","787e3ab3-61c0-483f-adde-a562b55280e0","2021-04-30 10:20:03.061"
"ALB","167.960","1","168.220","2","-2","168.22","20cc44bd-7af8-468b-bb02-b9d68c1d1f4a","2021-04-30 10:20:03.061"
"ALB","167.980","6","168.370","2","-2","168.37","e6149961-a36d-48f1-bf04-e51c2457e78b","2021-04-30 10:20:16.062"
"ALB","167.980","6","168.370","2","-2","168.37","f3b20891-aed7-4568-81a0-5ff26847189e","2021-04-30 10:20:16.062"
"ALB","167.980","6","168.370","2","-2","168.37","48eb24fc-3ac9-48ad-8728-ce09204725b0","2021-04-30 10:20:16.062"
"ALB","167.980","6","168.370","2","-2","168.37","65168577-8f55-48fc-9dc5-772f61b19c57","2021-04-30 10:20:16.062"
"ALB","167.980","6","168.370","2","-2","168.37","276b3690-66f3-4bc1-a0ed-bd59692ac84d","2021-04-30 10:20:16.062"
"ALB","167.980","6","168.370","2","-2","168.37","bf2ad7a7-a358-4617-9ce3-dae59c9f4779","2021-04-30 10:20:16.062"
"ALB","168.000","1","168.300","2","-2","168.30","dd0c38ee-c965-4ddb-8303-7d9ac6c29153","2021-04-30 10:21:15.233"
"ALB","168.000","1","168.300","2","-2","168.30","7e9f5fac-faa9-4288-ab24-ccc4c18bcd73","2021-04-30 10:21:15.233"
"ALB","167.900","2","168.120","2","-2","168.16","a4c9575f-dd1d-4300-9892-6f651ca5e576","2021-04-30 10:23:12.023"
"ALB","167.820","1","168.140","1","-2","168.16","81ab3f95-a9d2-4275-8cf9-428648ebf734","2021-04-30 10:23:12.023"
"ALB","167.830","1","168.160","2","-2","168.16","17ef0e66-af05-4a3c-8b45-366021e12c0a","2021-04-30 10:23:12.023"
"ALB","168.310","1","168.540","4","2","167.77","5a00b386-fa52-4949-b53b-6c9db4eb5e02","2021-04-30 10:37:54.333"
"ALB","167.590","1","167.890","1","-2","167.89","54ea76c5-7aea-4947-a800-be0c4d4471ab","2021-04-30 10:38:13.978"
"ALB","168.150","2","168.530","2","2","167.59","907fb4a1-e71d-440b-bd64-aebd645779e2","2021-04-30 10:38:14.542"
"ALB","168.020","1","168.210","1","2","167.39","f2590ff2-c434-4bef-a870-d99b945c0926","2021-04-30 10:38:39.217"
"ALB","167.920","1","168.090","1","2","167.39","a3d28a9e-9b35-42a7-8385-d2fae5609d44","2021-04-30 10:38:39.217"
"ALB","167.920","1","168.090","1","2","167.39","144e9c90-ecfb-42dc-bc15-f78fcf634996","2021-04-30 10:38:39.217"
"ALB","168.020","1","168.220","1","2","167.35","c85e4539-3b5a-4851-9991-bb5642e29c50","2021-04-30 10:40:30.074"
"ALB","168.020","1","168.220","1","2","167.35","be2e47cd-c4f6-4dc9-ba36-f39a46a199d9","2021-04-30 10:40:30.074"
"ALB","168.020","2","168.320","1","2","167.35","8d7472c2-1685-4abc-8714-e7380fec31ac","2021-04-30 10:40:30.074"
"ALB","168.070","1","168.320","1","2","167.35","8b192a8e-f7c1-433a-8986-1ba63f8734c4","2021-04-30 10:40:30.074"
"ALB","168.030","1","168.220","1","2","167.35","d10bf895-8a4c-4634-bfa2-1bba765ed824","2021-04-30 10:40:30.074"
"ALB","167.920","1","168.210","1","2","167.35","2a32a622-7375-43f1-ba4b-0e1ee1c7dfe1","2021-04-30 10:40:30.074"
"ALB","167.920","1","168.210","1","2","167.35","6c4ba03c-1918-4369-9bca-575d1a3453b4","2021-04-30 10:40:30.074"
"ALB","168.100","1","168.210","1","2","167.35","80388411-48a8-4f40-af51-be862188117b","2021-04-30 10:40:30.074"
"ALB","167.950","1","168.210","1","2","167.35","20562af6-60f8-4b68-ad17-4335ecec0825","2021-04-30 10:40:30.074"
"ALB","167.290","1","167.450","1","-2","167.45","d780a5c8-4c1b-4416-9644-1ac7d9834edc","2021-04-30 10:40:41.034"
"ALB","167.290","1","167.450","1","-2","167.45","fc19770f-0381-417b-8762-77c811d19d9b","2021-04-30 10:40:41.034"
"ALB","167.310","1","167.490","1","-2","167.49","faa40c53-0d27-4117-89ad-45a8dcbba301","2021-04-30 10:40:47.637"
"ALB","167.390","1","167.580","1","-2","167.59","20587b79-59c5-4bf1-954d-c0e88719e495","2021-04-30 10:40:59.661"
"ALB","167.430","1","167.680","1","-2","167.68","1fa85c84-116d-4a5a-94a8-c4ca3fb3d9ca","2021-04-30 10:41:07.228"
"ALB","167.430","1","167.680","1","-2","167.68","b46ba4cc-e260-4405-bea2-f83fec3342cb","2021-04-30 10:41:07.228"
"ALB","167.430","1","167.680","1","-2","167.68","3dd490a6-29a3-479d-9671-9e3b15586d38","2021-04-30 10:41:07.228"
"ALB","167.430","1","167.680","1","-2","167.68","db53984f-eb35-422a-bfe4-7b8b9c6e1025","2021-04-30 10:41:07.228"
"ALB","167.430","1","167.680","1","-2","167.68","ad66f045-6d09-4c97-8469-aefd7a66fe99","2021-04-30 10:41:07.228"
"ALB","167.420","1","167.730","1","-2","167.73","d6f92d7b-5a4a-4279-afde-8970fce3f5aa","2021-04-30 10:41:57.927"
"ALB","167.420","1","167.730","1","-2","167.73","98376ee7-c094-4f35-8850-0eb33893eb49","2021-04-30 10:41:57.927"
"ALB","167.440","1","167.700","1","-2","167.70","c306099c-9d35-4803-9f3b-26ef792bf51d","2021-04-30 10:42:40.235"
"ALB","167.440","2","167.700","1","-2","167.70","d2c8456e-0365-41ad-b5c3-affd45016966","2021-04-30 10:42:50.302"
"ALB","167.790","1","168.230","1","2","167.27","de05de4f-9c6a-4fc7-9b66-fc8e2466aeb9","2021-04-30 10:49:53.624"
"ALB","167.890","1","168.230","1","2","167.27","c407d178-f98e-4aff-b6ba-275fcef1647d","2021-04-30 10:49:53.624"
"ALB","166.920","1","167.190","1","-2","167.20","221569de-63a0-444e-b1d4-146401b20b89","2021-04-30 10:52:00.056"
"ALB","167.190","1","167.370","1","-2","167.41","c1561815-7c6f-48a0-baf3-0640129a475c","2021-04-30 10:52:11.687"
"ALB","167.160","1","167.360","1","2","167.36","bbdd6f9f-6eb8-4967-84ac-cbf4e4eba9c2","2021-04-30 10:55:10.006"
"ALB","167.120","1","167.360","2","-2","167.36","daf2f9d2-0afa-4ee3-bd79-531738458544","2021-04-30 10:57:37.401"
"ALB","167.420","1","167.610","1","2","167.40","cd0811e9-3326-4e84-ab8c-61176b3ab3a3","2021-04-30 10:59:26.622"
"ALB","167.050","1","167.250","2","-2","167.25","0cc4c89e-032b-49c0-b5ac-350a9fb434c8","2021-04-30 11:01:09.655"
"ALB","166.970","1","167.200","1","2","167.01","e6133c5f-c9e4-4eb7-845f-5b2cf7e74ad1","2021-04-30 11:15:21.438"
"ALB","167.010","1","167.210","1","2","167.01","5fe36bc4-7909-434b-bf04-a0932aacab7e","2021-04-30 11:15:21.438"
"ALB","167.010","1","167.200","1","2","167.01","63d1af20-252e-49a9-8d2d-24b534f4f5b8","2021-04-30 11:15:21.438"
"ALB","167.110","2","167.320","1","-2","167.32","6e914819-ff02-4333-aabe-0df2b627f0ab","2021-04-30 11:15:45.928"
"ALB","167.110","2","167.320","1","-2","167.32","09d43170-ffd4-4bc3-b1cf-7632ad34246d","2021-04-30 11:15:45.928"
"ALB","167.150","2","167.320","1","-2","167.32","cf963381-44cb-4423-94cb-f9de3cb4f381","2021-04-30 11:16:16.327"
"ALB","166.850","1","167.080","2","2","166.93","db7177d7-8d1c-4a31-bead-d9cd93dcd752","2021-04-30 11:20:09.588"
"ALB","167.010","1","167.180","1","2","166.93","675bf71c-02c0-451a-86da-da3a4ee359da","2021-04-30 11:20:09.588"
"ALB","167.010","1","167.200","1","2","166.93","e4cf419f-ea0e-4cef-add9-3d69531ab9ac","2021-04-30 11:20:09.588"
"ALB","167.010","1","167.180","1","2","166.93","d66e75dc-9b0b-4a5b-88d3-bc85be521ed9","2021-04-30 11:20:09.588"
"ALB","166.880","1","167.120","1","-2","167.14","a5ca9ab0-4d44-43ca-8c1d-f7b909643e52","2021-04-30 11:21:58.178"
"ALB","167.220","1","167.400","1","-2","167.40","116292b0-3200-4d6d-9f01-a80e8398cf16","2021-04-30 11:23:02.074"
"ALB","167.410","1","167.580","2","-2","167.58","936bd89a-88e8-4667-b0f1-0c5c34f14c74","2021-04-30 11:23:14.050"
"ALB","167.290","1","167.540","1","-2","167.54","3f7f03be-317e-4427-8fab-2082b65cc360","2021-04-30 11:26:46.755"
"ALB","167.910","1","168.050","4","2","167.73","dc2a965f-0cba-4e21-86d3-79c8f0d89634","2021-04-30 12:17:21.110"
"ALB","167.910","1","168.050","4","2","167.73","921d3423-fb2d-46ed-9502-fdbadbf8fda8","2021-04-30 12:17:21.110"
"ALB","167.740","1","167.860","1","-2","167.86","9f49ae25-3960-4d19-8357-deb965ca58e8","2021-04-30 12:19:02.184"
"ALB","167.800","1","167.980","1","-2","167.98","b2b20935-a163-4519-b7da-69efae998c1b","2021-04-30 12:19:30.096"
"ALB","168.510","1","168.660","2","2","168.46","1383a745-6a91-4a85-9307-6f20db966dc2","2021-04-30 13:04:07.747"
"ALB","168.610","1","168.710","1","2","168.46","651ac553-ab61-4783-be88-8195b704b158","2021-04-30 13:04:07.747"
"ALB","168.570","1","168.700","1","2","168.46","ab99db8c-99bd-4c76-a8fd-223888728843","2021-04-30 13:04:07.747"
"ALB","168.460","1","168.650","4","-2","168.65","cb45d495-d384-4924-a3f4-f869a2f7f946","2021-04-30 13:05:14.470"
"ALB","168.470","1","168.650","6","-2","168.65","0fee7d1e-48f3-41f9-a266-a23b0c0d7f4a","2021-04-30 13:05:14.470"
"ALB","168.580","1","168.750","4","-2","168.75","f4f8f47d-e69f-4368-b5c8-bf1c98280d54","2021-04-30 13:08:09.317"
"ALB","168.750","1","168.850","3","2","168.63","b086d75d-56af-4dd8-8be5-b63e02715cf9","2021-04-30 13:21:38.916"
"ALB","168.780","1","168.870","2","2","168.50","e1b0e329-9cc9-4e32-b219-c93b7b70590f","2021-04-30 13:21:50.737"
"ALB","168.880","1","168.980","2","2","168.50","db58cc8e-1256-4c35-b90b-463df665819b","2021-04-30 13:21:50.737"
"ALB","168.850","1","168.980","1","2","168.50","ff22c5b8-a8ee-41fd-be29-5d84d47d9e87","2021-04-30 13:21:50.737"
"ALB","168.850","1","168.980","2","2","168.50","e7e25985-75b8-4f42-ac71-eddca9bf8fc6","2021-04-30 13:21:50.737"
"ALB","168.860","1","168.980","1","2","168.50","95efe564-57fe-4320-8c8a-d1807ae20615","2021-04-30 13:21:50.737"
"ALB","168.860","1","168.980","1","2","168.50","fc8d9f2d-2617-428e-b692-548f7fcd1d12","2021-04-30 13:21:50.737"
"ALB","168.630","1","168.740","1","-2","168.74","1888cb7d-5655-4a5c-bb20-3b1384d5c9b8","2021-04-30 13:24:28.698"
"ALB","168.630","1","168.740","1","-2","168.74","2413aec9-bf30-4f62-9fbf-20f4c0e4f77f","2021-04-30 13:24:28.698"
"ALB","168.630","1","168.740","1","-2","168.74","af454529-3e94-4081-bd8c-d44d4e388334","2021-04-30 13:24:28.698"
"ALB","168.630","1","168.740","1","-2","168.74","a43f9d01-878a-4509-acd7-b7e0dd6be0c2","2021-04-30 13:24:28.698"
"ALB","168.670","1","168.740","1","-2","168.74","e3dfd710-cb9e-4c64-aa91-62d56d6a6a02","2021-04-30 13:24:32.797"
"ALB","168.670","1","168.740","1","-2","168.74","31330e92-b63f-45e2-8d9d-0fe9a34f7be2","2021-04-30 13:24:32.797"
"ALB","168.620","2","168.740","1","-2","168.74","a854eae3-b15b-4a0f-b5d8-85e630dbb814","2021-04-30 13:24:46.223"
"ALB","168.590","1","168.710","4","2","168.51","69a7a5a0-3be2-4fd3-badb-39f07ba7fc44","2021-04-30 13:38:02.128"
"ALB","168.250","1","168.380","2","-2","168.38","84cdd6ed-8efc-4d22-9e11-b336d01cb34c","2021-04-30 13:41:43.834"
"ALB","167.950","2","168.170","2","2","168.17","9595fb3b-72cd-4b02-a390-5e502cd6d715","2021-04-30 13:56:10.006"
"ALB","167.650","1","167.830","3","-2","167.83","766abf1b-5011-48fb-97af-5c0444079676","2021-04-30 13:58:20.287"
"ALB","168.030","1","168.140","1","2","167.96","075a4d59-a2fb-49bf-bbdd-d6ff531ab077","2021-04-30 14:13:27.651"
"ALB","168.030","1","168.230","1","2","167.96","08c2f1b2-d0f1-4c55-9b7f-b0ea2a90dac7","2021-04-30 14:13:27.651"
"ALB","168.030","1","168.220","1","2","167.96","c8181d1d-1566-4e53-9149-7550c992d841","2021-04-30 14:13:27.651"
"ALB","168.030","3","168.160","1","2","167.96","c5bfc984-c198-44b6-a3c0-fd8ac62b210d","2021-04-30 14:13:27.651"
"ALB","168.090","1","168.200","1","-2","168.20","0c09d1c6-ac3c-47fb-953b-f9568ff366ea","2021-04-30 14:14:14.088"
"ALB","167.990","1","168.170","2","-2","168.17","960b032f-c554-4a73-abe3-e7f4a5dbebe5","2021-04-30 14:15:36.109"
"ALB","167.960","1","168.120","4","2","167.81","8684956a-244f-47ce-a473-0c6480633207","2021-04-30 14:17:51.164"
"ALB","167.920","1","168.030","3","-2","168.03","e09e2637-580e-4887-9667-e6c4ae96bd34","2021-04-30 14:19:29.267"
"ALB","167.870","2","167.970","2","-2","167.97","6a1c56e4-c6fb-4552-886f-37d46b98d3c7","2021-04-30 14:20:31.920"
"ALB","167.970","1","168.120","1","-2","168.12","216de59e-727a-4809-873c-1b3af09b5615","2021-04-30 14:20:45.162"
"ALB","167.970","1","168.090","2","2","167.81","d98dfa63-7791-41ad-b576-12b87f83a7cc","2021-04-30 14:31:31.089"
"ALB","167.850","2","167.930","1","-2","167.93","d6229909-466b-4b9d-acf7-c85ea0ef6958","2021-04-30 14:32:56.284"
"ALB","168.090","1","168.240","2","2","168.09","4a76e3d2-1225-442b-9b77-4dbe025a7f79","2021-04-30 14:46:11.369"
"ALB","168.200","1","168.310","1","2","168.05","0b8a3971-8d6d-46c5-9055-c490485d3f6c","2021-04-30 14:46:27.046"
"ALB","168.210","1","168.310","1","2","168.05","3c94ea98-fdbe-48b8-97b1-d7cc80cccbe8","2021-04-30 14:46:27.046"
"ALB","168.200","1","168.310","1","2","168.05","ebf06586-41a0-49e4-8dc1-ba3957f37423","2021-04-30 14:46:27.046"
"ALB","168.090","1","168.220","1","-2","168.22","23a7e0a1-005a-4a10-b74b-7ce472d0eb65","2021-04-30 14:48:21.396"
"ALB","168.090","1","168.220","1","-2","168.22","0a0588f8-e59a-4457-8542-6e8168c2173a","2021-04-30 14:48:21.396"
"ALB","168.090","1","168.220","1","-2","168.22","7275c2ad-f3cb-4164-83d6-3ee6868af1f9","2021-04-30 14:48:21.396"
"ALB","168.060","1","168.220","3","-2","168.22","37d6e7b9-0dbe-4c70-9286-787e9c6a6e0d","2021-04-30 14:48:21.396"
"ALB","168.130","2","168.280","3","2","167.99","31abfb41-ec72-444d-8bf7-c0028ce098c7","2021-04-30 15:01:44.453"
"ALB","168.300","1","168.410","1","2","167.98","b59899ee-e03a-417f-9839-871c218822f4","2021-04-30 15:01:44.454"
"ALB","168.300","1","168.410","1","2","167.98","2b99727e-5303-4efc-ab7b-b85ab9a0a3a3","2021-04-30 15:01:44.454"
"ALB","168.310","1","168.440","1","2","167.98","c81619f8-df9f-48bb-b1b1-584b7539a119","2021-04-30 15:01:44.454"
"ALB","168.310","1","168.440","1","2","167.98","95b14fad-06d4-4797-afb7-5bb87f614915","2021-04-30 15:01:44.454"
"ALB","168.330","1","168.460","1","2","167.98","f5b2b281-4d37-44c0-8f41-c0551e2c9d7e","2021-04-30 15:01:44.454"
"ALB","168.370","1","168.460","1","2","167.98","a8fd64ed-adf4-4da7-b73e-a694b96d76fb","2021-04-30 15:01:44.454"
"ALB","168.300","1","168.390","1","2","167.98","d683bd18-0cd0-4157-8ba8-91acf57cb941","2021-04-30 15:01:44.454"
"ALB","168.180","1","168.360","3","2","167.98","d5ecd723-9d47-408a-b92f-0b5ce6357a6e","2021-04-30 15:01:44.454"
"ALB","168.170","1","168.230","1","2","167.98","7576ccb3-13f6-43f0-800a-16db59d1d029","2021-04-30 15:01:44.454"
"ALB","168.210","1","168.280","1","2","167.98","93e449b5-804a-4e82-a476-012c5981052f","2021-04-30 15:01:44.454"
"ALB","168.110","1","168.270","1","2","167.98","5bf98cc8-6f44-4703-a85f-3ee961545bb3","2021-04-30 15:01:44.454"
"ALB","168.110","1","168.270","1","2","167.98","e431f637-5b05-4b22-bd1d-24e7f9e49cce","2021-04-30 15:01:44.454"
"ALB","168.140","1","168.300","1","2","167.98","34c1d061-831d-4b8a-a480-58d3f53f621e","2021-04-30 15:01:44.454"
"ALB","168.120","2","168.280","1","2","167.98","f9329157-fcda-4ed5-bbde-0f0d29d0e9ed","2021-04-30 15:01:44.454"
"ALB","168.120","1","168.280","1","2","167.98","d13e0dc1-acb6-43de-8e21-cd469b0dc525","2021-04-30 15:01:44.454"
"ALB","168.340","2","168.420","1","2","167.94","211aad3f-4e93-49a2-8ee5-4a9b7a41b407","2021-04-30 15:01:44.454"
"ALB","168.010","1","168.100","2","-2","168.10","6e441d6b-8a7a-47f1-8fb2-89e97777a160","2021-04-30 15:04:24.412"
"ALB","168.010","1","168.100","2","-2","168.10","adde33dc-7bb6-4e61-a567-8986eacdbd1c","2021-04-30 15:04:24.412"
"ALB","168.010","1","168.100","2","-2","168.10","92a34f90-12ec-4c37-84da-bc8319bff899","2021-04-30 15:04:24.412"
"ALB","168.010","1","168.100","2","-2","168.10","bf022377-de97-44ca-a2ca-8880bfd9097d","2021-04-30 15:04:24.412"
"ALB","168.010","1","168.100","2","-2","168.10","00a84e0d-ec62-4c61-8c97-36bbaad5cd0e","2021-04-30 15:04:24.412"
"ALB","168.010","1","168.100","2","-2","168.10","5db212c9-941f-4872-9779-7169943edf70","2021-04-30 15:04:24.412"
"ALB","168.010","1","168.100","2","-2","168.10","b566e0e6-9534-4af5-9c37-688574cfeafa","2021-04-30 15:04:24.412"
"ALB","168.010","1","168.100","2","-2","168.10","7b60795f-7fb6-43a9-98b7-a3f99b20eaa4","2021-04-30 15:04:24.412"
"ALB","168.010","1","168.100","2","-2","168.10","3ab4fa64-f5f8-4337-834d-109cde59cd8c","2021-04-30 15:04:24.412"
"ALB","168.040","1","168.110","1","-2","168.11","b37c369d-2869-48f4-b011-8030d9fc5dce","2021-04-30 15:04:30.347"
"ALB","168.040","1","168.110","1","-2","168.11","b08d235c-dc25-4c33-8490-1c2b591e9387","2021-04-30 15:04:30.347"
"ALB","168.040","1","168.110","1","-2","168.11","ea117617-c383-4bec-b0d8-dff0f9c61536","2021-04-30 15:04:30.347"
"ALB","168.040","1","168.110","1","-2","168.11","62cd5495-9fc4-4f8d-993e-0ade1bd5ff97","2021-04-30 15:04:30.347"
"ALB","168.080","1","168.160","1","-2","168.16","a10b24cb-e881-4170-b838-148ae63af662","2021-04-30 15:04:40.559"
"ALB","168.080","1","168.160","1","-2","168.16","7b8b274c-e321-4da6-b1a1-98bf9939c51f","2021-04-30 15:04:40.559"
"ALB","168.080","1","168.150","1","-2","168.15","d505df1f-5af9-4adc-8c81-90b1a2863431","2021-04-30 15:04:52.575"
"ALB","168.120","1","168.180","1","-2","168.18","74967e33-d8c9-41a5-88a6-5e5543a04fad","2021-04-30 15:05:28.350"
"ALB","168.410","1","168.550","1","2","168.10","55dd7bfc-8ab7-4de7-b086-7fc2ca3e45b6","2021-04-30 15:15:34.436"
"ALB","168.410","1","168.550","1","2","168.10","260533ca-5c4c-4b25-a91b-36ab1b4f98fd","2021-04-30 15:15:34.436"
"ALB","168.260","1","168.400","1","2","167.99","7aae9a47-0b3d-4fa0-bd89-d4b9c208f607","2021-04-30 15:17:16.847"
"ALB","168.260","1","168.400","1","2","167.99","f3058f3a-2486-4527-897b-70007336ca52","2021-04-30 15:17:16.847"
"ALB","168.210","2","168.300","1","2","167.99","9ba94200-6f70-4ebd-bf6d-f0c23986713e","2021-04-30 15:17:16.847"
"ALB","168.340","1","168.450","1","2","167.99","3e8800da-1eb9-4baa-babf-29a4a8cdf801","2021-04-30 15:17:16.847"
"ALB","168.360","1","168.510","1","2","167.99","26b68059-2408-42a1-b2da-cf3624de60a8","2021-04-30 15:17:16.847"
"ALB","168.360","1","168.510","1","2","167.99","08b00c8c-9f0f-4409-b33b-59adae0e64dc","2021-04-30 15:17:16.847"
"ALB","167.920","1","168.010","1","-2","168.01","de23e81f-d7b8-4b4f-8f4f-c0f02e4d6c75","2021-04-30 15:19:58.571"
"ALB","167.910","1","168.010","1","-2","168.01","87d297e4-7ad3-4999-8fc7-84e0dcaaa400","2021-04-30 15:20:16.158"
"ALB","167.910","1","168.010","1","-2","168.01","39769fad-e131-4ff7-819b-c422b550af28","2021-04-30 15:20:16.158"
"ALB","167.910","1","168.010","1","-2","168.01","40197c56-facd-4cde-8af3-e6f78184c957","2021-04-30 15:20:16.158"
"ALB","167.910","1","168.010","1","-2","168.01","c16326d3-248d-48e2-8476-75c939b92997","2021-04-30 15:20:16.158"
"ALB","167.910","1","168.010","1","-2","168.01","74153d9c-796b-409d-a87b-bbed5ee77045","2021-04-30 15:20:16.158"
"ALB","167.910","1","168.010","1","-2","168.01","868dce5b-1088-415b-9b09-b651e33615ef","2021-04-30 15:20:16.158"
"ALB","167.990","1","168.080","1","-2","168.09","4984d97a-6a8a-402d-8f67-7cdea301f7ee","2021-04-30 15:20:27.397"
"ALC","75.620","1","75.660","3","5","75.56","baccec75-5845-4dad-b3bd-8f38ce963b54","2021-04-30 10:15:04.504"
"ALC","75.670","1","75.730","2","5","75.54","f549312b-6341-44f5-a415-afcffe899957","2021-04-30 10:15:05.449"
"ALC","75.660","9","75.730","2","5","75.54","213dca07-daa5-43be-93ef-035c3b26dd66","2021-04-30 10:15:05.449"
"ALC","75.660","1","75.710","4","5","75.54","13774577-5ab9-4a39-ac31-0e1a1520ba22","2021-04-30 10:15:05.449"
"ALC","75.570","8","75.630","6","5","75.51","b5cec301-9525-4c3e-b753-6a4b14bf48cf","2021-04-30 10:15:06.446"
"ALC","75.570","2","75.610","4","-5","75.61","4dfb025a-75ff-47b5-94a3-d6e3941f9f2a","2021-04-30 10:18:05.096"
"ALC","75.570","2","75.610","4","-5","75.61","e4be9654-d78b-413a-bc16-feadb5bac9e4","2021-04-30 10:18:05.096"
"ALC","75.570","3","75.600","3","-5","75.60","cdb72c80-7f40-43be-83a3-5696eac4530a","2021-04-30 10:18:35.698"
"ALC","75.570","2","75.600","3","-5","75.60","abc72dd1-417f-4814-9db3-496da061bbf1","2021-04-30 10:18:56.718"
"ALC","75.580","1","75.620","1","-5","75.62","e64553d1-6df6-4d65-aca5-374eb330311d","2021-04-30 10:22:47.860"
"ALC","75.620","1","75.660","3","5","75.59","dbb08b45-a17a-4bae-9bd8-6024e6c84b56","2021-04-30 10:26:02.638"
"ALC","75.620","2","75.660","3","5","75.59","5ec6fa82-a027-4f2e-ad50-19c895a5d498","2021-04-30 10:26:02.638"
"ALC","75.620","2","75.660","3","5","75.59","64d44602-85a3-4401-9279-9f306d02aeb0","2021-04-30 10:26:02.638"
"ALC","75.620","3","75.660","3","5","75.59","ec9c4d16-337b-4018-9336-c37bd9a4328c","2021-04-30 10:26:02.638"
"ALC","75.620","3","75.660","3","5","75.59","50229f74-182a-43a6-bd72-090050ee3c57","2021-04-30 10:26:02.638"
"ALC","75.610","1","75.640","4","5","75.59","19fdbf5d-06d5-4c85-8682-6171c0d2797c","2021-04-30 10:26:02.638"
"ALC","75.610","3","75.660","8","-5","75.66","a39019aa-507b-418d-aeda-a4beeee1a36c","2021-04-30 10:27:45.260"
"ALC","75.610","3","75.660","8","-5","75.66","acd42189-2285-4a50-95af-a2d208c8def0","2021-04-30 10:27:45.260"
"ALC","75.640","5","75.700","1","-5","75.70","5160ab04-8ba9-4c18-8e48-ca93f1351e87","2021-04-30 10:28:39.238"
"ALC","75.640","5","75.700","1","-5","75.70","c7862529-2668-481f-9caf-74ef8ca73eb0","2021-04-30 10:28:39.238"
"ALC","75.600","1","75.660","12","-5","75.66","8cf93a5a-427c-4e9e-b1a2-acc8f21bea7f","2021-04-30 10:35:19.011"
"ALC","75.600","2","75.640","9","-5","75.64","77084b93-652f-433f-b5ee-697a925c3fdb","2021-04-30 10:37:39.513"
"ALC","75.600","3","75.640","8","5","75.55","a6d41d61-37f2-4ef2-affe-d7e8371c08ed","2021-04-30 10:38:25.161"
"ALC","75.640","1","75.660","1","5","75.50","59d26f0f-5d27-43af-a3b4-c4e91b1dcfb6","2021-04-30 10:38:36.188"
"ALC","75.640","1","75.660","1","5","75.50","b4f65814-cec3-40ea-bb72-ffef0d499f65","2021-04-30 10:38:36.188"
"ALC","75.620","2","75.660","3","5","75.50","d4e42dc9-390b-4a06-8b44-986cae7a679f","2021-04-30 10:38:36.188"
"ALC","75.690","8","75.720","1","5","75.50","3ec39502-3c15-4a18-9653-4d7155b18284","2021-04-30 10:38:36.188"
"ALC","75.670","1","75.690","3","5","75.50","70b6b6ac-96c7-4874-aff6-5a0625513369","2021-04-30 10:38:36.188"
"ALC","75.500","1","75.560","7","-5","75.56","a40a0f53-ec1d-44c8-880d-8e90ca4f2c0f","2021-04-30 10:38:40.116"
"ALC","75.550","2","75.560","1","-5","75.57","28242687-b955-45a2-8416-ab37de9074fd","2021-04-30 10:39:20.741"
"ALC","75.550","2","75.560","1","-5","75.57","6c108f7f-2a72-4551-9a31-8f87be52e7da","2021-04-30 10:39:20.741"
"ALC","75.550","2","75.560","1","-5","75.57","2a947317-89dd-408a-b253-38dde3052138","2021-04-30 10:39:20.741"
"ALC","75.680","1","75.720","3","5","75.48","6bae9ea7-61d6-483b-8eb7-4115ac7ebfd2","2021-04-30 10:43:34.347"
"ALC","75.660","1","75.700","4","5","75.48","0d8d7298-dfbb-4349-84f7-cdab8bd3e466","2021-04-30 10:43:34.347"
"ALC","75.650","1","75.700","4","5","75.48","0e519f24-d258-4122-b83b-c89ea006b202","2021-04-30 10:43:34.347"
"ALC","75.680","1","75.700","1","5","75.48","350d5aa5-bec4-44f5-aec5-996113ab889f","2021-04-30 10:43:34.347"
"ALC","75.660","2","75.690","4","5","75.48","4bd52c30-9094-42b3-b499-57223dd48e28","2021-04-30 10:43:34.347"
"ALC","75.670","1","75.690","3","5","75.48","19975593-3b1b-49d0-98ae-10eb6077c329","2021-04-30 10:43:34.347"
"ALC","75.640","2","75.680","4","5","75.48","28c87fcb-d0c2-4f0b-839e-bb30334e02dd","2021-04-30 10:43:34.347"
"ALC","75.640","2","75.680","4","5","75.48","bc4c0fa1-d214-48e7-9096-7d1f4d43ccf7","2021-04-30 10:43:34.347"
"ALC","75.520","1","75.560","4","-5","75.56","1795d4ab-bd4b-4ec7-a2c2-b6dab8315535","2021-04-30 10:46:03.802"
"ALC","75.520","1","75.560","4","-5","75.56","64db9a62-9a62-430d-b525-827223f6149e","2021-04-30 10:46:03.802"
"ALC","75.520","1","75.560","4","-5","75.56","bfb932b9-0461-4ac2-a182-ea381a11ea00","2021-04-30 10:46:03.802"
"ALC","75.520","1","75.560","4","-5","75.56","21118e4d-9553-4d22-8811-8b748120e688","2021-04-30 10:46:03.802"
"ALC","75.560","1","75.590","4","-5","75.59","b9fbae97-f9c6-4630-b1e1-a62e8d309612","2021-04-30 10:47:13.005"
"ALC","75.560","1","75.590","4","-5","75.59","68d8f466-44da-4117-8bea-624294156fe4","2021-04-30 10:47:13.005"
"ALC","75.490","2","75.530","2","-5","75.53","995d4e0f-1e67-47bc-9861-dfc901cc0799","2021-04-30 10:50:03.481"
"ALC","75.490","2","75.530","2","-5","75.53","872059c0-2355-460a-a203-f0025409f0c6","2021-04-30 10:50:03.481"
"ALC","75.490","2","75.530","2","-5","75.53","4739edca-09e2-4ed5-b943-dbc4445a4198","2021-04-30 10:50:03.481"
"ALC","75.460","2","75.480","4","-5","75.50","eddc869c-e329-467a-b7d2-35db9641354a","2021-04-30 10:51:31.933"
"ALC","75.610","1","75.660","1","5","75.39","2a592130-ee8b-4d5b-b9fc-ea1c33d55c5b","2021-04-30 10:53:15.220"
"ALC","75.640","2","75.720","10","5","75.39","bd064616-2111-42a3-878a-8f08caeeeddb","2021-04-30 10:53:15.220"
"ALC","75.590","2","75.620","3","5","75.39","5c0de62e-ea67-4f9d-b141-401a1d4a47f4","2021-04-30 10:53:15.220"
"ALC","75.420","4","75.460","1","-5","75.46","e40cdcc7-8fab-44a5-82cf-6bb3e6f1adaa","2021-04-30 10:53:31.439"
"ALC","75.420","4","75.460","1","-5","75.46","12937963-3d6a-49bb-8d5c-6ad102de0579","2021-04-30 10:53:31.439"
"ALC","75.400","2","75.440","5","-5","75.44","a521bcd3-438c-4de5-9ffa-7bfdd93de6a2","2021-04-30 10:57:14.550"
"ALC","75.550","5","75.600","1","5","75.26","4c7c1c25-8320-4c30-8978-272c53ade622","2021-04-30 11:04:41.652"
"ALC","75.540","5","75.600","3","5","75.26","1cf2df97-4192-4928-bf5c-67196953f523","2021-04-30 11:04:41.652"
"ALC","75.540","6","75.600","4","5","75.26","98be0707-61e5-407f-9572-1f88b386df04","2021-04-30 11:04:41.652"
"ALC","75.560","5","75.600","5","5","75.26","ae53ff3f-f5de-4912-ad16-ebc6b8578490","2021-04-30 11:04:41.652"
"ALC","75.560","5","75.600","4","5","75.26","90017591-676b-43d0-93e4-28c4284aad51","2021-04-30 11:04:41.652"
"ALC","75.560","5","75.600","4","5","75.26","139e41bd-abb1-4f7e-a53f-49ef787ea332","2021-04-30 11:04:41.652"
"ALC","75.560","3","75.600","4","5","75.26","9325d79f-25cc-4af9-8302-0fa227a20df7","2021-04-30 11:04:41.652"
"ALC","75.560","6","75.600","4","5","75.26","10e50f2d-f122-4825-9631-197c8e67687d","2021-04-30 11:04:41.652"
"ALC","75.310","3","75.320","4","-5","75.33","8000543a-f65b-45e8-a513-360ce4cd1f4a","2021-04-30 11:05:13.812"
"ALC","75.310","3","75.320","4","-5","75.33","906f4db5-88c7-4be7-b19d-d8b27ce281be","2021-04-30 11:05:13.812"
"ALC","75.310","3","75.320","4","-5","75.33","ee1a414a-4348-49d4-9a01-dcf13927b8fe","2021-04-30 11:05:13.812"
"ALC","75.310","3","75.320","4","-5","75.33","65f73067-d882-45c8-9760-16528e41dd0c","2021-04-30 11:05:13.812"
"ALC","75.290","3","75.310","4","-5","75.31","2a36542a-ad8d-419d-8897-feb6235379c7","2021-04-30 11:05:30.151"
"ALC","75.300","1","75.310","4","-5","75.31","30ce823a-ddc3-453c-9e21-99099a613144","2021-04-30 11:05:40.575"
"ALC","75.300","1","75.310","4","-5","75.31","97f301c1-f992-466d-9f0c-c6b43da5f1ca","2021-04-30 11:05:40.575"
"ALC","75.300","3","75.320","3","-5","75.32","8f6e6ffd-fa94-4f4b-9ca3-87ddd9566e2c","2021-04-30 11:06:11.626"
"ALC","75.330","7","75.380","6","5","75.24","1bfe862e-ea01-497e-a05c-d82d8d3f5ee9","2021-04-30 11:28:00.720"
"ALC","75.070","1","75.120","5","-5","75.12","4ccff145-950f-44dc-9177-deed420dfd89","2021-04-30 11:31:49.443"
"ALC","75.530","1","75.590","1","5","75.40","ca4039e3-1483-4b35-8753-c1a862edb518","2021-04-30 11:59:10.811"
"ALC","75.480","1","75.590","2","5","75.40","38e324fb-c3ea-4105-9262-de53be601d82","2021-04-30 11:59:10.811"
"ALC","75.480","1","75.590","2","5","75.40","18962541-0a43-4b5f-bc1e-8c24db97e5ae","2021-04-30 11:59:10.811"
"ALC","75.480","1","75.590","2","5","75.40","341d3950-8c42-4b5a-9358-5f26563dd027","2021-04-30 11:59:10.811"
"ALC","75.490","1","75.590","2","5","75.40","165f0e15-cf9f-4a58-9a62-8d46eb627622","2021-04-30 11:59:10.811"
"ALC","75.490","1","75.590","2","5","75.40","f8a488b0-d357-4676-9332-afbb920e830f","2021-04-30 11:59:10.811"
"ALC","75.490","1","75.590","2","5","75.40","6fe3ec1f-b013-4ed6-abd7-3721cdb6d76e","2021-04-30 11:59:10.811"
"ALC","75.490","6","75.590","2","5","75.40","6959ab5f-fb23-41eb-865a-48fd10abecb6","2021-04-30 11:59:10.811"
"ALC","75.490","6","75.590","2","5","75.40","f5df1df1-ed57-41bb-9cc0-e5ee363cef28","2021-04-30 11:59:10.811"
"ALC","75.490","6","75.590","2","5","75.40","1abd762b-156d-4a40-a41a-1a81429b7759","2021-04-30 11:59:10.811"
"ALC","75.490","6","75.590","2","5","75.40","372bab50-b1a1-4271-ba53-0f047a7cda1f","2021-04-30 11:59:10.811"
"ALC","75.490","6","75.580","2","5","75.40","c606a5e3-ab76-4ced-bca2-63fe2fc607ed","2021-04-30 11:59:10.811"
"ALC","75.500","2","75.580","2","5","75.40","c644b771-1a66-4c76-b9a4-a831f534e4c9","2021-04-30 11:59:10.811"
"ALC","75.440","4","75.550","2","-5","75.55","54d32817-5d56-401b-a27f-ad780b897918","2021-04-30 12:03:24.967"
"ALC","75.440","4","75.550","2","-5","75.55","55e59bf6-3a1d-48b7-861b-603cbf8e4f96","2021-04-30 12:03:24.967"
"ALC","75.440","4","75.550","2","-5","75.55","8cae1d28-1e2a-4aea-a466-1be913b40b49","2021-04-30 12:03:24.967"
"ALC","75.440","4","75.550","2","-5","75.55","f05a8837-7d97-4bc0-a784-065c28d5d89a","2021-04-30 12:03:24.967"
"ALC","75.440","4","75.550","2","-5","75.55","48355351-df11-45fb-87de-a4ef89b5a1fb","2021-04-30 12:03:24.967"
"ALC","75.440","4","75.550","2","-5","75.55","ba832217-72b6-46da-bad6-c6b3de83a465","2021-04-30 12:03:24.967"
"ALC","75.440","4","75.550","2","-5","75.55","0d923f3b-79c7-4e7f-96e0-85ac5ba84329","2021-04-30 12:03:24.967"
"ALC","75.470","1","75.550","3","-5","75.55","62384db9-cc95-487f-a4fc-2b513a859435","2021-04-30 12:03:33.585"
"ALC","75.470","1","75.550","3","-5","75.55","aa3346a4-0367-4848-aba2-14ed5d2642a7","2021-04-30 12:03:33.585"
"ALC","75.470","1","75.550","3","-5","75.55","da377ec5-f666-47ac-95ec-5bde8b02ee7f","2021-04-30 12:03:33.585"
"ALC","75.470","3","75.580","2","-5","75.58","83552e35-6eb4-4d53-be3d-27fb0f8e1bca","2021-04-30 12:04:08.617"
"ALC","75.480","2","75.580","5","-5","75.58","00032b68-2cf9-466d-b540-a8f7c51c07a2","2021-04-30 12:04:11.358"
"ALC","75.480","2","75.580","5","-5","75.58","f17e9b4b-4b7c-432b-8653-186d3823ea6d","2021-04-30 12:04:23.995"
"ALC","75.560","3","75.630","4","5","75.55","09a42bf6-a28d-45ac-a67e-7dceb7937970","2021-04-30 12:34:34.124"
"ALC","75.560","4","75.620","1","5","75.55","5278baed-10a1-4c3b-9ac5-8974eff790ed","2021-04-30 12:34:34.124"
"ALC","75.560","4","75.620","1","5","75.55","347e82bc-39a0-4fb4-9afb-f95d01883d16","2021-04-30 12:34:34.124"
"ALC","75.570","2","75.630","1","5","75.51","e6a4d725-1c61-4000-8f43-bb70747ee898","2021-04-30 12:36:10.756"
"ALC","75.570","1","75.630","1","5","75.51","6352f412-99ff-40c0-9ec6-f69578193e2a","2021-04-30 12:36:10.756"
"ALC","75.570","1","75.630","1","5","75.51","a0774318-fb2e-4ffb-8e28-6a287f5eb0d6","2021-04-30 12:36:10.756"
"ALC","75.600","2","75.660","4","5","75.51","850ec7e6-58e5-4e48-a7c4-660483291ef5","2021-04-30 12:36:10.756"
"ALC","75.600","4","75.640","5","5","75.51","be10f28e-b4db-40ae-9bf0-1f048f3fe5a9","2021-04-30 12:36:10.756"
"ALC","75.600","4","75.640","5","5","75.51","87317225-a9bd-4d38-af55-ce0603e6b56a","2021-04-30 12:36:10.756"
"ALC","75.570","1","75.610","1","5","75.51","a4ab1de6-3710-4e38-9ed7-9b4deb5b91a9","2021-04-30 12:36:10.756"
"ALC","75.460","3","75.570","3","-5","75.59","42364c6a-bdd2-4e43-9626-f829c96d5889","2021-04-30 12:39:22.043"
"ALC","75.460","3","75.570","3","-5","75.59","12395c8c-e729-4bfc-88e4-43215c29d6dc","2021-04-30 12:39:22.043"
"ALC","75.460","3","75.570","3","-5","75.59","65aa19fd-2fcc-4c58-9c5f-484528dd8808","2021-04-30 12:39:22.043"
"ALC","75.460","3","75.570","3","-5","75.59","6f214061-89b3-46f9-bf1d-11d3e440528e","2021-04-30 12:39:22.043"
"ALC","75.460","3","75.570","3","-5","75.59","54dd21ed-c70c-4e3b-80de-bc4f25111018","2021-04-30 12:39:22.043"
"ALC","75.460","2","75.570","3","-5","75.59","ca389463-b4fd-42cf-9d23-3e60957b2e60","2021-04-30 12:39:22.043"
"ALC","75.460","2","75.570","3","-5","75.59","2d4f37f4-5f97-4d0d-808e-00f48d8a52da","2021-04-30 12:39:22.043"
"ALC","75.460","2","75.570","3","-5","75.59","5122628a-a7ed-429f-8745-eb4fba95f639","2021-04-30 12:39:22.043"
"ALC","75.460","2","75.560","1","-5","75.59","60e07769-3fd9-4be8-920f-8b77b17f8839","2021-04-30 12:39:22.043"
"ALC","75.460","2","75.560","1","-5","75.59","76772fa2-8045-4e6e-a070-9415a51c25c5","2021-04-30 12:39:22.043"
"ALC","75.590","5","75.650","3","5","75.57","5d892f53-7176-4943-b1dc-5a2c6a3fadbf","2021-04-30 12:43:51.823"
"ALC","75.600","5","75.650","3","5","75.57","36515250-2e8b-4c7f-87bc-a3bd73d7c459","2021-04-30 12:43:51.823"
"ALC","75.600","5","75.650","3","5","75.57","bf45c7d6-102c-4981-9c52-4e422d9b1189","2021-04-30 12:43:51.823"
"ALC","75.600","5","75.650","3","5","75.57","5f7347c4-cf8b-4471-b64f-fa507e61cff7","2021-04-30 12:43:51.823"
"ALC","75.590","1","75.600","2","5","75.57","c5c8ba48-ae9b-4246-bff5-ff0abc8d1524","2021-04-30 12:43:51.823"
"ALC","75.590","1","75.600","2","5","75.57","188fd923-e150-4f43-afb2-1cd7f8c1aa64","2021-04-30 12:43:51.823"
"ALC","75.590","1","75.600","2","5","75.57","6da0fb58-02b4-4794-9392-90e70f5fe8d1","2021-04-30 12:43:51.823"
"ALC","75.530","6","75.580","1","-5","75.58","e67c34e2-26b5-4909-aeaf-2e1e18e3a1a1","2021-04-30 12:47:30.602"
"ALC","75.530","6","75.580","1","-5","75.58","0704e5bc-9b2f-4518-9ee3-13eb5a07fed2","2021-04-30 12:47:30.602"
"ALC","75.530","3","75.590","6","-5","75.59","5d1d6cf9-b4fe-4040-9d95-93345bcbdadb","2021-04-30 12:47:47.050"
"ALC","75.530","3","75.590","6","-5","75.59","f865695a-c135-4507-82bc-c0c31fc6f1ed","2021-04-30 12:47:47.050"
"ALC","75.530","3","75.590","6","-5","75.59","45f05d27-5290-44bd-8de8-46530dcfe58d","2021-04-30 12:47:47.050"
"ALC","75.530","3","75.590","6","-5","75.59","35fa47f7-0f9c-422a-b5a9-cf3723d48964","2021-04-30 12:47:47.050"
"ALC","75.550","2","75.590","6","-5","75.59","01d051b8-27f6-48dd-8cb1-f97244351221","2021-04-30 12:47:47.050"
"ALC","75.690","2","75.730","2","5","75.64","0e1bd327-82fb-484f-802d-5a38cef32669","2021-04-30 13:40:38.648"
"ALC","75.690","2","75.730","1","5","75.64","02a5c734-26f3-4ea7-a7eb-118dd9fc60e3","2021-04-30 13:40:38.648"
"ALC","75.630","2","75.710","3","5","75.64","d994739e-f8a9-4fe4-8ade-3e4e32a64900","2021-04-30 13:40:38.648"
"ALC","75.640","2","75.710","3","5","75.64","ab0e9a07-8243-49a3-bff4-e3c8755cdd02","2021-04-30 13:40:38.648"
"ALC","75.640","2","75.700","2","5","75.64","4467f0f2-deca-4659-b9cb-f40ec8c1fe62","2021-04-30 13:40:38.648"
"ALC","75.660","3","75.740","4","5","75.60","e1bba377-b3e1-415e-bd7b-2a2a842477c9","2021-04-30 13:42:02.458"
"ALC","75.690","1","75.730","2","5","75.60","3f44de52-7021-4841-876f-208e4d351c70","2021-04-30 13:42:02.458"
"ALC","75.690","1","75.730","2","5","75.60","bdcab756-f7b5-4360-b385-5d47d14730b7","2021-04-30 13:42:02.458"
"ALC","75.690","3","75.730","2","5","75.60","1a3c44d2-f2e6-40a6-96f1-87e2dcb55792","2021-04-30 13:42:02.458"
"ALC","75.600","2","75.660","2","-5","75.66","d1cac8a3-cf32-4241-8bd6-9541b1116f87","2021-04-30 13:42:23.161"
"ALC","75.600","2","75.660","2","-5","75.66","bb9963f7-4513-4c7b-98cf-da7f18a92e15","2021-04-30 13:42:23.161"
"ALC","75.600","2","75.660","2","-5","75.66","1de9a3f9-46cd-4f61-a5e1-5feb0d600d49","2021-04-30 13:42:23.161"
"ALC","75.600","4","75.660","1","-5","75.66","0aab3fb1-b146-4ffb-bc0a-35704818c9b5","2021-04-30 13:42:23.161"
"ALC","75.600","4","75.660","2","-5","75.66","96b28e04-b2d0-4780-9a74-a120943b5618","2021-04-30 13:42:23.161"
"ALC","75.600","4","75.660","2","-5","75.66","92584d6a-f07a-4006-9125-c8017b349188","2021-04-30 13:42:57.045"
"ALC","75.600","4","75.660","2","-5","75.66","c550aa03-8de7-475b-a9b6-a1422d40145f","2021-04-30 13:42:57.045"
"ALC","75.600","4","75.660","2","-5","75.66","405ca61f-ec92-4cd2-b317-760c5128f675","2021-04-30 13:42:57.045"
"ALC","75.600","4","75.660","2","-5","75.66","afc3b693-e4bc-451d-baf2-caef57474fca","2021-04-30 13:43:15.658"
"ALC","75.700","4","75.780","1","5","75.66","fb47bd75-f33d-439e-984a-9f4b7f475cac","2021-04-30 14:40:19.078"
"ALC","75.700","4","75.780","2","5","75.66","fd4836fb-92c1-4d7e-8c74-e9fd323d7017","2021-04-30 14:40:19.078"
"ALC","75.700","4","75.780","4","5","75.66","32172e7b-a196-4326-a7bf-e1d0fdbf6045","2021-04-30 14:40:19.078"
"ALC","75.690","3","75.750","4","5","75.66","ac4dc266-8962-4a71-a910-51399e439c7d","2021-04-30 14:40:19.078"
"ALC","75.690","2","75.750","1","-5","75.75","f77bc4e8-53cf-48f6-88ff-67910126023e","2021-04-30 14:42:27.362"
"ALC","75.720","2","75.760","3","-5","75.76","e4bcd073-5358-49ac-a7ef-ee769934fb1a","2021-04-30 14:43:26.040"
"ALC","75.720","2","75.760","1","-5","75.76","1b6564ae-e0a7-4031-a6d9-fdc8e8ce2bc0","2021-04-30 14:43:36.080"
"ALC","75.720","2","75.760","1","-5","75.76","85f31e74-5517-4564-8cce-97e284e58a68","2021-04-30 14:43:57.030"
"ALC","75.720","2","75.760","4","5","75.72","d0baf13f-685b-4d8e-b652-29eafb5fe23b","2021-04-30 14:44:45.510"
"ALC","75.720","2","75.760","4","5","75.69","b84e056a-f021-40bb-9b31-6a96b3acbe7a","2021-04-30 14:46:14.251"
"ALC","75.640","2","75.700","2","-5","75.70","3f3a1a26-60d5-4ff6-98fb-8723ce6ab4bd","2021-04-30 14:50:44.230"
"ALC","75.640","2","75.700","2","-5","75.70","8e5d2143-8bb2-4324-b530-f3347513fb6a","2021-04-30 14:50:44.230"
"ALC","75.750","2","75.800","4","5","75.59","46166921-95cf-49cd-9534-87fcd7666069","2021-04-30 14:52:11.629"
"ALC","75.750","1","75.800","4","5","75.59","daaf941f-c3a5-4487-b121-b58a1cc02289","2021-04-30 14:52:11.629"
"ALC","75.740","2","75.790","2","5","75.59","dae2c985-bf76-47e8-84f4-51a6a574f907","2021-04-30 14:52:11.629"
"ALC","75.740","1","75.790","1","5","75.59","84f36348-7819-4583-b41e-030801309fd9","2021-04-30 14:52:11.629"
"ALC","75.740","1","75.790","1","5","75.59","6c47ed09-1c71-4b0a-8354-dd6e340c9304","2021-04-30 14:52:11.629"
"ALC","75.510","4","75.580","2","-5","75.58","7d40b522-953d-4cf8-9c10-036c69efa398","2021-04-30 14:54:30.283"
"ALC","75.510","4","75.590","1","-5","75.59","d767027d-77ae-40b8-adcd-be7422aa26c1","2021-04-30 14:54:50.515"
"ALC","75.510","4","75.590","1","-5","75.59","12b8de37-8c8e-4b68-9fb2-3f0704dcb87a","2021-04-30 14:54:50.515"
"ALC","75.510","4","75.590","1","-5","75.59","40516d3b-9ced-4159-b281-2fb53d9ec103","2021-04-30 14:54:50.515"
"ALC","75.530","1","75.600","1","-5","75.60","5643ec00-8158-4f4a-8f35-40efd8d8225d","2021-04-30 14:56:53.238"
"ALC","75.600","4","75.640","1","5","75.54","f025c7e3-db3b-4ca6-8905-0ac1cac8d4b4","2021-04-30 15:17:45.403"
"ALC","75.530","4","75.560","3","-5","75.56","11a68554-4f2a-4b2b-8cd9-51cdf55e3890","2021-04-30 15:20:25.561"
"ALC","75.650","1","75.680","3","5","75.53","a7e13d2e-59eb-4b32-af53-c4b87159da79","2021-04-30 15:32:34.016"
"ALC","75.630","1","75.670","4","5","75.51","0bea5349-bbc6-466a-a533-891ff53d56d5","2021-04-30 15:33:41.489"
