"Symbol","Bid","Bid Sz","Ask","Ask Sz","Shares","Price","Order ID","Timestamp"
"AA","49.820","1","49.860","2","23","49.86","7fc80987-fe15-417c-a63f-3cd720b7b87b","2021-11-23 10:12:40.006"
"AA","49.800","1","49.830","5","-23","49.83","cd86d1bd-771d-4103-8978-5841540f4f3e","2021-11-23 10:13:40.373"
"AA","49.780","1","49.830","1","23","49.83","b452c809-14a5-44d9-b776-3fd46e1c886c","2021-11-23 10:14:00.006"
"AA","49.820","2","49.870","5","-23","49.87","3adf7807-4727-4481-9839-0345fc8e96a4","2021-11-23 10:15:13.762"
"AA","49.980","1","50.000","2","23","49.84","6f2fc46b-ed19-406e-aa27-82ab2094fa65","2021-11-23 10:21:03.136"
"AA","49.920","1","49.960","2","23","49.84","ee3a5a7e-1d88-473d-874c-6d1a236764d3","2021-11-23 10:21:03.136"
"AA","49.690","2","49.710","2","-23","49.71","c6df4b77-114c-4cec-9a1e-cb894a5a52af","2021-11-23 10:21:52.361"
"AA","49.690","1","49.700","1","-23","49.70","1f476be1-3730-4f56-89fc-eb98ebb7869d","2021-11-23 10:22:00.804"
"AA","50.050","2","50.100","20","23","49.63","76f6606e-b35f-4f16-b50f-e147516e3467","2021-11-23 10:24:43.026"
"AA","49.800","1","49.830","1","-23","49.83","c4bd3b7a-fd5a-4474-aa9c-4d4ec811bcd7","2021-11-23 10:26:17.393"
"AA","49.650","2","49.670","2","23","49.54","e04b3182-fdd5-41f6-8822-b26eaccacdbd","2021-11-23 10:48:29.616"
"AA","49.650","1","49.660","1","23","49.54","3fbb1ec0-6ff3-4ce4-94b7-7a69098f2b7b","2021-11-23 10:48:29.616"
"AA","49.650","1","49.670","1","23","49.54","284cdf57-d1b2-4cb5-9ca0-80e53034df10","2021-11-23 10:48:29.616"
"AA","49.640","1","49.670","1","23","49.54","9dfc1d22-af96-4881-9ea7-a3e74e07334f","2021-11-23 10:48:29.616"
"AA","49.620","3","49.650","1","23","49.54","fe6bcc2f-c227-4a59-9664-380c2eae1c2a","2021-11-23 10:48:29.616"
"AA","49.470","11","49.510","4","-23","49.51","80c5b9d5-4642-414c-89fd-578af7cf96e0","2021-11-23 10:51:00.660"
"AA","49.690","2","49.730","4","23","49.44","30de66db-2df2-438e-8151-f70d0552e931","2021-11-23 10:51:36.742"
"AA","49.720","2","49.750","1","23","49.44","13dff6b2-1153-437e-b617-993282f9a295","2021-11-23 10:51:36.742"
"AA","49.710","2","49.730","2","23","49.44","8efb651d-5965-4dc7-b67d-5c36b0e3e116","2021-11-23 10:51:36.742"
"AA","49.710","1","49.740","1","23","49.41","0c146732-7ff9-4816-a8f2-b8cc59d2601c","2021-11-23 10:51:36.792"
"AA","49.670","4","49.710","1","23","49.41","46366236-2366-4d00-8c54-9178a967fd30","2021-11-23 10:51:36.792"
"AA","49.650","2","49.680","3","23","49.41","d71a1d8b-a40f-42a3-8727-324e19778b31","2021-11-23 10:51:36.792"
"AA","49.670","5","49.720","3","23","49.41","98ab9d0b-feac-4da3-b8ed-473e732657db","2021-11-23 10:51:36.792"
"AA","49.650","1","49.690","1","23","49.41","9c70e51a-3b70-4f17-81fa-ce523cf0fdaa","2021-11-23 10:51:36.792"
"AA","49.220","1","49.240","1","-23","49.25","7402454e-908f-491f-b8da-fb1b01f0015e","2021-11-23 10:53:43.067"
"AA","49.170","4","49.200","3","-23","49.20","c592e4de-0bc1-4d06-9f73-e614476784ff","2021-11-23 10:54:01.937"
"AA","49.170","4","49.200","3","-23","49.20","ec28864b-a5b4-4f0e-a2c0-07dcafc6dbca","2021-11-23 10:54:01.937"
"AA","49.170","4","49.200","3","-23","49.20","2f07a48e-4db4-4f99-af44-61843fa99fc2","2021-11-23 10:54:01.937"
"AA","49.140","53","49.150","1","-23","49.15","1bc9818d-d3db-4cd9-b959-6cafa4867cdd","2021-11-23 10:54:10.268"
"AA","49.120","3","49.130","1","-23","49.13","cfa28031-03d0-4092-aa29-45e80ee011bd","2021-11-23 10:54:33.117"
"AA","49.120","3","49.130","1","-23","49.13","6594d482-0e06-4808-8b2f-669c3e997f95","2021-11-23 10:54:33.117"
"AA","49.120","3","49.130","1","-23","49.13","eb303133-7a2f-4068-b1e1-4aa69cb268a6","2021-11-23 10:54:33.117"
"AA","49.100","2","49.120","1","-23","49.12","b94708ea-2164-45bb-ab91-b3590f92dd54","2021-11-23 10:54:47.957"
"AA","49.100","2","49.120","1","-23","49.12","4df9ed28-3564-445d-8ba0-9cf8c72756b7","2021-11-23 10:54:47.957"
"AA","49.090","3","49.120","2","-23","49.12","daf7216f-6949-421b-b4d2-e7bf0cbc8f94","2021-11-23 10:55:11.558"
"AA","49.100","10","49.130","1","-23","49.13","6c49700c-2a5a-4a1d-9044-2751f9fc3cc2","2021-11-23 10:55:11.558"
"AA","49.900","2","49.950","2","23","48.81","e99f00d2-ab95-4aaa-a4d7-0e0993606582","2021-11-23 10:59:44.151"
"AA","49.860","1","49.910","3","23","48.81","c8da2fa4-069d-4ea4-9023-1e7a7e9d4319","2021-11-23 10:59:44.151"
"AA","49.840","1","49.860","1","23","48.81","7b071a14-7f8d-40f3-b0dd-cfbda9c314cc","2021-11-23 10:59:44.151"
"AA","49.850","1","49.910","5","23","48.81","b1a8960b-4e4d-4ee5-baf5-2dcc49135c9c","2021-11-23 10:59:44.151"
"AA","49.900","2","49.940","1","23","48.81","7c6d7e15-c2b3-4270-af96-58dbfde6f9d4","2021-11-23 10:59:44.151"
"AA","50.060","7","50.120","1","23","48.81","3f0041e1-e4ca-4954-a4d3-5631c43ac87d","2021-11-23 10:59:44.151"
"AA","50.030","3","50.060","1","23","48.79","bcae69f4-2ae8-41f3-8975-9c1f5497fc35","2021-11-23 10:59:45.467"
"AA","50.050","6","50.090","1","23","48.79","d7cf1b62-e754-4535-bbbf-693f3931eb73","2021-11-23 10:59:45.467"
"AA","50.040","1","50.070","2","23","48.79","e39e716e-0ffc-4493-89c2-5c9467de144a","2021-11-23 10:59:45.467"
"AA","48.860","1","48.900","2","-23","48.90","9295e850-3370-4d7b-80c4-9b92d782d469","2021-11-23 11:00:25.593"
"AA","48.860","1","48.900","2","-23","48.90","5a4f240d-3c9e-44f6-8852-98d3d8f68d70","2021-11-23 11:00:25.593"
"AA","48.860","1","48.900","2","-23","48.90","39973354-4941-470e-882d-7ec19a54c230","2021-11-23 11:00:25.593"
"AA","48.860","1","48.900","2","-23","48.90","e4bd9c73-d4f2-4152-a45f-11167728221e","2021-11-23 11:00:25.593"
"AA","48.860","1","48.900","2","-23","48.90","18af427a-b9da-41a5-a06f-11d2f21d0174","2021-11-23 11:00:25.593"
"AA","50.060","2","50.080","1","23","48.76","75fa076e-34ff-4152-acbd-d64fb0ab115a","2021-11-23 11:01:13.640"
"AA","50.030","1","50.050","1","23","48.76","f6d77470-8d2f-428d-acf9-81f5a683dabd","2021-11-23 11:01:13.640"
"AA","50.130","2","50.150","1","23","48.76","fe529373-f906-475a-a3c5-e8b97fd1db6c","2021-11-23 11:01:13.640"
"AA","48.750","5","48.770","5","-23","48.77","a9a9fe9c-798e-4598-a78f-8bb827f14ec6","2021-11-23 11:01:25.092"
"AA","48.700","5","48.730","2","-23","48.73","3377a2e0-4e6e-4cfb-b462-9bc9da820a42","2021-11-23 11:03:09.484"
"AA","48.730","1","48.750","1","-23","48.75","89f777f0-a5a4-4bbb-b75a-c4412f4c4bad","2021-11-23 11:03:10.306"
"AA","48.730","1","48.750","1","-23","48.75","c3572ab7-9e8f-4789-87af-8e60f3cb57ac","2021-11-23 11:03:10.306"
"AA","48.610","2","48.630","2","-23","48.63","5b22115a-9bc4-4e52-a0e3-0134ce698f67","2021-11-23 11:04:12.724"
"AA","48.620","3","48.660","1","-23","48.66","af8dad11-7e23-4c25-acaf-d5d17ef1d3ed","2021-11-23 11:04:18.102"
"AA","48.630","3","48.690","3","-23","48.69","1d155176-e18c-4af6-b957-ad74c6900743","2021-11-23 11:04:26.138"
"AA","48.750","2","48.780","4","23","48.78","3b7619ca-5f79-4685-9257-46d9df86a4e2","2021-11-23 11:13:00.006"
"AA","48.730","2","48.770","3","-23","48.77","8fc1085b-6b9d-40c6-9009-877bac61927d","2021-11-23 11:14:54.493"
"AA","48.900","2","48.920","2","23","48.72","bab11a1c-3eca-4105-bb0b-2741e076caf2","2021-11-23 11:20:06.994"
"AA","48.880","3","48.910","4","23","48.72","f79b9ad6-2a23-49f5-bf52-1ba7b426112d","2021-11-23 11:20:06.994"
"AA","48.880","1","48.910","1","23","48.72","8666cf8b-1931-47e4-b72b-e39099ca17c3","2021-11-23 11:20:06.994"
"AA","48.750","1","48.790","2","-23","48.79","118678c1-395a-4940-b06a-027184f01fec","2021-11-23 11:20:37.524"
"AA","48.750","1","48.790","2","-23","48.79","55f94201-85a7-4381-85e2-9bfea03825f5","2021-11-23 11:20:37.524"
"AA","48.740","1","48.780","3","-23","48.78","b4ff2a2a-39d3-4225-acd9-8c08a09ae9e1","2021-11-23 11:21:06.476"
"AA","48.890","3","48.910","1","23","48.68","2f677997-b4c8-463f-ad59-c3d8313bf0ab","2021-11-23 11:25:33.176"
"AA","48.840","15","48.890","1","-23","48.89","b48ef50b-62a1-4080-ad24-10873d843524","2021-11-23 11:26:12.440"
"AA","48.840","1","48.890","1","23","48.76","108bbee0-f7d3-4417-85ba-20f66117516f","2021-11-23 11:34:30.151"
"AA","48.870","3","48.900","1","23","48.76","1cb62692-fcea-479e-8267-48ef360f0d20","2021-11-23 11:34:30.151"
"AA","48.840","2","48.890","1","23","48.76","2feeb32f-de1f-4ee9-8f05-10923d9b758a","2021-11-23 11:34:30.151"
"AA","48.840","2","48.890","1","23","48.76","05906d39-050c-4f90-9822-230a2c9c1cab","2021-11-23 11:34:30.151"
"AA","48.850","1","48.890","5","23","48.76","09152bda-c7ca-461a-91ee-8d66c344254d","2021-11-23 11:34:30.151"
"AA","48.820","5","48.890","6","23","48.76","ca135c1a-3e09-46e9-b249-a883d091cd46","2021-11-23 11:34:30.151"
"AA","48.780","1","48.810","2","23","48.69","24b16a84-4b17-485c-b219-20dd0ee27fc7","2021-11-23 11:34:51.314"
"AA","48.890","2","48.910","2","23","48.69","91acb4ab-1e8a-41d3-bc69-ec821ee9f3b4","2021-11-23 11:34:51.314"
"AA","48.850","1","48.880","1","23","48.69","548c072c-710a-4c43-8733-9a7fb62a6f97","2021-11-23 11:34:51.314"
"AA","48.680","1","48.700","1","-23","48.70","56164980-57f8-4e34-bb44-7c429656937f","2021-11-23 11:35:21.439"
"AA","48.680","1","48.700","1","-23","48.70","ca164abe-070b-4f04-a056-accdcfb29ed2","2021-11-23 11:35:21.439"
"AA","48.680","1","48.700","1","-23","48.70","de5eef67-9ffc-415e-a9e4-91f179a7102a","2021-11-23 11:35:21.439"
"AA","48.680","1","48.700","1","-23","48.70","dc05da8e-c5ad-4f06-8c2d-017dbad59064","2021-11-23 11:35:21.439"
"AA","48.680","1","48.700","1","-23","48.70","03e0bb62-8490-4523-ba0e-266984f95a55","2021-11-23 11:35:21.439"
"AA","48.640","2","48.660","2","-23","48.66","7520e380-0cf3-419d-8a63-10761cf4ef2c","2021-11-23 11:35:41.412"
"AA","48.770","5","48.780","1","23","48.60","9459f18c-0ea3-4c0c-a6c9-e03f375bc453","2021-11-23 11:35:46.250"
"AA","48.770","1","48.790","1","23","48.60","43cec2cb-2b41-48e7-9a80-ce126fc45f03","2021-11-23 11:35:46.250"
"AA","48.760","2","48.800","3","23","48.60","22c06cbf-2229-49bd-b33a-55cf22a78b46","2021-11-23 11:35:46.250"
"AA","48.780","1","48.800","1","23","48.60","1d1b9747-b5c9-4473-803e-a01fb8ef6e37","2021-11-23 11:35:46.250"
"AA","48.750","1","48.780","1","23","48.60","0d22c4a6-9a74-4bd2-a72a-734205be85f2","2021-11-23 11:35:46.250"
"AA","48.750","5","48.800","6","23","48.60","7e6ff717-85e1-4955-8cc2-91b446806b7d","2021-11-23 11:35:46.250"
"AA","48.750","6","48.800","6","23","48.60","b100b714-4764-4b75-ac51-2254a1701fb8","2021-11-23 11:35:46.250"
"AA","48.750","6","48.800","6","23","48.56","61718e67-2f0c-42f3-b194-41b8e51d63ce","2021-11-23 11:35:48.244"
"AA","48.770","3","48.800","1","23","48.56","b490e1b1-08d7-4849-840b-cc2f6bac7634","2021-11-23 11:35:48.244"
"AA","48.770","1","48.800","3","23","48.56","f9799c79-d7a5-4637-9c98-52769328d20f","2021-11-23 11:35:48.244"
"AA","48.770","1","48.800","3","23","48.56","d4bae96b-6063-4c21-bf2b-236d0dbf565e","2021-11-23 11:35:48.244"
"AA","48.560","1","48.580","1","-23","48.58","3da56507-6302-46fe-bea4-ab05b53a2250","2021-11-23 11:35:50.994"
"AA","48.580","2","48.600","1","-23","48.60","fc71f042-3c14-4d9a-b870-84bd1fcf1e27","2021-11-23 11:36:03.922"
"AA","48.580","2","48.600","1","-23","48.60","20f22f2f-2d39-4523-b40f-5792a89d1fc2","2021-11-23 11:36:03.922"
"AA","48.580","2","48.600","1","-23","48.60","c6a70f1a-2751-45d2-be71-89adf0202cbe","2021-11-23 11:36:03.922"
"AA","48.580","2","48.600","1","-23","48.60","220996a3-a5f7-47ef-a3a4-29d44e01bc8a","2021-11-23 11:36:03.922"
"AA","48.580","2","48.600","1","-23","48.60","781af840-6ca8-45fe-b288-b060d11291d6","2021-11-23 11:36:03.922"
"AA","48.580","2","48.600","1","-23","48.60","63f717bc-6b0d-4cd7-8f04-ba9015a46df7","2021-11-23 11:36:03.922"
"AA","48.580","2","48.600","1","-23","48.60","4f6b4c3e-569b-4601-bf82-82e045bee203","2021-11-23 11:36:03.922"
"AA","48.840","16","48.880","1","23","48.53","4225c1ed-5e8a-43e6-8085-3a4ae167beef","2021-11-23 11:36:09.166"
"AA","48.860","1","48.890","1","23","48.53","58da635c-5d55-4875-a67f-b612e1350b1d","2021-11-23 11:36:09.166"
"AA","48.840","21","48.880","1","23","48.53","c64895dc-640c-4989-aca0-726a345c4885","2021-11-23 11:36:09.166"
"AA","48.860","1","48.890","2","23","48.53","2193fff0-c8d5-4a5e-bd70-053a88706dee","2021-11-23 11:36:09.166"
"AA","48.520","1","48.540","1","-23","48.54","bb89abc6-7d46-4344-9a4f-98c6981ad7fe","2021-11-23 11:36:11.112"
"AA","48.520","1","48.540","1","-23","48.54","24e06779-7fc5-4b1d-b335-31a172dfe0f2","2021-11-23 11:36:11.112"
"AA","48.520","1","48.540","1","-23","48.54","8d47ca8b-380b-43f6-84ab-abc3002a91af","2021-11-23 11:36:11.112"
"AA","48.550","1","48.570","1","-23","48.57","df2577fc-04c1-41e9-97be-558de1727dfa","2021-11-23 11:36:35.011"
"AA","48.550","1","48.570","1","-23","48.57","248bc55e-9368-4dfd-9407-3b05f24a9c05","2021-11-23 11:36:35.011"
"AA","48.550","1","48.580","4","-23","48.58","6f59b60c-628a-4bf3-8119-b90076374c5a","2021-11-23 11:36:51.033"
"AA","48.550","1","48.580","4","-23","48.58","b15170d4-8898-49ae-a6a2-ae293a893d18","2021-11-23 11:36:51.033"
"AA","48.550","1","48.580","4","-23","48.58","2e37ab61-5657-4676-b6be-4e887428c418","2021-11-23 11:36:51.033"
"AA","48.540","1","48.580","4","-23","48.58","e21b0b87-37c9-44fa-ac63-6db02098a594","2021-11-23 11:36:51.033"
"AA","48.520","10","48.560","1","-23","48.58","3541c9bd-8665-4dae-8a2c-f7ea0dfd38e0","2021-11-23 11:37:00.153"
"AA","48.800","2","48.830","5","23","48.72","9d7cc2d8-466a-49f5-97ea-eeb597634184","2021-11-23 11:44:31.903"
"AA","48.820","3","48.860","1","23","48.71","bb2679ee-c634-4b72-9654-eb31acd4e019","2021-11-23 11:44:31.905"
"AA","48.760","3","48.790","1","23","48.71","2580a634-23fc-42ca-a4bc-45946cd05ce7","2021-11-23 11:44:31.905"
"AA","48.640","1","48.670","1","-23","48.67","83766370-b50b-44fc-897f-927909368e78","2021-11-23 11:45:03.602"
"AA","48.650","1","48.690","1","-23","48.69","1cfe2d02-94c3-4a54-9f69-15389d54f7b4","2021-11-23 11:45:04.474"
"AA","48.650","1","48.690","1","-23","48.69","474c9638-195b-468e-9162-bbf5dfec6e15","2021-11-23 11:45:04.474"
"AA","48.910","2","48.960","1","23","48.78","b3b9784d-8ef1-47db-b26b-6a19dec602bb","2021-11-23 11:53:42.686"
"AA","48.840","1","48.880","1","23","48.78","026b5175-4a73-4285-849c-6cd321ce4607","2021-11-23 11:53:42.686"
"AA","48.870","1","48.910","1","23","48.78","0eebcd07-bd29-4982-854c-8ad80fd498c2","2021-11-23 11:53:42.686"
"AA","48.870","3","48.910","7","23","48.78","4826b84e-1117-47fa-8be6-c90010426aa8","2021-11-23 11:53:42.686"
"AA","48.910","1","48.950","1","23","48.78","d0ac0e32-4fb5-4593-8cde-d05da141ce02","2021-11-23 11:53:42.686"
"AA","48.730","3","48.760","2","-23","48.76","06b04a19-ae0c-418a-9dcf-0baf7e97d101","2021-11-23 11:55:04.678"
"AA","48.730","3","48.760","2","-23","48.76","ff0e793f-a1fa-4e16-8fc4-7187472c6588","2021-11-23 11:55:04.678"
"AA","48.730","3","48.760","2","-23","48.76","377912f6-4184-4a56-8382-0febe5c77ce0","2021-11-23 11:55:04.678"
"AA","48.760","2","48.800","1","-23","48.81","cc45ac6c-892a-4db6-b6cb-60af8d76f867","2021-11-23 11:55:13.650"
"AA","48.740","1","48.750","1","-23","48.75","f76cc4b2-dc46-4957-9048-d19d7541dc66","2021-11-23 11:56:31.778"
"AA","48.910","1","48.950","1","23","48.69","3e5c1e93-b119-4c56-a7da-8269fa1fb9dd","2021-11-23 11:59:16.537"
"AA","48.930","1","48.970","3","23","48.69","76bb63d0-b307-4219-b7b1-37fbdf7640a8","2021-11-23 11:59:16.537"
"AA","48.920","1","48.960","2","23","48.69","2956d007-aea5-4426-960d-d53a274fe133","2021-11-23 11:59:16.537"
"AA","48.650","3","48.690","2","-23","48.69","f324e3a5-2dff-4be8-a88e-46bac1ee79aa","2021-11-23 12:00:34.397"
"AA","48.650","3","48.690","2","-23","48.69","aed46c09-cf46-4607-8579-dc0dba997683","2021-11-23 12:00:34.397"
"AA","48.660","1","48.690","1","-23","48.69","538bca5a-5d26-4467-9c17-64fc5da42ee6","2021-11-23 12:00:47.390"
"AA","48.910","1","48.940","1","23","48.58","fdf9a17f-2428-4e1f-9d39-1d01ec8da69b","2021-11-23 12:02:02.058"
"AA","48.910","1","48.940","1","23","48.58","4768a027-e22b-483d-ae6c-ef69504fc549","2021-11-23 12:02:02.058"
"AA","48.790","1","48.800","1","23","48.58","b8b88ddf-dbda-400c-8c53-7ce99377099d","2021-11-23 12:02:02.058"
"AA","48.770","1","48.800","2","23","48.58","c23cdcc2-c64e-44ff-bd1e-b82f10f391f9","2021-11-23 12:02:02.058"
"AA","48.810","3","48.820","1","23","48.58","7bd85d33-1a5c-451a-8d82-615f98c2d556","2021-11-23 12:02:02.058"
"AA","48.780","3","48.810","1","23","48.58","af00caea-b87f-43ed-83c8-d1ecd149084f","2021-11-23 12:02:02.058"
"AA","48.840","2","48.880","1","23","48.54","c50071a9-ed26-4bc5-8afa-3d7740b872f9","2021-11-23 12:02:40.297"
"AA","48.890","1","48.920","5","23","48.54","8b551788-2533-4028-9374-424c25349c31","2021-11-23 12:02:40.297"
"AA","48.730","1","48.760","2","23","48.54","d875cc48-c14f-4017-bbd8-2a2504c05961","2021-11-23 12:02:40.297"
"AA","48.540","1","48.560","3","-23","48.57","5dd0778c-4de1-415b-bd26-e94c925d063b","2021-11-23 12:03:01.648"
"AA","48.540","1","48.560","3","-23","48.57","fcc68c01-53ce-46a8-abfb-96435eab60b1","2021-11-23 12:03:01.648"
"AA","48.540","1","48.560","3","-23","48.57","6b0ef7b9-0d5e-4cb4-ad36-2076002fb71b","2021-11-23 12:03:01.648"
"AA","48.540","1","48.560","3","-23","48.57","be5c73c3-7edf-4359-9238-e29b61f2961d","2021-11-23 12:03:01.648"
"AA","48.540","1","48.560","3","-23","48.57","e51a0e03-10c5-4c7a-9802-72a4ccbc8316","2021-11-23 12:03:01.648"
"AA","48.540","1","48.570","2","-23","48.57","29ca7ec8-7e8c-4223-8c68-8681c9930068","2021-11-23 12:03:10.348"
"AA","48.510","5","48.530","1","-23","48.53","b930e16c-9bae-4150-83fa-51d005c09e0a","2021-11-23 12:03:20.751"
"AA","48.510","5","48.530","1","-23","48.53","8e3236d2-6f87-4f63-9dad-3f6d310652f0","2021-11-23 12:03:20.751"
"AA","48.470","1","48.500","2","-23","48.50","f4d3d1b6-0de2-4645-b3fb-e08cb39d950d","2021-11-23 12:03:30.321"
"AA","48.840","2","48.880","6","23","48.83","57f58468-42ff-4908-aaa9-9fdf7f829018","2021-11-23 12:54:52.360"
"AA","48.820","1","48.840","2","-23","48.85","653717d2-07c8-4280-b6f7-9fc775cd1072","2021-11-23 12:55:52.055"
"AA","48.890","1","48.920","1","23","48.76","7e5792de-5065-4c8f-87c6-eceab7f46800","2021-11-23 12:58:02.282"
"AA","48.900","1","48.920","41","23","48.76","3e446d45-8f86-42f6-84ad-7f1ec60f7337","2021-11-23 12:58:02.282"
"AA","48.880","2","48.910","1","23","48.76","1bd4b248-936a-4f91-8527-048d0832f15f","2021-11-23 12:58:02.282"
"AA","48.890","1","48.920","40","23","48.76","295dfdac-26f6-49bf-acd0-c983b8b39bd9","2021-11-23 12:58:02.282"
"AA","48.880","1","48.900","2","23","48.76","95349847-bc50-4596-80cf-ab14d856908e","2021-11-23 12:58:02.282"
"AA","48.740","3","48.760","1","-23","48.76","61d744ed-5681-4f04-9dda-7d792a877813","2021-11-23 12:58:46.979"
"AA","48.740","3","48.760","1","-23","48.76","0580a47e-3b97-438d-9a79-6b5e7bac3c83","2021-11-23 12:58:46.979"
"AA","48.740","3","48.760","1","-23","48.76","e56dfad4-feea-4c33-9006-b483bed27bdc","2021-11-23 12:58:46.979"
"AA","48.740","1","48.770","2","-23","48.77","33d4d691-1905-43ab-88da-88ec52d82ea0","2021-11-23 12:59:03.523"
"AA","48.750","2","48.780","1","-23","48.78","b1175c64-2864-49b4-b438-a7d8f7bee37f","2021-11-23 12:59:31.650"
"AA","48.930","2","48.950","1","23","48.86","27411fc2-881e-4647-8c1f-12027bcc22dc","2021-11-23 13:05:14.176"
"AA","48.940","2","48.960","1","23","48.86","a743c6d8-ab51-4bf2-8d62-e92f5378efb8","2021-11-23 13:05:14.176"
"AA","48.950","2","48.970","1","23","48.86","d55f2a72-5f68-4649-ab38-1a0640853647","2021-11-23 13:05:14.176"
"AA","48.940","1","48.970","1","23","48.86","f70715cc-3f69-4ca0-aa92-7dbeb8c9f592","2021-11-23 13:05:14.176"
"AA","48.920","1","48.950","2","23","48.86","18c098a9-ea5f-4694-a92a-fb1d7f1c1912","2021-11-23 13:05:14.176"
"AA","48.930","2","48.960","1","23","48.86","90abc418-053b-4507-9a53-52b0db2f79bf","2021-11-23 13:05:14.176"
"AA","48.890","1","48.910","2","23","48.86","70bd149d-b889-41a0-9391-122a72f37db3","2021-11-23 13:05:14.176"
"AA","48.850","1","48.880","1","-23","48.88","40ca6a9c-2652-4a6b-bee4-095a9b374656","2021-11-23 13:05:58.588"
"AA","48.850","1","48.880","1","-23","48.88","24e572d9-85e5-4540-84fe-b06e99f32d53","2021-11-23 13:05:58.588"
"AA","48.850","1","48.880","1","-23","48.88","6993418a-08f7-433f-8f46-186aafa6b109","2021-11-23 13:05:58.588"
"AA","48.850","1","48.880","1","-23","48.88","c39bed2d-d3fa-4690-abfe-103a89825445","2021-11-23 13:05:58.588"
"AA","48.860","1","48.880","1","-23","48.88","24c874e3-a055-4e0e-84e5-64f395a58d92","2021-11-23 13:06:00.238"
"AA","48.860","1","48.880","1","-23","48.88","e7458a4f-9a27-4fad-8d69-cccc1123f69d","2021-11-23 13:06:00.238"
"AA","48.890","2","48.910","1","-23","48.91","77d823c1-a9cc-4034-8d6b-578519d847fa","2021-11-23 13:06:16.233"
"AA","48.910","1","48.940","2","23","48.86","efc31cfc-e8d6-4364-b479-57a576b854f2","2021-11-23 13:06:54.068"
"AA","48.900","1","48.920","5","23","48.86","ba28da95-bb59-4626-9150-2573b3204f83","2021-11-23 13:06:54.068"
"AA","48.850","2","48.870","1","23","48.86","f3c79570-5a80-40b2-ae01-eafadfffbd6b","2021-11-23 13:06:54.068"
"AA","48.910","3","48.940","2","23","48.69","8423493a-7063-4226-9f80-2b83b0815bf9","2021-11-23 13:10:14.171"
"AA","48.950","3","48.980","5","23","48.69","431ad82e-bf22-4357-9457-500dafb5a90c","2021-11-23 13:10:14.171"
"AA","48.710","6","48.730","2","-23","48.73","1becf181-47d2-4971-97e6-e43014e395c4","2021-11-23 13:10:55.862"
"AA","48.730","1","48.750","6","-23","48.75","3d792a1c-1fee-4f7c-9cf3-9d30787640a5","2021-11-23 13:11:02.273"
"AA","48.720","1","48.760","2","-23","48.76","324a1b1d-273a-4c7c-87a7-63e78c98ff63","2021-11-23 13:11:02.286"
"AA","48.720","1","48.760","2","-23","48.76","a4a7d33f-63fe-4db2-9819-72ed44014e7d","2021-11-23 13:11:02.286"
"AA","48.720","1","48.760","2","-23","48.76","bd6c11b6-98fb-484f-a23e-3f8ad3acff31","2021-11-23 13:11:02.286"
"AA","48.750","1","48.770","1","23","48.76","25286db6-5d36-4b21-aea6-07e18edf47a1","2021-11-23 13:24:04.755"
"AA","48.750","1","48.780","2","-23","48.78","fe6525f0-3e58-4a97-8b28-6f1919165ccf","2021-11-23 13:26:11.758"
"AA","48.790","1","48.830","1","23","48.67","16796766-0f6a-4c02-a301-a6e56f097c69","2021-11-23 13:29:23.812"
"AA","48.790","1","48.820","1","23","48.67","2d90b3dd-9a71-4fef-932e-8bd7e810bf68","2021-11-23 13:29:23.812"
"AA","48.780","1","48.810","2","23","48.67","de669bab-1818-4713-a779-989a98a9e1da","2021-11-23 13:29:23.812"
"AA","48.780","1","48.810","2","23","48.67","47705555-9157-441d-a69d-79d9ad1a0952","2021-11-23 13:29:23.812"
"AA","48.780","2","48.810","3","23","48.67","99f498bf-b590-45ca-83c8-f6933dadc903","2021-11-23 13:29:23.812"
"AA","48.670","1","48.680","1","-23","48.68","fa4f3932-0087-41be-bc59-f950401e9b3d","2021-11-23 13:30:30.816"
"AA","48.670","1","48.680","1","-23","48.68","5e76d1b8-0424-4e73-bc20-a2b62c5be357","2021-11-23 13:30:30.816"
"AA","48.670","1","48.680","1","-23","48.68","14e7b363-100f-4f6b-9b3d-5db4c942a8c1","2021-11-23 13:30:30.816"
"AA","48.690","1","48.710","2","-23","48.71","f32c578a-e35f-4be9-9c0c-70230b020db8","2021-11-23 13:30:42.164"
"AA","48.690","5","48.720","2","-23","48.72","9b755524-13ed-473f-b9c7-204beefdc31c","2021-11-23 13:30:55.093"
"AA","48.700","1","48.720","1","23","48.66","13bfe3b7-8d44-47ad-86dd-bb53e786e453","2021-11-23 13:32:34.869"
"AA","48.680","2","48.700","1","23","48.66","ee7fb06d-3f54-4840-9a58-a78d151ad3e6","2021-11-23 13:32:34.869"
"AA","48.620","8","48.650","1","-23","48.65","c7b853c0-952b-469f-9064-3175dc4361a4","2021-11-23 13:33:07.916"
"AA","48.620","1","48.650","4","-23","48.65","45ba3948-8bfd-4aa5-ab1a-8f32c23b3daf","2021-11-23 13:33:07.916"
"AA","48.690","2","48.720","2","23","48.59","5d81e977-803b-4a2a-9dac-a1969101e41a","2021-11-23 13:43:17.258"
"AA","48.670","2","48.700","3","23","48.59","c3c15cd9-02b8-4875-934e-a8beedf17bd1","2021-11-23 13:43:17.258"
"AA","48.640","3","48.660","6","-23","48.66","9be1468d-1b4b-4117-8d19-5b1c9ed3b0cf","2021-11-23 13:46:54.552"
"AA","48.650","2","48.680","3","-23","48.69","988aa941-ca40-4e7d-961c-f20d581ceb83","2021-11-23 13:47:26.623"
"AA","48.820","1","48.830","1","23","48.75","745566ec-1ecf-432c-bd68-4a3890611d7e","2021-11-23 14:12:24.527"
"AA","48.800","4","48.820","3","23","48.75","e8bc7860-12d8-46cd-89a9-ef3f5ecc1b61","2021-11-23 14:12:24.527"
"AA","48.790","1","48.820","2","23","48.75","fc7fc0c3-dcd2-4238-9d2e-6230619b3621","2021-11-23 14:12:24.527"
"AA","48.840","1","48.850","2","23","48.73","4aa227f5-eccc-4a0f-8a76-6b120c5ceed8","2021-11-23 14:12:32.839"
"AA","48.850","5","48.870","1","23","48.73","92ed00da-0b80-4053-878d-c34e6bace839","2021-11-23 14:12:32.839"
"AA","48.850","2","48.870","3","23","48.73","f9a3a3f3-4b7b-4622-8fb4-9e5d084534af","2021-11-23 14:12:32.839"
"AA","48.850","2","48.870","3","23","48.73","4de230cf-0897-41d3-a36f-785aaaa38bbe","2021-11-23 14:12:32.839"
"AA","48.750","3","48.770","3","-23","48.77","5232558c-09e0-4f26-bc33-2d9a1e4bc267","2021-11-23 14:12:52.652"
"AA","48.750","3","48.770","3","-23","48.77","418333ac-b793-4b58-9d58-c8eb776c741e","2021-11-23 14:12:52.652"
"AA","48.750","3","48.770","3","-23","48.77","03b88505-edac-41b9-a1a8-bcbc2452b042","2021-11-23 14:12:52.652"
"AA","48.750","3","48.770","3","-23","48.77","e56cb026-1cf4-4781-901c-a23f56fa86f4","2021-11-23 14:12:52.652"
"AA","48.770","1","48.790","1","-23","48.79","56760ca5-1e96-4405-a6b1-2d661586a08c","2021-11-23 14:13:02.080"
"AA","48.770","1","48.790","1","-23","48.79","b018f6f0-6852-4800-81fc-92914a593492","2021-11-23 14:13:02.080"
"AA","48.790","5","48.820","1","-23","48.83","cae4bb74-0f4d-4d3f-8c31-f35d8473b0ef","2021-11-23 14:14:20.603"
"AA","48.800","2","48.820","3","23","48.75","de074879-3cd1-4d94-9591-c206bfad6320","2021-11-23 14:15:54.181"
"AA","48.790","1","48.820","4","23","48.75","45ec7a59-1b94-42db-92a9-2749295bdcee","2021-11-23 14:15:54.181"
"AA","48.770","1","48.790","1","23","48.75","2cf72d6e-4533-4b1d-b763-59dbd2ab2821","2021-11-23 14:15:54.181"
"AA","48.700","1","48.730","5","-23","48.73","389b7925-77c3-4bb4-bfda-b82eac0c5f59","2021-11-23 14:17:11.843"
"AA","48.700","1","48.730","5","-23","48.73","ed92e09a-0384-4df9-b452-00350b8cb80d","2021-11-23 14:17:11.843"
"AA","48.700","1","48.720","4","-23","48.72","dc168485-4732-4181-91cf-f6a0e4535c2a","2021-11-23 14:17:25.095"
"AA","48.810","2","48.830","7","23","48.77","399615ac-eae6-4c4c-b14e-c170efc9bfa3","2021-11-23 14:27:14.328"
"AA","48.830","1","48.860","12","23","48.77","00c28a28-5a17-4818-bf30-01b019c59de1","2021-11-23 14:27:14.328"
"AA","48.660","3","48.680","4","-23","48.68","b050ccd0-baae-4416-bca0-f664afcbe06c","2021-11-23 14:30:05.478"
"AA","48.680","1","48.720","7","-23","48.72","3add3203-b717-40cd-be8c-687d7fae8130","2021-11-23 14:30:11.598"
"AA","48.920","1","48.950","1","23","48.53","0fc5e866-e336-4a02-bf86-eba7b7fdd03d","2021-11-23 14:33:09.155"
"AA","48.790","1","48.810","1","23","48.52","199b996b-8b96-4af3-851d-eb3dc5b8e876","2021-11-23 14:33:30.164"
"AA","48.780","2","48.820","1","23","48.52","559badc2-b9e1-4ae4-a6f0-326082254b7c","2021-11-23 14:33:30.164"
"AA","48.810","3","48.840","1","23","48.52","ae31857f-b9e3-4352-8bdb-1f3c41b16d41","2021-11-23 14:33:30.164"
"AA","48.810","1","48.830","3","23","48.52","9a4b670a-7635-4b87-9404-30a91bf93daf","2021-11-23 14:33:30.164"
"AA","48.810","1","48.830","2","23","48.52","5c442dfd-f603-493f-af48-0f137f7823f9","2021-11-23 14:33:30.164"
"AA","48.860","3","48.900","2","23","48.52","4aeebda3-b120-4159-803e-231ada662940","2021-11-23 14:33:30.164"
"AA","48.900","1","48.920","1","23","48.52","7c2a1095-2532-4406-a09b-11c33167a1d3","2021-11-23 14:33:30.164"
"AA","48.920","1","48.940","1","23","48.52","b3aacf1c-9358-456c-8d21-dbd1cf9b57ba","2021-11-23 14:33:30.164"
"AA","48.910","1","48.930","2","23","48.52","836b6c9a-ec5f-4997-8217-c6f71ebe3e64","2021-11-23 14:33:30.164"
"AA","48.940","2","48.950","1","23","48.52","9b3591b5-ae82-4847-879e-e56575c82de3","2021-11-23 14:33:30.164"
"AA","48.550","2","48.570","2","-23","48.57","95b5eef0-7d6c-449c-a6e6-9f20319cab0b","2021-11-23 14:35:42.587"
"AA","48.550","2","48.570","2","-23","48.57","083cd0a6-0ceb-4898-a000-0696e8bacd00","2021-11-23 14:35:42.587"
"AA","48.550","2","48.570","2","-23","48.57","7c638d9a-25d9-4939-833f-7c9d01b50bdb","2021-11-23 14:35:42.587"
"AA","48.550","2","48.570","2","-23","48.57","71dfc18a-1d2e-4927-b6cb-58bac10a81f5","2021-11-23 14:35:42.587"
"AA","48.560","3","48.580","2","-23","48.58","5d2b84d0-861d-4fa5-8b6c-bb2792bf07a6","2021-11-23 14:35:51.796"
"AA","48.560","3","48.580","2","-23","48.58","f8b6e0f1-b8fe-4db2-8208-36abbc320f13","2021-11-23 14:35:51.796"
"AA","48.560","3","48.580","2","-23","48.58","b43d79d5-883c-4776-a74d-1987fef63103","2021-11-23 14:35:51.796"
"AA","48.560","3","48.580","2","-23","48.58","6187af4a-37f6-4f7e-9560-472f61e29b01","2021-11-23 14:35:51.796"
"AA","48.580","3","48.600","1","-23","48.60","0ce606ed-a27f-4cd3-bc42-38a301730f90","2021-11-23 14:36:54.126"
"AA","48.600","3","48.620","1","-23","48.62","e0d4c81b-2a6d-4afe-9bfa-9789300b4bb5","2021-11-23 14:37:07.063"
"AA","48.610","1","48.630","3","-23","48.64","dff87c2a-5b89-44ad-a70d-e9b704513fa4","2021-11-23 14:37:14.958"
"AA","48.610","1","48.630","1","23","48.63","36c06ace-841f-4937-96f6-cbd9b367740c","2021-11-23 14:46:30.006"
"AA","48.690","6","48.720","1","-23","48.72","c3808741-c5ef-46d9-9bba-9e5440676ae4","2021-11-23 14:49:46.117"
"AA","48.750","1","48.770","1","23","48.66","bc1e36aa-a934-42c7-97fe-8d2a87aca5e3","2021-11-23 15:10:13.695"
"AA","48.710","2","48.730","1","23","48.66","e03b6b1b-4968-46cd-bea4-39adeb954462","2021-11-23 15:10:13.695"
"AA","48.710","2","48.740","3","23","48.66","6e2b15f9-ff68-4a06-be0e-779d9187c593","2021-11-23 15:10:13.695"
"AA","48.720","1","48.740","1","23","48.66","0f851e0a-e956-4aaa-934f-3b17ffea5478","2021-11-23 15:10:13.695"
"AA","48.750","6","48.780","2","23","48.60","4a02a8b4-22cd-4fde-afa5-dd2ccde7ae35","2021-11-23 15:10:48.950"
"AA","48.740","1","48.770","1","23","48.60","5bb95591-9516-4938-962e-ba591b28f9f4","2021-11-23 15:10:48.950"
"AA","48.670","2","48.690","1","23","48.57","c0944435-0ef0-459e-b395-e5371126c16f","2021-11-23 15:11:04.880"
"AA","48.660","2","48.680","1","23","48.57","60015c39-3a9e-4ac0-838a-af8c247a1907","2021-11-23 15:11:04.880"
"AA","48.670","3","48.700","1","23","48.57","fa0a7384-9419-4f1e-990f-0fc04d03573a","2021-11-23 15:11:04.880"
"AA","48.720","1","48.740","6","23","48.57","e29c4a4b-a0b7-4fcd-b9ff-a76922676e7b","2021-11-23 15:11:04.880"
"AA","48.560","6","48.590","2","-23","48.59","4f74c3e3-f675-4bd9-b213-828584bf9f9d","2021-11-23 15:11:17.495"
"AA","48.560","6","48.590","2","-23","48.59","8650c710-7dd4-4b2e-9f7b-749e045f3660","2021-11-23 15:11:17.495"
"AA","48.560","6","48.590","2","-23","48.59","77fd6778-118b-4306-ba99-1219aba10b37","2021-11-23 15:11:17.495"
"AA","48.580","1","48.600","1","-23","48.60","84411224-e389-4934-b37d-2bd1b7c29d31","2021-11-23 15:11:31.355"
"AA","48.580","1","48.600","1","-23","48.60","1604f17d-9488-4ef0-be4d-ab5f7e53350d","2021-11-23 15:11:31.355"
"AA","48.580","1","48.600","1","-23","48.60","d42e64e1-46ac-4c84-8d91-698362e89099","2021-11-23 15:11:31.355"
"AA","48.690","2","48.710","2","23","48.54","1fc9cce9-b556-46b6-8d5a-38bd4f23a06a","2021-11-23 15:12:31.691"
"AA","48.730","3","48.760","2","23","48.53","144143a4-6061-45bc-aa9f-89b04cdf403b","2021-11-23 15:12:31.693"
"AA","48.680","1","48.710","4","23","48.53","9d3c7f13-926a-4101-a31f-4c5a27b480c4","2021-11-23 15:12:31.693"
"AA","48.700","1","48.720","1","23","48.53","18e4eff7-ebd8-4f49-a880-4a2cab1843da","2021-11-23 15:12:31.693"
"AA","48.690","2","48.710","2","23","48.53","16b9369c-235d-4f30-add3-c132d253dcba","2021-11-23 15:12:31.693"
"AA","48.600","1","48.610","1","-23","48.61","480f4eec-cda8-4571-80f7-9b3378a49df6","2021-11-23 15:13:07.176"
"AA","48.600","1","48.610","1","-23","48.61","6bd76094-5804-47ca-943b-d0d0d06041f8","2021-11-23 15:13:07.176"
"AA","48.600","1","48.610","1","-23","48.61","33719e3a-9afd-4377-a31e-7a6e0fc759d4","2021-11-23 15:13:07.176"
"AA","48.600","1","48.610","1","-23","48.61","390c97ba-3769-434e-bbfb-54bb76ca6d18","2021-11-23 15:13:07.176"
"AA","48.600","1","48.610","1","-23","48.61","1195c295-276c-4d9e-80f7-e7f6f4ad5245","2021-11-23 15:13:07.176"
"AA","48.570","1","48.600","4","-23","48.60","a481b7a5-25e2-4b60-b75c-6c7c03a6ce38","2021-11-23 15:13:44.998"
"AA","48.580","1","48.600","1","-23","48.60","2fab8eba-94c8-422e-ad31-5cc827690326","2021-11-23 15:14:12.959"
"AA","48.620","2","48.650","1","-23","48.65","ba0359cb-974e-4f58-bd8c-3ad210b106b7","2021-11-23 15:14:25.801"
"AA","48.620","1","48.650","3","-23","48.65","5c529cee-29cb-4d6c-9e2d-3888f6c6acfd","2021-11-23 15:15:10.103"
"AA","48.690","1","48.700","2","23","48.69","85579cf6-d614-4285-84fe-e9c0176ce918","2021-11-23 15:25:57.040"
"AA","48.690","7","48.730","5","23","48.69","4a75d2ef-04a5-4ac4-af5c-545fb6109946","2021-11-23 15:25:57.040"
"AA","48.680","1","48.710","4","23","48.69","c53282a8-2c34-44e8-b839-9031ff40cadf","2021-11-23 15:25:57.040"
"AA","48.690","1","48.720","1","23","48.69","ed39facf-2c81-4165-837d-a8dcf3f1865d","2021-11-23 15:25:57.040"
"AA","48.710","1","48.740","2","-23","48.75","f8530f3d-e7a8-458e-a994-18718a4336fe","2021-11-23 15:26:58.215"
"AA","48.710","1","48.740","2","-23","48.75","bc082d79-2f44-4b89-b9f2-9e9a1fa45a1c","2021-11-23 15:26:58.215"
"AA","48.680","5","48.710","1","-23","48.71","825927f4-a99e-426b-b98d-c40f5241227b","2021-11-23 15:28:20.770"
"AA","48.610","1","48.630","2","-23","48.63","3dcb8b3a-480b-4efe-a9cb-dc9599b1641b","2021-11-23 15:30:09.404"
"AG","12.440","10","12.450","68","93","12.38","52e90ddf-1fb2-4226-b371-6d1f2a7e9dd9","2021-11-23 10:09:09.516"
"AG","12.380","31","12.390","1","-93","12.39","78aaf0fd-515e-4d6e-842d-affe28e236b6","2021-11-23 10:09:22.801"
"AG","12.460","24","12.470","6","93","12.36","6150fa45-8fd9-47c9-9b10-d35310168c84","2021-11-23 10:10:47.628"
"AG","12.440","34","12.450","13","93","12.36","b703ef44-16f8-45dd-91c0-3e2aa3e79fa7","2021-11-23 10:10:47.628"
"AG","12.450","23","12.460","21","93","12.36","ab84995f-c8d8-4669-9565-d1d34e2da7eb","2021-11-23 10:10:47.628"
"AG","12.450","15","12.460","11","93","12.36","25b3e676-89c7-4d36-ab86-a65c94e2e88a","2021-11-23 10:10:47.628"
"AG","12.440","24","12.450","4","93","12.36","e6375556-bb94-4e25-9f8c-6e7f4e0dc228","2021-11-23 10:10:47.628"
"AG","12.420","20","12.430","18","93","12.36","2acdbdf5-8e15-4fe2-928f-4880538b0171","2021-11-23 10:10:47.628"
"AG","12.420","20","12.430","18","93","12.36","b26000cf-c8b9-491d-aa5d-c0d2ba5c3062","2021-11-23 10:10:47.628"
"AG","12.410","1","12.420","52","93","12.36","17dfede6-a873-4e34-9ef5-4b7cc6fcf588","2021-11-23 10:10:47.628"
"AG","12.410","11","12.420","20","93","12.36","2ca2359b-b76b-4b3f-9be3-99598be4f126","2021-11-23 10:10:47.628"
"AG","12.420","25","12.430","22","93","12.36","7b7ae3e5-b012-4a8e-945c-1087b80ecc2e","2021-11-23 10:10:47.628"
"AG","12.420","17","12.430","4","93","12.36","3d6d5185-b336-482c-a502-e14daf42dcee","2021-11-23 10:10:47.628"
"AG","12.400","31","12.410","3","93","12.36","3c29b413-eb8a-4634-85e7-59a5cc5b03b4","2021-11-23 10:10:47.628"
"AG","12.400","31","12.410","3","93","12.36","6b8bda81-e533-4544-9f2b-b002f5dbdc2b","2021-11-23 10:10:47.628"
"AG","12.400","2","12.410","53","93","12.36","a1ef8e9d-f9c3-48ba-abb1-ba487e0fd165","2021-11-23 10:10:47.628"
"AG","12.450","14","12.460","6","93","12.34","3b603bc8-e908-41d2-9f3c-ec3e81983ed2","2021-11-23 10:11:06.326"
"AG","12.450","1","12.460","28","93","12.34","732f1b73-f6ec-4ffd-bc33-0b1ae1689c4f","2021-11-23 10:11:06.326"
"AG","12.430","54","12.440","3","93","12.34","9dd881a7-58dd-4591-91ef-dc37c638b7a5","2021-11-23 10:11:06.326"
"AG","12.340","10","12.350","32","-93","12.35","ae0ca4f2-d236-4612-9c37-e07b3a603a0f","2021-11-23 10:11:18.869"
"AG","12.340","10","12.350","32","-93","12.35","cdf4328c-092a-48e9-a93f-cf8c75040941","2021-11-23 10:11:18.869"
"AG","12.340","10","12.350","32","-93","12.35","7fbd0da7-6f87-4070-972d-5564bc6eb331","2021-11-23 10:11:18.869"
"AG","12.340","10","12.350","32","-93","12.35","465f29bc-ad08-4751-bdf4-2224dd071efa","2021-11-23 10:11:18.869"
"AG","12.340","14","12.350","17","-93","12.35","cd490c6f-3731-4fbf-bf4b-78bddde88aef","2021-11-23 10:11:31.079"
"AG","12.340","14","12.350","17","-93","12.35","0b7d388b-6ff5-4002-bfa2-b1515ed0f5e6","2021-11-23 10:11:31.079"
"AG","12.340","14","12.350","17","-93","12.35","44b12485-d78d-48f1-8aa5-ebeefa28d033","2021-11-23 10:11:31.079"
"AG","12.340","22","12.350","31","-93","12.35","30b685f2-421c-4cec-8fe9-850cce19e10b","2021-11-23 10:11:55.823"
"AG","12.340","22","12.350","31","-93","12.35","10763570-3c7b-495c-aeb3-0bf9af24cfcc","2021-11-23 10:11:55.823"
"AG","12.340","22","12.350","31","-93","12.35","b9f940e5-8666-4fbc-9e32-db742515a045","2021-11-23 10:11:55.823"
"AG","12.350","18","12.360","31","-93","12.36","f191b9fa-f2dc-405d-9c3a-a465b0257620","2021-11-23 10:12:00.751"
"AG","12.350","18","12.360","31","-93","12.36","0ed1cbde-2342-4421-903d-543c22980395","2021-11-23 10:12:00.751"
"AG","12.350","18","12.360","31","-93","12.36","d4790dbd-0488-4c02-80b5-7eaf81b0ab64","2021-11-23 10:12:00.751"
"AG","12.350","18","12.360","31","-93","12.36","f17ed98b-3a21-4d7d-a3e4-285210351826","2021-11-23 10:12:00.751"
"AG","12.350","8","12.360","49","-93","12.36","c58b0c0d-2b85-4829-a2bc-9d7b07a0f6b5","2021-11-23 10:12:26.267"
"AG","12.340","8","12.350","58","-93","12.35","c74f02fc-96c7-4721-abed-7254da6a6432","2021-11-23 10:13:02.628"
"AG","12.480","10","12.490","5","93","12.32","b26071e6-578c-486c-9bb8-9c5f935afd58","2021-11-23 10:13:39.327"
"AG","12.470","17","12.480","17","93","12.32","b329a567-d988-4ee4-af2e-92cbb2b4535a","2021-11-23 10:13:39.327"
"AG","12.320","59","12.330","6","-93","12.33","dcd3380d-46ff-4e51-a82e-0088cb509cea","2021-11-23 10:13:40.035"
"AG","12.310","9","12.320","26","-93","12.32","3affd30d-4b7e-483d-bc4f-6659d1d873db","2021-11-23 10:14:10.848"
"AG","12.310","11","12.320","25","-93","12.32","54794486-c0b9-4920-a90e-d670efdc291c","2021-11-23 10:15:06.900"
"AG","12.460","20","12.470","27","93","12.27","2ef9cc8e-90fb-4afe-9bf8-5c65e5f7310e","2021-11-23 10:16:20.678"
"AG","12.450","9","12.460","30","93","12.27","4432ccd8-d7ef-47dc-8686-a4ecef359f3c","2021-11-23 10:16:20.678"
"AG","12.450","5","12.460","22","93","12.27","4b855aa4-4a3b-4f9c-978d-b0ce6b492860","2021-11-23 10:16:20.678"
"AG","12.450","48","12.460","2","93","12.27","b91e282f-fccb-4712-95d0-ccad6f9fbfff","2021-11-23 10:16:20.678"
"AG","12.270","18","12.280","4","-93","12.28","1eb766ca-f55b-4e61-a806-5cb2e96679e6","2021-11-23 10:16:51.106"
"AG","12.270","18","12.280","4","-93","12.28","99a88df2-8a4f-4a6e-9e83-04ebb4cff370","2021-11-23 10:16:51.106"
"AG","12.280","73","12.290","11","-93","12.29","a32fce8b-42e5-4dbb-9115-e7bc9aaa88c5","2021-11-23 10:17:02.905"
"AG","12.280","69","12.290","7","-93","12.29","92edcea2-f673-4859-bca2-0b77f2c44cc0","2021-11-23 10:17:10.457"
"AG","12.490","6","12.500","30","93","12.26","7a2e2999-6eab-4adf-ac51-1061629adf7e","2021-11-23 10:34:01.736"
"AG","12.490","1","12.500","21","93","12.26","d24e4a0f-1b4a-4f86-a2a8-8061f6430c9a","2021-11-23 10:34:01.736"
"AG","12.250","34","12.260","16","-93","12.26","4cdfe3ec-418d-4c18-b7c4-d5616c14a3df","2021-11-23 10:34:44.149"
"AG","12.240","24","12.250","17","-93","12.25","b23d4ce6-0e5a-4533-9d63-4878b3546734","2021-11-23 10:35:20.977"
"AG","12.120","31","12.130","17","93","12.13","9fa27dc8-413e-4c3a-b9ef-c50d8c666e48","2021-11-23 11:11:20.006"
"AG","12.100","44","12.110","14","-93","12.11","12e5cab6-e4b2-4b6d-acd1-f098431d32c4","2021-11-23 11:14:47.209"
"AG","12.140","30","12.150","42","93","12.11","37ad7874-4085-43f1-bf19-090356c06254","2021-11-23 12:03:17.337"
"AG","12.140","37","12.150","14","93","12.11","93b828bf-9832-4927-a695-6edbbf7ab309","2021-11-23 12:03:17.337"
"AG","12.150","18","12.160","31","93","12.11","7c3d88e9-2e89-4a62-a926-f0cdeba4d270","2021-11-23 12:03:17.337"
"AG","12.150","16","12.160","17","93","12.11","f01793b9-d438-405c-a617-21cf89d1bd46","2021-11-23 12:03:17.337"
"AG","12.150","25","12.160","14","93","12.11","fc4eea53-d5aa-4024-85b1-e9437917b99a","2021-11-23 12:03:17.337"
"AG","12.150","18","12.160","13","93","12.11","eb4c2a13-581d-4208-a496-5d429f1f743f","2021-11-23 12:03:17.337"
"AG","12.150","35","12.160","13","93","12.11","c0fc8f5f-b90f-403e-9d97-518506bcd7d5","2021-11-23 12:03:17.337"
"AG","12.150","11","12.160","40","93","12.11","9a06b7ab-1171-4cf7-a14c-a48d13834e52","2021-11-23 12:03:17.337"
"AG","12.130","13","12.140","35","93","12.11","be26efa2-bf1d-404b-a9f6-f3973d9ca7b7","2021-11-23 12:03:17.337"
"AG","12.130","27","12.140","10","93","12.10","267e99cb-b683-4f4f-9ea2-fbed2fc17562","2021-11-23 12:03:59.681"
"AG","12.130","19","12.140","13","93","12.10","fe3e35ab-6236-49e9-994a-292c82d5daa5","2021-11-23 12:03:59.681"
"AG","12.130","19","12.140","22","93","12.10","b808c241-8e7e-4b88-8018-a85e58514b2b","2021-11-23 12:03:59.681"
"AG","12.130","24","12.140","14","93","12.10","f6eaa681-771d-4847-b471-f7deb09bf833","2021-11-23 12:03:59.681"
"AG","12.140","15","12.150","33","93","12.10","896416a9-3ca5-44c9-a627-4b8d7d4ad538","2021-11-23 12:03:59.681"
"AG","12.130","50","12.140","21","93","12.10","f1da8124-b0dd-4a2c-9a99-9d7309a05cff","2021-11-23 12:03:59.681"
"AG","12.130","25","12.140","6","93","12.09","a82f48f6-2be3-47c9-bb58-7e68102e64c0","2021-11-23 12:03:59.699"
"AG","12.130","54","12.140","3","93","12.09","f19561b2-2f79-4286-9a0b-f43627a48c00","2021-11-23 12:03:59.699"
"AG","12.150","7","12.160","48","93","12.09","43843f1b-2e3c-4a70-9595-c8b39f9f275e","2021-11-23 12:03:59.699"
"AG","12.140","4","12.150","32","93","12.09","37705f25-d8c5-4d68-845c-c271b893c75f","2021-11-23 12:03:59.699"
"AG","12.140","25","12.150","17","93","12.09","db17d7d0-cdba-4484-a39f-aacdef489f98","2021-11-23 12:03:59.699"
"AG","12.090","24","12.100","25","-93","12.10","82620df1-6334-4e9b-a32e-2cda98a8b001","2021-11-23 12:04:18.441"
"AG","12.090","24","12.100","25","-93","12.10","5fd25721-9c1f-420b-afb3-9be024da66f9","2021-11-23 12:04:18.441"
"AG","12.090","24","12.100","25","-93","12.10","dee53207-f9e1-4c39-8e79-a5fe56ceec44","2021-11-23 12:04:18.441"
"AG","12.090","24","12.100","25","-93","12.10","16d7ad01-e5f0-4855-b61d-817e423cb7ff","2021-11-23 12:04:18.441"
"AG","12.090","3","12.100","65","-93","12.10","961fabe4-26d7-436b-bb66-28ee034950a7","2021-11-23 12:04:18.441"
"AG","12.090","3","12.100","65","-93","12.10","ed51540a-c4fe-4c9b-ab73-e58dd4197acd","2021-11-23 12:04:18.441"
"AG","12.090","27","12.100","12","-93","12.10","7dbca880-4c89-4e1f-b304-4b9a72c8905f","2021-11-23 12:05:03.807"
"AG","12.090","27","12.100","12","-93","12.10","c68b1278-1601-4368-ac36-f820d466e6a8","2021-11-23 12:05:03.807"
"AG","12.090","27","12.100","12","-93","12.10","9154545c-e873-4da5-875c-179500a1eacc","2021-11-23 12:05:03.807"
"AG","12.090","27","12.100","12","-93","12.10","ad02310f-e009-4d29-8fec-6083e5b87bb8","2021-11-23 12:05:03.807"
"AG","12.090","27","12.100","12","-93","12.10","977b8fbe-0c00-456e-b98a-0ddbee06e33c","2021-11-23 12:05:03.807"
"AG","12.100","27","12.110","35","-93","12.11","dd0fa049-a5c7-4cf6-814d-6343074641cd","2021-11-23 12:05:15.007"
"AG","12.100","27","12.110","35","-93","12.11","4d2657e6-527d-4c4e-944b-e87dbc40a4b6","2021-11-23 12:05:15.007"
"AG","12.100","27","12.110","35","-93","12.11","1e429505-2d4a-45dd-acc5-641ca7fcaf61","2021-11-23 12:05:15.007"
"AG","12.100","27","12.110","35","-93","12.11","a8e2a486-ef6e-42a7-b61d-3c3f85d03ae8","2021-11-23 12:05:15.007"
"AG","12.100","27","12.110","35","-93","12.11","5b71666c-3a1d-431b-9a18-9ff9ca788553","2021-11-23 12:05:15.007"
"AG","12.100","25","12.110","50","-93","12.11","05f4dada-3eb4-44c9-9162-c44c4dc607b3","2021-11-23 12:05:49.733"
"AG","12.100","25","12.110","50","-93","12.11","75ad315e-6611-4901-b3a5-d7d983a9c7fa","2021-11-23 12:05:49.733"
"AG","12.100","29","12.110","34","-93","12.11","9832d3e3-f18a-4d7a-af69-1845a42e7660","2021-11-23 12:07:23.316"
"AG","12.100","28","12.110","31","-93","12.11","7fe68c4d-71ae-48f1-bd34-9b747b3b8ae4","2021-11-23 12:07:54.397"
"AG","12.150","23","12.160","13","93","12.14","097730a5-701f-425b-a409-e6a01d563b4b","2021-11-23 12:14:32.560"
"AG","12.150","31","12.160","13","93","12.14","84fd068c-bfe5-4650-8e9a-132143909b53","2021-11-23 12:14:32.560"
"AG","12.130","22","12.140","12","-93","12.14","6fdcaae8-3e90-4d68-851a-45d9be85efaa","2021-11-23 12:15:20.719"
"AG","12.130","62","12.140","10","-93","12.14","fae4861e-beee-4a7d-b52e-4d1d127e0e73","2021-11-23 12:15:37.348"
"AG","12.200","32","12.210","18","93","12.16","c1d484f0-175d-4946-a159-8ee1279414e8","2021-11-23 12:47:05.288"
"AG","12.200","22","12.210","17","93","12.16","6e3b1d5b-d106-4337-a4ff-bf783f0e8ec4","2021-11-23 12:47:05.288"
"AG","12.200","22","12.210","17","93","12.16","bcc4d0ee-94ce-421b-8944-bc2263068f8b","2021-11-23 12:47:05.288"
"AG","12.200","22","12.210","17","93","12.16","7698f1de-b724-40d6-90a4-7a59fe4bd090","2021-11-23 12:47:05.288"
"AG","12.150","30","12.160","48","-93","12.16","9ed14f0a-7e39-469a-9b7e-22b1c4edc5c6","2021-11-23 12:49:42.867"
"AG","12.160","11","12.170","71","-93","12.17","f345839e-363c-4161-8194-80c6cbcbfe9f","2021-11-23 12:51:05.857"
"AG","12.160","11","12.170","71","-93","12.17","d2c87c72-8c7a-49c6-b7e0-f8c65b190189","2021-11-23 12:51:05.857"
"AG","12.160","11","12.170","80","-93","12.17","5c625fa0-f18c-47c9-9fcd-1f199cd30818","2021-11-23 12:51:05.857"
"AG","12.180","41","12.190","17","93","12.15","6ad94c22-d821-4fa1-82d5-ffd8dc30d504","2021-11-23 12:57:12.616"
"AG","12.180","43","12.190","13","93","12.15","78cc3cfd-8e95-46d9-a4a8-befd7e399e9b","2021-11-23 12:57:12.616"
"AG","12.180","43","12.190","13","93","12.15","97d45211-3f07-40e5-ac46-7e42365728c3","2021-11-23 12:57:12.616"
"AG","12.190","34","12.200","20","93","12.15","8ffb6f4b-4660-42f8-acfc-3087e502b971","2021-11-23 12:57:12.616"
"AG","12.190","33","12.200","20","93","12.15","74f7f071-075a-4442-adf1-a2a93c1e896e","2021-11-23 12:57:12.616"
"AG","12.190","60","12.200","9","93","12.15","720576c3-5299-4793-874a-38c67d67b1ac","2021-11-23 12:57:12.616"
"AG","12.190","31","12.200","17","93","12.15","8bccc54f-92a0-4119-8521-9258dc19e008","2021-11-23 12:57:12.616"
"AG","12.190","36","12.200","17","93","12.15","8ce07875-4b9b-4f80-9818-82ba35b3b72b","2021-11-23 12:57:12.616"
"AG","12.190","36","12.200","17","93","12.15","8c8259d2-3edd-4d64-8a18-03904249bee5","2021-11-23 12:57:12.616"
"AG","12.190","17","12.200","14","93","12.15","dd481674-1c2e-4b75-af08-0960c3d11d79","2021-11-23 12:57:12.616"
"AG","12.190","43","12.200","13","93","12.15","f1017bad-997e-4786-b9a3-f3c670e75a4d","2021-11-23 12:57:12.616"
"AG","12.190","57","12.200","10","93","12.15","2ceab401-ca0d-457a-b5b8-748df7e87a66","2021-11-23 12:57:12.616"
"AG","12.190","57","12.200","10","93","12.15","9366b49a-fb50-4794-b506-586ade2d06f9","2021-11-23 12:57:12.616"
"AG","12.130","31","12.140","47","-93","12.14","0ae041df-dcaa-440c-bc39-1260e0b1d623","2021-11-23 12:58:45.714"
"AG","12.130","31","12.140","47","-93","12.14","f49aaebc-cffd-42e4-ada8-9e160e8537e5","2021-11-23 12:58:45.714"
"AG","12.130","31","12.140","47","-93","12.14","53a29ae1-a915-435e-a57c-6bb74cf80080","2021-11-23 12:58:45.714"
"AG","12.130","31","12.140","47","-93","12.14","5c2545a7-7c93-404d-9cd5-c58cfdd93728","2021-11-23 12:58:45.714"
"AG","12.130","39","12.140","7","-93","12.14","67baa34b-b326-41e3-86ab-362aca97b4e1","2021-11-23 12:58:50.278"
"AG","12.130","39","12.140","7","-93","12.14","b9a29928-2d13-4e25-8798-f4dd9716f566","2021-11-23 12:58:50.278"
"AG","12.130","23","12.140","4","-93","12.14","b118ba73-4a48-4d0f-8412-303597b29ca3","2021-11-23 12:59:04.211"
"AG","12.130","41","12.140","48","-93","12.14","8fc47206-318e-43e0-b892-7244b5c728ed","2021-11-23 12:59:43.424"
"AG","12.130","41","12.140","48","-93","12.14","57a6cab8-9723-4847-b52e-1aa8edb3bdc5","2021-11-23 12:59:43.424"
"AG","12.130","41","12.140","48","-93","12.14","e1637cda-1ed8-4701-9335-fcf5f829e6e0","2021-11-23 12:59:43.424"
"AG","12.140","16","12.150","34","-93","12.15","51a07be2-345d-4a97-a57d-fc0995ab38c1","2021-11-23 12:59:49.259"
"AG","12.140","16","12.150","34","-93","12.15","933e5271-5f19-4230-91a7-f5109a4e99a6","2021-11-23 12:59:49.259"
"AG","12.140","43","12.150","2","-93","12.15","feac6b56-698b-4e6f-8634-13a8def2b761","2021-11-23 12:59:59.736"
"AG","12.350","46","12.360","28","93","12.28","8fcc5c63-2759-4b02-9daf-538334a7a72f","2021-11-23 15:06:23.248"
"AG","12.350","46","12.360","28","93","12.28","f47155e5-ad29-4fdf-8e2f-e684138270d8","2021-11-23 15:06:23.248"
"AG","12.350","28","12.360","33","93","12.28","c75acc9b-65d5-4fd2-b57a-01cabd5f8e88","2021-11-23 15:06:23.248"
"AG","12.340","32","12.350","32","93","12.28","64f095ac-5aa0-44b4-b118-5b80dd594b29","2021-11-23 15:06:23.248"
"AG","12.280","24","12.290","24","-93","12.29","e9207be8-b6d8-43b6-a21e-cae099741f98","2021-11-23 15:07:43.282"
"AG","12.280","24","12.290","24","-93","12.29","cd849d2c-ff21-4a91-956b-500ed89a8da8","2021-11-23 15:07:43.282"
"AG","12.280","24","12.290","24","-93","12.29","9d733448-b3fc-41db-b556-fce5682f5275","2021-11-23 15:07:43.282"
"AG","12.280","12","12.290","23","-93","12.29","7d0bbdb4-18ac-4f48-81cb-8b94ca67518f","2021-11-23 15:07:43.282"
"AG","12.360","28","12.370","13","93","12.28","ce5c0411-1313-45c0-8cc1-8af2c32b73bb","2021-11-23 15:10:27.843"
"AG","12.360","20","12.370","38","93","12.28","fd43d65f-198e-4d54-b9cc-23c76be8812f","2021-11-23 15:10:27.843"
"AG","12.360","20","12.370","38","93","12.28","7367b8ee-7618-47c3-990e-c036892e887b","2021-11-23 15:10:27.843"
"AG","12.360","18","12.370","35","93","12.28","4973b82f-c9f9-4373-8c2a-12bc6f0a3dec","2021-11-23 15:10:27.843"
"AG","12.270","20","12.280","18","-93","12.28","f51bb055-80fb-49bd-9a53-bbee3005b7df","2021-11-23 15:11:33.335"
"AG","12.270","20","12.280","18","-93","12.28","e54b597b-3188-44b3-84dd-a5f3fdbaa673","2021-11-23 15:11:33.335"
"AG","12.270","20","12.280","18","-93","12.28","ae790211-b4db-493e-a924-55d3026305ce","2021-11-23 15:11:33.335"
"AG","12.270","20","12.280","18","-93","12.28","84af59e5-a2e4-4c0e-be83-f543ecc93849","2021-11-23 15:11:33.335"
"AG","12.360","10","12.370","33","93","12.27","109defab-6c22-4f27-ad38-6674b5f818f7","2021-11-23 15:12:32.317"
"AG","12.360","10","12.370","35","93","12.27","9ba06ed4-3a58-4374-97de-229eb6ef341a","2021-11-23 15:12:32.317"
"AG","12.360","27","12.370","19","93","12.27","51488a30-1335-4c79-a3c3-f0f57caad506","2021-11-23 15:12:32.317"
"AG","12.360","27","12.370","19","93","12.27","6d398bb6-f625-4190-8281-d37e9e296e98","2021-11-23 15:12:32.317"
"AG","12.360","27","12.370","19","93","12.27","057a4466-70ac-4e20-b033-97955d2c2641","2021-11-23 15:12:32.317"
"AG","12.360","19","12.370","35","93","12.27","e00d0f1c-dfc3-4da5-a6aa-f568d32aa52a","2021-11-23 15:12:32.317"
"AG","12.360","27","12.370","29","93","12.27","c859b9fd-94d1-4357-9c07-8987551cbafa","2021-11-23 15:12:32.317"
"AG","12.360","28","12.370","13","93","12.27","aa74d467-9a18-449a-9e57-ced385973bbf","2021-11-23 15:12:32.317"
"AG","12.360","28","12.370","13","93","12.27","4e190a1e-a477-435c-be5d-b46324938515","2021-11-23 15:12:32.317"
"AG","12.270","15","12.280","21","-93","12.28","9920e665-02ea-4d82-b7ca-48d816af34e1","2021-11-23 15:14:34.931"
"AG","12.270","15","12.280","21","-93","12.28","173b8047-6b75-4a9e-912f-8681c40d39bf","2021-11-23 15:14:34.931"
"AG","12.270","15","12.280","21","-93","12.28","f1b730cc-be38-43af-88f4-86d5bca10795","2021-11-23 15:14:34.931"
"AG","12.270","15","12.280","21","-93","12.28","5bc67cb8-cc39-49e5-ad54-91c71f66b484","2021-11-23 15:14:34.931"
"AG","12.270","15","12.280","21","-93","12.28","e77fbd2d-792c-443e-a20e-9ee6f8189ecc","2021-11-23 15:14:34.931"
"AG","12.270","15","12.280","22","-93","12.28","afde1480-a638-4d0e-abd0-ea9b65984c57","2021-11-23 15:14:34.931"
"AG","12.270","15","12.280","22","-93","12.28","8430695b-9beb-4359-b8b0-b632512f75cc","2021-11-23 15:14:34.931"
"AG","12.270","15","12.280","22","-93","12.28","8fd09d8c-006e-4aa5-a8b5-fa5661b828ae","2021-11-23 15:14:34.931"
"AG","12.270","8","12.280","24","-93","12.28","cc3d1d3f-3c78-484f-8831-d736aa7be5cb","2021-11-23 15:14:56.280"
"ABB","35.700","21","35.710","8","31","35.67","5c921c32-a78c-40c9-9826-2cc1d375409c","2021-11-23 10:06:43.488"
"ABB","35.700","42","35.710","11","31","35.67","dceb60ce-6470-4d3e-bdb8-83a400a7bf4b","2021-11-23 10:06:43.488"
"ABB","35.700","42","35.710","11","31","35.67","cbce7f96-fc3c-4d72-a99d-11d9826ef791","2021-11-23 10:06:43.488"
"ABB","35.640","39","35.650","15","-31","35.65","47667deb-e90a-43a9-abce-1d1a99becffd","2021-11-23 10:07:43.928"
"ABB","35.640","39","35.650","1","-31","35.65","13d82fdc-b2e6-487e-aaac-3ceade4c6ee2","2021-11-23 10:08:00.358"
"ABB","35.640","39","35.650","1","-31","35.65","9646edc6-a429-40c0-9b87-86412c6e46bf","2021-11-23 10:08:00.358"
"ABB","35.690","1","35.690","18","31","35.64","02758b24-b153-477e-bc50-2f6c6432097a","2021-11-23 10:08:00.426"
"ABB","35.690","6","35.700","15","31","35.64","b64bad9f-96c5-4a20-ad3c-611042ad12bb","2021-11-23 10:08:00.426"
"ABB","35.630","22","35.630","1","-31","35.63","a1a788d3-c868-43a6-bba9-8a2f31c1be34","2021-11-23 10:08:50.006"
"ABB","35.620","41","35.630","2","-31","35.63","ec90e183-a9b1-47f9-be5a-9561b3e0e595","2021-11-23 10:09:00.418"
"ABB","35.700","8","35.710","14","31","35.60","d477b6eb-7861-47cf-a544-59d8b9409683","2021-11-23 10:14:05.760"
"ABB","35.710","6","35.720","13","31","35.60","7e0baf9e-02b2-47e8-a0c9-8f4a5d548996","2021-11-23 10:14:05.760"
"ABB","35.750","5","35.760","10","31","35.58","4f201584-99aa-459b-b2d0-cd46c46f79be","2021-11-23 10:14:23.681"
"ABB","35.750","7","35.760","6","31","35.58","43fdea0d-775c-4a42-96aa-dada9ad7d60f","2021-11-23 10:14:23.681"
"ABB","35.750","12","35.760","5","31","35.58","c375b417-a48c-467d-89cc-4a3ba051f890","2021-11-23 10:14:23.681"
"ABB","35.750","7","35.760","2","31","35.58","689f27a5-8be3-4b95-a09b-e0fbabeca6ea","2021-11-23 10:14:23.681"
"ABB","35.750","2","35.760","8","31","35.58","157d31aa-b897-4458-9f1e-724044ddca93","2021-11-23 10:14:23.681"
"ABB","35.590","38","35.600","10","-31","35.60","5867d25c-8413-41a3-b4ef-f033f32cf8be","2021-11-23 10:14:51.543"
"ABB","35.590","38","35.600","10","-31","35.60","d3a223d2-02ad-4a84-a9cc-e17291fb6353","2021-11-23 10:14:51.543"
"ABB","35.590","38","35.600","10","-31","35.60","ab93b29a-b92a-4536-8380-82e4cb85dd56","2021-11-23 10:14:51.543"
"ABB","35.590","38","35.600","10","-31","35.60","04d6cc89-0eb7-4741-9e30-5a5dcd7e9f0d","2021-11-23 10:14:51.543"
"ABB","35.600","43","35.610","4","-31","35.62","538b1eb1-2c43-43b7-b2ca-c6f8a3e8032d","2021-11-23 10:15:04.366"
"ABB","35.600","43","35.610","4","-31","35.62","35079f3d-b853-4dcc-89c3-bc45c40a20b1","2021-11-23 10:15:04.366"
"ABB","35.620","29","35.630","22","-31","35.63","9a54dc94-57b4-485c-aec5-51d32ef4aaf1","2021-11-23 10:15:26.925"
"ABB","35.730","1","35.740","23","31","35.57","96719f27-e548-4b26-bc7e-aad6caee284d","2021-11-23 10:19:17.660"
"ABB","35.730","2","35.740","23","31","35.57","9f98716b-6c83-4655-897a-d13dafb1fe65","2021-11-23 10:19:17.660"
"ABB","35.720","7","35.730","17","31","35.57","de4bd4e6-2bd4-4a92-973d-9c53b5e77a24","2021-11-23 10:19:17.660"
"ABB","35.720","8","35.730","21","31","35.57","8b7a05e4-7265-4f7b-8ef5-1624a02d8c32","2021-11-23 10:19:17.660"
"ABB","35.730","7","35.740","10","31","35.57","61d29a6e-5c7a-4797-8dc6-2c96c0a94fe8","2021-11-23 10:19:17.660"
"ABB","35.740","7","35.750","11","31","35.57","c75dd061-7731-4f05-805b-7000abd825bd","2021-11-23 10:19:17.660"
"ABB","35.580","32","35.590","22","-31","35.59","93e64866-ab13-4fad-a24c-79784593a15e","2021-11-23 10:20:01.000"
"ABB","35.580","32","35.590","22","-31","35.59","ffbb893a-0b42-4643-a95f-c3f68e0f0e55","2021-11-23 10:20:01.000"
"ABB","35.560","39","35.570","1","-31","35.57","642a242a-2303-4504-8d72-8193f694d730","2021-11-23 10:21:21.276"
"ABB","35.570","1","35.570","4","-31","35.57","747eaefc-28e9-44b1-98b4-ba6ed7452f88","2021-11-23 10:21:40.006"
"ABB","35.570","1","35.570","4","-31","35.57","5f8d63d1-67b0-4f1a-b9cc-4cf0d2e5e5f0","2021-11-23 10:21:40.006"
"ABB","35.570","1","35.580","21","-31","35.58","c2a3aa96-ad77-4df7-a860-b0bb91b6e3f7","2021-11-23 10:22:11.647"
"ABB","35.550","14","35.560","13","31","35.53","3354b40a-1d2c-41d7-ac21-0eff1bb49165","2021-11-23 10:54:17.140"
"ABB","35.560","15","35.570","14","31","35.53","eaa4a153-357d-4b55-bf6d-e0c8ea7f2f1b","2021-11-23 10:54:17.140"
"ABB","35.560","3","35.570","26","31","35.53","8615e9f6-cb47-44df-aadf-c601f3bdf009","2021-11-23 10:54:17.140"
"ABB","35.570","33","35.580","11","31","35.52","ea755bdb-b961-42f8-bfec-bf6feff73f5e","2021-11-23 10:54:19.382"
"ABB","35.570","8","35.580","24","31","35.52","912456f0-7d77-47c8-9bbe-c8c6e03db5b3","2021-11-23 10:54:19.382"
"ABB","35.540","25","35.550","6","31","35.52","4ae81c52-6bfe-4565-a46b-668dfe952eb1","2021-11-23 10:54:19.382"
"ABB","35.540","56","35.550","7","31","35.52","0c5c10f3-73f4-44fd-b8c4-32d8c62009e6","2021-11-23 10:54:19.382"
"ABB","35.560","13","35.570","18","31","35.52","111412df-5012-4abd-8ec2-19af2090c5a6","2021-11-23 10:54:19.382"
"ABB","35.560","29","35.570","13","31","35.52","0d636332-6cb4-4c79-8718-c19c64693bf4","2021-11-23 10:54:19.382"
"ABB","35.560","57","35.570","6","31","35.52","05f90025-5696-46f9-a1c9-079e2dfc07fc","2021-11-23 10:54:19.382"
"ABB","35.570","52","35.580","13","31","35.52","508a4ed9-ffa0-4775-a8f0-dafb31ff1972","2021-11-23 10:54:19.382"
"ABB","35.560","50","35.570","29","31","35.52","f03c5601-dcd4-49dd-b4f9-639d68b8e799","2021-11-23 10:54:19.382"
"ABB","35.560","50","35.570","22","31","35.52","5fc982f8-1b43-4687-8fb0-86ab4672b22a","2021-11-23 10:54:19.382"
"ABB","35.570","52","35.580","13","31","35.52","c76d842b-2d5d-4c0f-af8c-8e6dc2774baa","2021-11-23 10:54:19.382"
"ABB","35.570","35","35.580","24","31","35.52","1c84e5ba-82ea-4397-b4d6-037fefbb6ea1","2021-11-23 10:54:19.382"
"ABB","35.570","35","35.580","24","31","35.52","ad0c8c1c-3b78-4345-a739-d6ec3f94e552","2021-11-23 10:54:19.382"
"ABB","35.550","50","35.560","16","31","35.52","b60631b0-0c18-4e66-a216-31ae6b11c065","2021-11-23 10:54:19.382"
"ABB","35.550","54","35.560","16","31","35.52","6379b6d6-202f-4e8d-a72c-307b4f0d3b67","2021-11-23 10:54:19.382"
"ABB","35.550","64","35.560","11","31","35.52","ce46861a-62c4-457b-9952-c7b5c64b9ec4","2021-11-23 10:54:19.382"
"ABB","35.550","30","35.560","50","31","35.52","7ba14db4-8251-4f9f-897a-bf4570d2fbcf","2021-11-23 10:54:19.382"
"ABB","35.540","49","35.550","15","31","35.52","98523f27-8032-4535-a2a9-109e276357b8","2021-11-23 10:54:19.382"
"ABB","35.540","57","35.550","8","31","35.52","b3e7a700-4db7-439a-a6aa-21be2a3371df","2021-11-23 10:54:19.382"
"ABB","35.540","48","35.550","5","31","35.52","b4c36831-f7ba-431b-8866-46180e5db6b4","2021-11-23 10:54:19.382"
"ABB","35.540","47","35.550","21","31","35.52","36de8d48-79e7-466d-9b0e-03f1be28497b","2021-11-23 10:54:19.382"
"ABB","35.480","49","35.490","5","-31","35.49","427de6e6-83ee-4cd9-bfcf-b7f8a5e57776","2021-11-23 10:56:00.291"
"ABB","35.480","49","35.490","5","-31","35.49","d34b5145-a7f6-4755-b442-1c87e55009e3","2021-11-23 10:56:00.291"
"ABB","35.480","49","35.490","5","-31","35.49","d59645f3-6a70-4ead-ad66-6fed1eedff1a","2021-11-23 10:56:00.291"
"ABB","35.480","49","35.490","5","-31","35.49","01f9f7ca-dead-4e80-9bee-d8ace87fd982","2021-11-23 10:56:00.291"
"ABB","35.480","49","35.490","5","-31","35.49","fdb53eee-e672-4c15-b034-4c5ea523d394","2021-11-23 10:56:00.291"
"ABB","35.480","49","35.490","5","-31","35.49","c53034c9-e461-48c3-b612-aeacae024d4b","2021-11-23 10:56:00.291"
"ABB","35.480","49","35.490","5","-31","35.49","7089b5d6-b34b-43af-8653-17e071683564","2021-11-23 10:56:00.291"
"ABB","35.480","49","35.490","5","-31","35.49","add13fef-3076-4eaa-9d1d-f8718ba60cab","2021-11-23 10:56:00.291"
"ABB","35.480","49","35.490","5","-31","35.49","2ce6424b-5a98-4b70-8d7f-75a0baa214e9","2021-11-23 10:56:00.291"
"ABB","35.480","49","35.490","5","-31","35.49","44a792fa-4249-40d2-bcbb-2ed48b08a050","2021-11-23 10:56:00.291"
"ABB","35.480","49","35.490","5","-31","35.49","62fb2576-adf6-45b5-878d-da99f68a2033","2021-11-23 10:56:00.291"
"ABB","35.480","49","35.490","5","-31","35.49","996acaa0-fb3d-4cce-b5d8-6dca298fd07f","2021-11-23 10:56:00.291"
"ABB","35.460","52","35.470","9","-31","35.47","2543ab2f-d52b-4b5b-b949-645280f2a64c","2021-11-23 10:56:10.636"
"ABB","35.460","52","35.470","9","-31","35.47","32584abe-4560-40eb-98a3-ed323d39f825","2021-11-23 10:56:10.636"
"ABB","35.460","52","35.470","9","-31","35.47","9317c8b4-d2e4-4ed6-b5c0-faa507f3003e","2021-11-23 10:56:10.636"
"ABB","35.460","52","35.470","9","-31","35.47","9097fd56-05b2-4376-8fa9-e6239d8d1601","2021-11-23 10:56:10.636"
"ABB","35.460","52","35.470","9","-31","35.47","d1e0d650-206c-49fb-97ec-f204d0bce69c","2021-11-23 10:56:10.636"
"ABB","35.460","52","35.470","9","-31","35.47","99fe624b-e440-4d38-9632-b491e1b137aa","2021-11-23 10:56:10.636"
"ABB","35.450","57","35.460","13","-31","35.46","efcc8f76-5797-4769-9048-b66f456b10ad","2021-11-23 10:56:21.534"
"ABB","35.450","57","35.460","13","-31","35.46","9f9bba13-b77d-4c0e-a572-7668a6f733f4","2021-11-23 10:56:21.534"
"ABB","35.450","57","35.460","13","-31","35.46","29eb93bb-aba6-4cb9-959b-94f29e4464f3","2021-11-23 10:56:21.534"
"ABB","35.460","50","35.470","11","-31","35.47","6957041d-1ec1-499a-a6ed-bab7daf87329","2021-11-23 10:57:22.592"
"ABB","35.460","50","35.470","11","-31","35.47","8cd1d700-1849-49d7-b9de-840301307152","2021-11-23 10:57:22.592"
"ABB","35.420","56","35.430","15","-31","35.43","71979725-df89-4528-8549-c28ffc918071","2021-11-23 10:59:50.096"
"ABB","35.420","17","35.430","17","31","35.41","10ac057a-beda-4607-98d1-19894f9ba269","2021-11-23 11:34:48.944"
"ABB","35.420","17","35.430","8","31","35.41","1d714ce4-7db1-4a7c-9365-84e8d7cc3b64","2021-11-23 11:34:48.944"
"ABB","35.420","17","35.430","8","31","35.41","0e371487-3c69-4f05-ad59-a70d4985c367","2021-11-23 11:34:48.944"
"ABB","35.450","5","35.460","13","31","35.40","235b46a6-74ea-4dbd-82cf-c0b7dab75af4","2021-11-23 11:35:27.535"
"ABB","35.440","10","35.450","19","31","35.40","fb78ed58-d560-4c3a-b2ea-2e7ea589690c","2021-11-23 11:35:27.535"
"ABB","35.460","27","35.470","1","31","35.39","f72350c9-7900-46fd-955a-569180050eb3","2021-11-23 11:36:04.598"
"ABB","35.450","9","35.460","15","31","35.39","d695fd86-8b58-4d51-9784-19ce327075ce","2021-11-23 11:36:04.598"
"ABB","35.450","12","35.460","13","31","35.39","ee547bc5-3281-48ab-afe8-b643126f6806","2021-11-23 11:36:04.598"
"ABB","35.450","2","35.460","31","31","35.39","081854e4-5381-4283-907b-be2f5010c1d7","2021-11-23 11:36:04.598"
"ABB","35.450","2","35.460","31","31","35.39","81e907e6-f55e-40f8-b72d-07cbc8e6498a","2021-11-23 11:36:04.598"
"ABB","35.380","22","35.390","11","-31","35.39","6dcb1ea9-2a7d-4ab2-a5d7-58e0c8f0f397","2021-11-23 11:36:10.768"
"ABB","35.380","22","35.390","11","-31","35.39","afffd4a4-3497-4a5c-aef6-49da91f48f5c","2021-11-23 11:36:10.768"
"ABB","35.460","16","35.470","9","31","35.38","e70799ec-04d7-4e3a-9ad4-314b95dd3065","2021-11-23 11:36:21.408"
"ABB","35.370","16","35.380","20","-31","35.38","287f3652-d5cf-4b97-b7a2-bbe7f0935d8c","2021-11-23 11:36:35.494"
"ABB","35.370","16","35.380","20","-31","35.38","be0232b0-07a5-4d11-90d2-1e4b4ab5890f","2021-11-23 11:36:35.494"
"ABB","35.450","20","35.460","13","31","35.37","8162c7be-ade8-492d-9590-dc665b049ea4","2021-11-23 11:36:53.120"
"ABB","35.450","36","35.460","13","31","35.37","98e65345-7f0d-458e-8fba-67bb86d525af","2021-11-23 11:36:53.120"
"ABB","35.460","52","35.470","12","31","35.37","a9f81ba3-fb29-408c-874a-dc48385f5ce3","2021-11-23 11:36:53.120"
"ABB","35.460","3","35.470","36","31","35.37","dbe6588e-ea19-4460-8033-b35bead7e34a","2021-11-23 11:36:53.120"
"ABB","35.440","8","35.450","15","31","35.37","1bcd47a4-6f75-4132-96d7-dc81857609f7","2021-11-23 11:36:53.120"
"ABB","35.440","8","35.450","15","31","35.37","76c6f64e-5cee-472d-84cc-c500ebc2729b","2021-11-23 11:36:53.120"
"ABB","35.450","22","35.460","19","31","35.37","5227b370-f954-44f1-bb7b-eeff236807be","2021-11-23 11:36:53.120"
"ABB","35.450","6","35.460","17","31","35.37","7607007e-8c49-4f27-8678-b5200da27a27","2021-11-23 11:36:53.120"
"ABB","35.460","12","35.470","10","31","35.37","44798d61-9061-4564-ad8d-0b68b83324b8","2021-11-23 11:36:53.120"
"ABB","35.460","12","35.470","10","31","35.37","f264cef6-9672-4135-8f59-111d7799bf0f","2021-11-23 11:36:53.120"
"ABB","35.460","12","35.470","10","31","35.37","0eb4af00-46cd-4132-a074-8c1378e9c8f3","2021-11-23 11:36:53.120"
"ABB","35.380","8","35.390","17","-31","35.39","f08441e9-1da8-475c-9df3-0eda538f0e99","2021-11-23 11:37:20.417"
"ABB","35.380","8","35.390","17","-31","35.39","60708733-ed3f-4402-a653-4c009e0795dc","2021-11-23 11:37:20.417"
"ABB","35.380","8","35.390","17","-31","35.39","10fc876e-7491-462f-98a1-fe21148e9bdc","2021-11-23 11:37:20.417"
"ABB","35.380","8","35.390","17","-31","35.39","ff646a1e-f05b-46a1-962c-8dce928c03d5","2021-11-23 11:37:20.417"
"ABB","35.380","8","35.390","17","-31","35.39","dc182808-5f5d-4bc5-b622-e104c162a01b","2021-11-23 11:37:20.417"
"ABB","35.380","8","35.390","17","-31","35.39","799a668c-4cf5-455c-900f-c0ba86a11216","2021-11-23 11:37:20.417"
"ABB","35.380","8","35.390","17","-31","35.39","c5ae6d35-b625-4085-a904-25cb67822753","2021-11-23 11:37:20.417"
"ABB","35.380","8","35.390","17","-31","35.39","fe893c65-d342-4abd-aad5-8d7ae88a952e","2021-11-23 11:37:20.417"
"ABB","35.380","8","35.390","17","-31","35.39","f9575f2f-35d9-4523-a44d-627d87791432","2021-11-23 11:37:20.417"
"ABB","35.400","26","35.410","1","-31","35.41","a3681dbf-45e5-41f0-bc33-ddfa4d65f697","2021-11-23 11:37:34.851"
"ABB","35.400","26","35.410","1","-31","35.41","8539b960-40cc-47f0-a25e-7800a469f8b9","2021-11-23 11:37:34.851"
"ABB","35.400","26","35.410","1","-31","35.41","73257aab-370f-4f9b-bbe8-c2f42c00095b","2021-11-23 11:37:34.851"
"ABB","35.400","26","35.410","1","-31","35.41","ba12db8b-4161-473c-a99e-2e0e0ad5f6ac","2021-11-23 11:37:34.851"
"ABB","35.400","26","35.410","1","-31","35.41","29ea425d-1ce3-499a-823f-75e4a2c71985","2021-11-23 11:37:34.851"
"ABB","35.400","18","35.410","7","-31","35.42","8d36f9dc-a73b-4253-b12e-3318e7a268d6","2021-11-23 11:37:40.162"
"ABB","35.400","18","35.410","7","-31","35.42","ba277a3c-89b3-4703-9180-a0f6c27ad3d1","2021-11-23 11:37:40.162"
"ABB","35.410","10","35.420","12","-31","35.42","30bda1b3-ed38-4775-ade7-283d9775bf7e","2021-11-23 11:38:10.054"
"ABB","35.430","4","35.440","12","-31","35.44","f6a4be9c-0041-40f9-a580-80065bb64e5c","2021-11-23 11:39:20.213"
"ABB","35.420","23","35.430","1","31","35.43","8bc9e838-90d7-4958-aeb5-5b220b1cbbd7","2021-11-23 11:46:10.006"
"ABB","35.430","2","35.440","24","-31","35.45","88a606cc-c0b4-4388-b583-d582547586c8","2021-11-23 11:47:29.038"
"ABB","35.450","6","35.460","11","31","35.40","dd7accc2-4efc-4bee-a7cc-f2da64ff218e","2021-11-23 12:04:31.349"
"ABB","35.440","9","35.450","32","31","35.40","527dd4d3-17bb-4c3e-b61c-c37f77a05874","2021-11-23 12:04:31.349"
"ABB","35.410","1","35.420","22","-31","35.42","2d2b2baf-6cbd-4f39-9727-b0b1b8300d90","2021-11-23 12:05:29.427"
"ABB","35.410","9","35.420","17","-31","35.42","50766869-9757-47bd-9502-6919710b81f5","2021-11-23 12:06:42.031"
"ABB","35.450","6","35.460","11","31","35.39","4bee339f-4205-4969-bc37-eaa807221829","2021-11-23 12:13:59.366"
"ABB","35.450","6","35.460","11","31","35.39","22ecf0a9-9270-4490-af0d-5793825567e1","2021-11-23 12:13:59.366"
"ABB","35.380","12","35.390","16","-31","35.39","0a745971-64a0-4ad8-827c-59aa1fef3cf8","2021-11-23 12:15:20.402"
"ABB","35.380","27","35.390","2","-31","35.39","21f5ee6e-8ee3-45b5-bc22-ef2753677c03","2021-11-23 12:16:40.322"
"ABB","35.450","10","35.460","18","31","35.45","650d2a8e-a9e8-4a17-ae13-cf1ff4e2b6e0","2021-11-23 12:49:14.194"
"ABB","35.450","10","35.460","18","31","35.45","5292e5af-6396-4c34-91d9-14d435387390","2021-11-23 12:49:14.194"
"ABB","35.450","8","35.460","31","31","35.45","2b2c07e3-dd3c-418a-9f67-b607292797f7","2021-11-23 12:49:14.194"
"ABB","35.430","17","35.440","11","-31","35.44","045cdd1d-a221-4ace-8562-41437687b41f","2021-11-23 12:50:20.675"
"ABB","35.440","1","35.450","41","-31","35.45","2fb1544a-b400-4a63-bac0-1de9a9fab36e","2021-11-23 12:50:45.359"
"ABB","35.440","1","35.450","41","-31","35.45","9a2d04c9-8bc3-4c9b-bfdd-ff1cc1dddd83","2021-11-23 12:50:45.359"
"ABB","35.450","16","35.460","10","31","35.42","c2dd7288-5c1f-4c43-9310-5507b740f81a","2021-11-23 12:57:55.876"
"ABB","35.450","16","35.460","8","31","35.42","ff34a8c5-0ec3-43b5-ad35-1d745bbdc03f","2021-11-23 12:57:55.876"
"ABB","35.450","16","35.460","8","31","35.42","c0df1e1e-4909-4229-81a1-0ee816cc792e","2021-11-23 12:57:55.876"
"ABB","35.450","6","35.460","18","31","35.42","16952a0e-4c21-426a-bfba-e5125ed2952a","2021-11-23 12:57:55.876"
"ABB","35.450","6","35.460","18","31","35.42","32fee961-2801-4574-b8ac-9cc37aa32af2","2021-11-23 12:57:55.876"
"ABB","35.420","14","35.430","10","-31","35.43","bac3c77f-3082-433d-81a3-f114996e7126","2021-11-23 12:58:50.667"
"ABB","35.420","14","35.430","10","-31","35.43","f054644c-7670-4f78-9d06-32790b91f505","2021-11-23 12:58:50.667"
"ABB","35.420","14","35.430","10","-31","35.43","c784def0-a57a-46d8-a8a5-a5e73ae6b3d3","2021-11-23 12:58:50.667"
"ABB","35.420","15","35.430","9","-31","35.43","2eda2deb-ae0c-4ec0-bcde-3b8a56fa65f2","2021-11-23 12:58:50.667"
"ABB","35.420","13","35.430","9","-31","35.43","9377a052-5901-48ad-92bb-e4b607adaa0a","2021-11-23 12:59:01.752"
"ABB","35.450","13","35.460","8","31","35.43","0da04b5f-bb25-490e-b410-e8e9ccfeec23","2021-11-23 13:08:29.969"
"ABB","35.450","13","35.460","8","31","35.43","7982be7e-b973-49f7-a684-f4dbaae23218","2021-11-23 13:08:29.969"
"ABB","35.450","15","35.460","4","31","35.43","005f8f47-c8d2-4b3c-8de8-e877e1528bbc","2021-11-23 13:08:29.969"
"ABB","35.440","16","35.450","19","31","35.43","5873186c-e360-4ad9-97bf-7da89d4fd0aa","2021-11-23 13:08:29.969"
"ABB","35.440","27","35.450","1","31","35.43","b5a914ff-5f14-451d-9bd1-ee29f1caab4f","2021-11-23 13:08:29.969"
"ABB","35.440","27","35.450","1","31","35.43","bd8ed0d1-3d11-497a-a9a5-101d9395201d","2021-11-23 13:08:29.969"
"ABB","35.440","27","35.450","1","31","35.43","496a15a0-b336-4d6b-8d0a-ad521f2048eb","2021-11-23 13:08:29.969"
"ABB","35.440","12","35.450","14","31","35.43","825942b7-b7b2-4e77-8ca3-c9ec3256266c","2021-11-23 13:08:29.969"
"ABB","35.430","21","35.430","1","-31","35.43","ff501261-8678-4d34-a9a7-cb4e94437fc8","2021-11-23 13:09:50.006"
"ABB","35.430","21","35.430","1","-31","35.43","6df6f3c0-faad-4a13-a77f-f7feb6729793","2021-11-23 13:09:50.006"
"ABB","35.430","21","35.430","1","-31","35.43","4e94d0a9-561b-4931-a098-454b0cc295de","2021-11-23 13:09:50.006"
"ABB","35.430","21","35.430","1","-31","35.43","7d7af3af-742a-476f-89cc-19b30a303f6d","2021-11-23 13:09:50.006"
"ABB","35.430","21","35.430","1","-31","35.43","acd3362f-23ca-4565-9a87-629a6306f745","2021-11-23 13:10:00.006"
"ABB","35.430","21","35.430","1","-31","35.43","3be0c1f4-1082-493b-9b4f-4f6e1417263a","2021-11-23 13:10:00.006"
"ABB","35.420","1","35.430","25","-31","35.43","4e540ce1-8679-4da0-bf3c-593274338e7a","2021-11-23 13:10:42.181"
"ABB","35.410","20","35.420","14","-31","35.42","25aa2acb-71af-4427-bb74-a0fad6006148","2021-11-23 13:12:04.887"
"ABB","35.440","17","35.450","10","31","35.42","3ea59ddb-5f49-49b4-beaa-b01e9d252b46","2021-11-23 13:18:04.641"
"ABB","35.430","10","35.440","19","31","35.42","98b45d29-2c9e-47f5-af3a-f2b5af4a0247","2021-11-23 13:18:04.641"
"ABB","35.420","15","35.430","8","31","35.41","564d6106-c19c-496c-9520-54dea5d9fa9d","2021-11-23 13:19:36.877"
"ABB","35.420","15","35.430","8","31","35.41","129512d8-f075-49c3-bf6a-2c0aeb7a4b1f","2021-11-23 13:19:36.877"
"ABB","35.420","16","35.430","13","31","35.41","782f251a-1b6c-4c2f-9a18-3ec7e2ce74b6","2021-11-23 13:19:36.877"
"ABB","35.440","23","35.450","1","31","35.40","346617c6-7a58-43cf-adfc-3cb8a91bfb1e","2021-11-23 13:19:42.707"
"ABB","35.400","8","35.410","18","-31","35.41","4f89d82d-fc30-454f-a2a0-e731faeb1f93","2021-11-23 13:20:03.052"
"ABB","35.400","8","35.410","18","-31","35.41","9d25d6c5-ca1a-4c60-a06e-6214451b2531","2021-11-23 13:20:03.052"
"ABB","35.400","8","35.410","18","-31","35.41","c43e1a68-e8d4-4457-90c9-8b0f390bfba1","2021-11-23 13:20:03.052"
"ABB","35.410","22","35.420","17","-31","35.42","8742caa7-c18a-4468-9b84-6e41b57339fd","2021-11-23 13:20:35.078"
"ABB","35.410","22","35.420","17","-31","35.42","3bac2f66-41d7-4342-8b5e-fb8c9e8a5716","2021-11-23 13:20:35.078"
"ABB","35.410","20","35.420","18","-31","35.42","ec18f423-1eac-43e1-ba8d-4f5b36ebf4f9","2021-11-23 13:20:35.078"
"ABB","35.430","17","35.440","18","31","35.43","cac9badd-de7b-41fe-9490-5d7c204b20df","2021-11-23 13:24:22.119"
"ABB","35.420","15","35.430","8","-31","35.43","0176dfbb-3e60-4715-a957-7b8e14651294","2021-11-23 13:26:20.372"
"ABB","35.500","17","35.510","7","31","35.47","a099a533-759a-43b4-8d98-ab909e13a0c8","2021-11-23 14:16:14.232"
"ABB","35.500","20","35.510","10","31","35.47","ce26be73-59b9-4a20-882a-4d0e414313d5","2021-11-23 14:16:14.232"
"ABB","35.490","22","35.500","10","31","35.47","656e6472-1fe1-4796-83c7-eb18db627448","2021-11-23 14:16:33.817"
"ABB","35.460","26","35.470","10","-31","35.47","4f68ad94-e75c-42e6-a5ab-b7ecb8a10ca8","2021-11-23 14:18:01.062"
"ABB","35.460","26","35.470","10","-31","35.47","ffd871f5-a077-4dfb-8a7d-b24babaa8405","2021-11-23 14:18:01.062"
"ABB","35.470","18","35.470","1","-31","35.47","baa4b8e9-f5d4-4ac4-95ff-5fdcda57c691","2021-11-23 14:18:10.006"
"ABB","35.480","26","35.490","1","31","35.46","f4b6acfe-ce46-4193-bf96-fe2c1efdebf0","2021-11-23 14:20:04.235"
"ABB","35.480","27","35.500","17","31","35.46","d8bc25d0-6559-4165-83c5-98954b2166e0","2021-11-23 14:20:04.235"
"ABB","35.490","22","35.500","10","31","35.46","f0a8875e-143e-46ca-8607-0903fb4731aa","2021-11-23 14:20:04.235"
"ABB","35.490","22","35.500","10","31","35.46","9ba2b56b-308f-4d8c-885b-180ade6f7474","2021-11-23 14:20:04.235"
"ABB","35.460","20","35.470","9","-31","35.47","747b9d54-9e0f-4a52-a537-466485b94c66","2021-11-23 14:20:32.775"
"ABB","35.460","20","35.470","9","-31","35.47","58296eb6-8fcf-40bf-9e79-ee452da1fe1f","2021-11-23 14:20:32.775"
"ABB","35.460","26","35.470","8","-31","35.47","bc842749-0764-49b1-823e-7e4f80fffa1b","2021-11-23 14:20:32.775"
"ABB","35.460","16","35.470","14","-31","35.47","3c48ef80-ae9d-4679-9ca9-f44475b03c50","2021-11-23 14:21:14.165"
"ABB","35.490","28","35.500","3","31","35.48","8f0bf71f-5b95-4a06-b89a-e1b88df39566","2021-11-23 14:31:11.405"
"ABB","35.490","28","35.500","3","31","35.48","b92b3dfd-2312-4e43-a67e-ace8729e57dc","2021-11-23 14:31:11.405"
"ABB","35.450","24","35.460","8","-31","35.46","c9865a3d-f56a-4775-9155-58941ce69be5","2021-11-23 14:32:30.990"
"ABB","35.460","6","35.470","23","-31","35.47","dbbd3987-5b42-4ac7-84cb-636f2e04c48e","2021-11-23 14:32:31.031"
"ABB","35.510","16","35.520","8","31","35.50","b4b3094c-62ff-4fa1-94fd-e2cd43f1091f","2021-11-23 15:03:51.711"
"ABB","35.520","25","35.530","6","-31","35.53","2307bd4d-d47e-4a63-863d-d5175516615a","2021-11-23 15:06:48.923"
"ABB","35.520","30","35.530","6","31","35.52","9d6b6e92-7469-4eae-b90f-2c6659d01549","2021-11-23 15:12:16.952"
"ABB","35.520","12","35.530","15","-31","35.53","95c7f262-90cf-4cae-9940-01f7c20642ab","2021-11-23 15:14:32.236"
"ABB","35.530","21","35.540","10","31","35.51","48ff89bc-68d5-41cd-9b87-25c80737a74d","2021-11-23 15:16:59.869"
"ABB","35.530","18","35.540","12","31","35.49","c5c3a5ee-ea5c-4b27-89b9-cc5303a0dd46","2021-11-23 15:20:27.518"
"ABB","35.530","10","35.540","14","31","35.49","28a58733-3cc4-42a7-82fd-00211ca591d7","2021-11-23 15:20:27.518"
"ABB","35.530","10","35.540","14","31","35.49","70385676-20e8-4619-b240-aba746f450f2","2021-11-23 15:20:27.518"
"ABB","35.530","19","35.540","8","31","35.49","b26c7a4b-94ba-458f-9e73-a8260c275add","2021-11-23 15:20:27.518"
"ABB","35.520","24","35.530","7","31","35.49","cd18031a-efc2-493c-935d-055de2c6816c","2021-11-23 15:20:27.518"
"ABB","35.530","20","35.540","10","31","35.49","dcaffda9-175a-4607-8f50-e29505b169c8","2021-11-23 15:20:27.518"
"ABB","35.490","12","35.500","20","-31","35.50","2605876e-bbbb-467f-ae0b-da27b5fc0f03","2021-11-23 15:21:42.504"
"ABB","35.490","12","35.500","20","-31","35.50","fbb85f5f-f3f3-4210-aa3c-1666d9f07d11","2021-11-23 15:21:42.504"
"ABB","35.490","12","35.500","20","-31","35.50","45266736-fa45-4000-ae38-29c542107a4b","2021-11-23 15:21:42.504"
"ABB","35.490","12","35.500","20","-31","35.50","ec4d8d90-8e4c-4bce-a182-236cd059a6ba","2021-11-23 15:21:42.504"
"ABB","35.490","12","35.500","20","-31","35.50","3af8f35b-3763-4c56-8eac-9f68acff739f","2021-11-23 15:21:42.504"
"ABB","35.490","12","35.500","20","-31","35.50","602e5bf2-be09-4eff-ba38-84433fc6e820","2021-11-23 15:21:42.504"
"ABB","35.490","12","35.500","20","-31","35.50","d18d6bb4-1d8a-4525-97a9-220b748f7fa1","2021-11-23 15:21:42.504"
"ALB","284.050","2","284.980","2","4","282.00","12d251ff-eba3-4037-8110-12333de62a61","2021-11-23 10:11:37.189"
"ALB","284.050","2","284.980","2","4","282.00","19fc2d87-4a6f-433e-8918-dff97c5ea44d","2021-11-23 10:11:37.189"
"ALB","284.020","2","284.960","1","4","282.00","ae5b02a2-6a67-4e12-bbf7-2e192c60ae73","2021-11-23 10:11:37.189"
"ALB","284.020","2","284.940","1","4","282.00","4fd58547-1f66-46af-81bd-c568e9b9c09c","2021-11-23 10:11:37.189"
"ALB","283.870","2","284.910","2","4","282.00","a8e2482d-59b5-47bd-a5d2-437e622f95d5","2021-11-23 10:11:37.189"
"ALB","283.870","1","284.920","3","4","282.00","a435b967-02e1-4e61-bd7c-c0070496c0ae","2021-11-23 10:11:37.189"
"ALB","283.870","2","284.920","3","4","282.00","ab0509f8-eee6-4a6e-84fe-a8ca6f9ca59b","2021-11-23 10:11:37.189"
"ALB","281.390","1","281.970","1","-4","281.98","9dc20b0a-7a0d-4d55-b0f0-c3468f387206","2021-11-23 10:13:03.975"
"ALB","281.390","1","281.970","1","-4","281.98","d9592c0d-c4e7-4c55-bc6f-8f43040600e3","2021-11-23 10:13:03.975"
"ALB","281.390","1","281.970","1","-4","281.98","7bf10421-ccf1-46b2-83eb-59094a97072e","2021-11-23 10:13:03.975"
"ALB","281.390","1","281.970","1","-4","281.98","85809dc4-de8d-477a-8adf-4b85fadca56f","2021-11-23 10:13:03.975"
"ALB","281.390","2","281.970","1","-4","281.98","20672818-1766-44d7-be4a-f429997f45ae","2021-11-23 10:13:03.975"
"ALB","281.390","2","281.970","1","-4","281.98","b3d7a03e-4d13-496f-b5c7-b45768627ece","2021-11-23 10:13:03.975"
"ALB","280.740","1","281.450","1","-4","281.58","a22c2d7e-4376-4680-beae-176bf79a2e26","2021-11-23 10:13:38.245"
"ALB","286.120","1","286.580","2","4","280.10","20dae491-a75b-4abd-b2b4-d85add60cfca","2021-11-23 10:21:02.521"
"ALB","284.660","2","285.290","1","4","280.04","6fa322a9-37c9-41c4-b54c-c78193baaebf","2021-11-23 10:21:02.623"
"ALB","284.750","1","285.300","11","4","280.04","00c01769-a211-4826-913e-5798dd0f348e","2021-11-23 10:21:02.623"
"ALB","284.500","2","285.300","11","4","280.04","cfcfbda8-3415-4d09-b0d4-d4d38d03f74c","2021-11-23 10:21:02.623"
"ALB","284.860","2","286.040","2","4","280.04","5894d256-ab2c-4e67-9d2d-9d9ea8b60fb8","2021-11-23 10:21:02.623"
"ALB","285.680","2","286.490","2","4","280.04","a4e1dae2-bf62-409a-a95b-0ae8fee65777","2021-11-23 10:21:02.623"
"ALB","285.690","1","286.440","1","4","280.04","6ba229c9-a6c8-4870-bce9-6bb0aba23fac","2021-11-23 10:21:02.623"
"ALB","285.730","1","286.440","1","4","280.04","daf1852c-1d73-4a01-a393-614ce73ba9d9","2021-11-23 10:21:02.623"
"ALB","285.750","1","286.440","1","4","280.04","7a3aabdc-6b9d-4992-a711-3e8f60786a4a","2021-11-23 10:21:02.623"
"ALB","285.310","1","286.290","1","4","280.04","3741bea2-3004-48d7-9e5d-45beabc04f50","2021-11-23 10:21:02.623"
"ALB","285.250","2","286.280","2","4","280.04","9610b9ef-4fe4-449a-adc9-2df5ba7480d7","2021-11-23 10:21:02.623"
"ALB","280.320","1","280.630","1","-4","280.63","19319d2a-449a-47be-80f4-7611497c6c71","2021-11-23 10:22:17.215"
"ALB","280.650","1","281.080","1","-4","281.09","b2d4cb7e-d0e0-41ed-af01-545e80eccb49","2021-11-23 10:23:15.297"
"ALB","280.650","1","281.080","1","-4","281.09","30475fa9-11f1-4f8a-9da7-d090f1604241","2021-11-23 10:23:15.297"
"ALB","280.650","1","281.080","1","-4","281.09","d87f06bf-59fc-47eb-92d7-812e2c6d8ab7","2021-11-23 10:23:15.297"
"ALB","280.950","1","281.180","1","-4","281.18","9f6c59ba-bc3a-4abc-a40f-14074297ec9e","2021-11-23 10:24:02.749"
"ALB","280.950","1","281.180","1","-4","281.18","e4336fec-dc1c-45b5-b651-b8208d1bae8c","2021-11-23 10:24:02.749"
"ALB","280.950","1","281.180","1","-4","281.18","a4548ffb-a714-4c0e-83bb-a6eae55aec17","2021-11-23 10:24:02.749"
"ALB","280.000","1","280.320","2","-4","280.32","2049670a-f9b1-4864-a2bd-93c5948fd54c","2021-11-23 10:25:50.295"
"ALB","280.000","1","280.340","1","-4","280.45","860751f8-d1c2-4a03-8f4c-1f097a607048","2021-11-23 10:25:52.604"
"ALB","278.310","1","278.980","2","-4","278.99","b8b860bd-063f-42dc-9bee-2e8c621dfcec","2021-11-23 10:27:09.010"
"ALB","278.540","1","278.830","1","-4","278.83","84eb19cf-6574-4236-8b0c-a7e79832654f","2021-11-23 10:30:50.087"
"ALB","272.820","1","273.000","87","4","273.00","f9b659be-a542-468c-a898-b3700836deac","2021-11-23 11:04:40.006"
"ALB","271.510","1","271.900","2","-4","271.90","79a6d9a8-9f7b-42fe-ba74-51c4200f4cab","2021-11-23 11:08:30.430"
"ALB","272.760","2","273.000","58","4","272.04","5433f006-dcf8-4655-9ce7-c289a8d5c0a8","2021-11-23 11:20:18.131"
"ALB","272.570","2","273.040","4","4","271.49","dc501c22-c066-4a9a-be8d-519d4989a747","2021-11-23 11:20:56.285"
"ALB","272.560","1","272.870","4","4","271.49","1c7abd21-c2e2-478e-b017-16f67d21c3d6","2021-11-23 11:20:56.285"
"ALB","272.280","1","272.850","1","4","271.49","42a5da66-e24c-4b28-a149-0c600d917189","2021-11-23 11:20:56.285"
"ALB","272.100","1","272.500","2","-4","272.50","589dd683-f589-49fa-b771-8fac1cfc0aad","2021-11-23 11:21:10.012"
"ALB","272.100","1","272.500","2","-4","272.50","b9c024d3-a900-452b-beec-04e77942707b","2021-11-23 11:21:10.012"
"ALB","271.730","2","272.060","1","-4","272.07","08980447-02b8-4916-9ef4-2b92031544c7","2021-11-23 11:22:09.767"
"ALB","272.580","1","273.230","2","-4","273.27","c4de13aa-9323-41d9-9a78-fa19a8a2541a","2021-11-23 11:25:15.095"
"ALB","273.670","1","274.330","1","4","272.02","f7fd3cea-1a4f-4f43-8953-5a54aa157a8c","2021-11-23 11:30:11.284"
"ALB","273.180","1","273.660","1","4","272.02","241299e8-ea74-4b7e-8a65-f67ec00976bb","2021-11-23 11:30:11.284"
"ALB","273.000","1","273.290","1","4","272.02","5db137f7-2f1e-4e46-89fd-4b03e6ea7a1f","2021-11-23 11:30:11.284"
"ALB","272.720","2","273.130","1","4","272.02","3bf0a595-e6ac-418c-b142-300f359a384c","2021-11-23 11:30:11.284"
"ALB","272.740","1","273.100","1","4","272.02","061c5189-44ad-42fa-aefc-46067b0de433","2021-11-23 11:30:11.284"
"ALB","272.250","2","272.780","1","-4","272.78","8186bcdb-d901-4082-9aa8-6e6c9f321a6b","2021-11-23 11:30:52.783"
"ALB","272.250","2","272.780","1","-4","272.78","bf5cd990-ea6b-42e9-82f0-022c5d677c7a","2021-11-23 11:30:52.783"
"ALB","272.250","2","272.780","1","-4","272.78","d4b912f7-6891-4f78-bba9-b540f8b1a19a","2021-11-23 11:30:52.783"
"ALB","272.690","1","273.150","1","-4","273.15","f45e45ed-97da-456d-8d4d-4f724f388efd","2021-11-23 11:31:10.621"
"ALB","272.690","1","273.240","1","-4","273.24","ae2f6c28-17ac-4554-a0be-b65f14766c47","2021-11-23 11:31:24.421"
"ALB","273.000","2","273.510","1","4","272.31","4ca9d67e-9d01-4440-ba80-70e1859fe4d1","2021-11-23 11:31:56.389"
"ALB","272.700","1","273.170","1","4","272.31","bbdba33f-26c5-44fa-bcdc-7724ed3e5c55","2021-11-23 11:31:56.389"
"ALB","272.740","1","273.150","1","-4","273.15","77f1c7e2-8266-4b41-b5b6-ff5c5eeaa965","2021-11-23 11:33:16.639"
"ALB","271.710","2","272.500","2","-4","272.50","89f3b246-2fd0-4b55-bb1c-43a6b0c9f9c5","2021-11-23 11:35:26.294"
"ALB","272.830","1","273.420","1","4","271.95","389f7a50-a920-42a2-b0f6-2b607473d27f","2021-11-23 11:44:31.989"
"ALB","272.870","1","273.410","1","4","271.95","04a16f77-5d9d-4e68-b32b-410bed284e8a","2021-11-23 11:44:31.989"
"ALB","272.310","1","272.840","1","4","271.95","be0d6340-89c5-47ac-9721-de638a01ee18","2021-11-23 11:44:31.989"
"ALB","273.020","1","273.430","1","4","271.76","be381468-2c95-4903-b815-a8c828b2715b","2021-11-23 11:44:33.080"
"ALB","273.010","2","273.420","1","4","271.76","e376101d-ab4e-4ec9-b4dd-88011df71b61","2021-11-23 11:44:33.080"
"ALB","272.940","1","273.350","1","4","271.76","5ab1b47e-2326-4787-ab01-d934d75b7d51","2021-11-23 11:44:33.080"
"ALB","273.110","2","273.600","2","4","271.76","bbe9f5c8-1cf6-40c2-b673-e23403c3e3a2","2021-11-23 11:44:33.080"
"ALB","272.940","1","273.460","2","4","271.76","e824916c-1705-452b-86c0-69d8c306b9b1","2021-11-23 11:44:33.080"
"ALB","272.700","1","273.210","1","4","271.50","95e6fe03-6b9f-4484-8373-42e4758c7a63","2021-11-23 11:44:48.559"
"ALB","272.730","1","273.210","1","4","271.50","be27ddef-0840-4152-af76-846ccafcee04","2021-11-23 11:44:48.559"
"ALB","272.740","1","273.340","2","4","271.50","60958804-598d-4850-ad8e-29c8482cdeb4","2021-11-23 11:44:48.559"
"ALB","272.740","1","273.340","2","4","271.50","95ba1641-2278-4a76-906b-e64b7cfefdf9","2021-11-23 11:44:48.559"
"ALB","273.060","1","273.640","2","4","271.50","9d90ef96-8753-46c5-972a-d9217bb7c118","2021-11-23 11:44:48.559"
"ALB","273.430","1","273.850","2","4","271.50","b8fb2301-f802-4712-b7b0-cb794cbfda5e","2021-11-23 11:44:48.559"
"ALB","273.480","1","273.980","1","4","271.50","c146e403-2293-4922-aa15-61767fc504e7","2021-11-23 11:44:48.559"
"ALB","273.470","1","273.980","1","4","271.50","07dfef9f-5f69-4ab6-9e1a-05b58974859a","2021-11-23 11:44:48.559"
"ALB","273.480","1","273.980","1","4","271.50","af05c245-e784-41b2-8fd3-c088eb237868","2021-11-23 11:44:48.559"
"ALB","273.880","1","274.380","1","4","271.50","3a98e262-ad4a-44e8-b8b2-5474923347e7","2021-11-23 11:44:48.559"
"ALB","273.750","2","274.360","1","4","271.50","88cd9822-9356-4ae1-94bc-972fb02829e9","2021-11-23 11:44:48.559"
"ALB","273.550","1","274.350","1","4","271.50","835bc1e8-3d31-4d79-90a9-71e3504843fe","2021-11-23 11:44:48.559"
"ALB","271.480","2","271.950","1","-4","271.95","9c690cb4-7c64-4e28-aa61-b45c30ca237f","2021-11-23 11:45:04.770"
"ALB","271.480","2","271.950","1","-4","271.95","b03c903d-39bb-4ffc-954a-b85af0430e74","2021-11-23 11:45:04.770"
"ALB","271.480","2","271.950","1","-4","271.95","586221ea-f9c2-4022-8af4-e2a4c7669387","2021-11-23 11:45:04.770"
"ALB","271.480","2","271.950","1","-4","271.95","9ec756bf-7316-40d2-aa15-9014d8c2beb7","2021-11-23 11:45:04.770"
"ALB","271.480","2","271.950","1","-4","271.95","cb386966-9a3a-465e-9515-15b0c78e12cc","2021-11-23 11:45:04.770"
"ALB","271.480","2","271.950","1","-4","271.95","de9e77cd-0816-4141-93c9-72db83af918a","2021-11-23 11:45:04.770"
"ALB","271.480","2","271.950","1","-4","271.95","2ed82ddc-70e1-4d2e-95fb-4cab7d7221d9","2021-11-23 11:45:04.770"
"ALB","271.480","2","271.950","1","-4","271.95","cea67e39-4993-4078-bfa9-845a0590327e","2021-11-23 11:45:04.770"
"ALB","271.480","1","271.970","2","-4","271.99","7a639105-a160-4a4e-98a7-b49b8fc6d84e","2021-11-23 11:45:04.771"
"ALB","271.480","1","271.970","2","-4","271.99","5da30866-992c-45cb-8763-9dfcd77e9de1","2021-11-23 11:45:04.771"
"ALB","271.480","1","271.970","2","-4","271.99","a0206861-0c0f-48ed-a13e-cff23218ac4e","2021-11-23 11:45:04.771"
"ALB","271.480","1","271.970","2","-4","271.99","e2827b3d-960f-4a48-9044-a39759044db9","2021-11-23 11:45:04.771"
"ALB","271.680","1","272.300","1","-4","272.30","7726f94c-7ab8-4c88-9e2f-2f9905e31bd4","2021-11-23 11:45:41.853"
"ALB","271.680","1","272.300","1","-4","272.30","f9a9afe4-25e4-480c-afbe-cb8475fe4f6d","2021-11-23 11:45:41.853"
"ALB","271.680","1","272.300","1","-4","272.30","7784ee42-ade9-45a4-a590-9452b55419bc","2021-11-23 11:45:41.853"
"ALB","271.860","2","272.800","1","-4","272.80","33751c74-3924-4f68-80dd-1b613cf633a6","2021-11-23 11:46:00.373"
"ALB","272.540","2","272.760","2","-4","272.76","9aca629f-d41f-4356-8077-a25b9fb0aaa3","2021-11-23 11:47:08.811"
"ALB","272.650","1","272.800","1","-4","272.80","d54901ff-d226-4f0c-bdad-8c1d2deef5e7","2021-11-23 11:47:10.492"
"ALB","272.650","1","272.800","1","-4","272.80","e415452a-1f71-4407-a240-cfa334061641","2021-11-23 11:47:10.492"
"ALB","272.690","2","273.190","1","-4","273.25","d92679cb-fde0-4c80-9c26-21635d984a50","2021-11-23 11:47:24.794"
"ALB","272.660","1","273.080","1","4","272.01","fb94f4bf-34d5-4926-8925-ab1a67d05e6f","2021-11-23 12:02:28.420"
"ALB","272.670","2","273.080","1","4","272.01","6273d0c4-7d90-4051-97b0-e3068dcc6b16","2021-11-23 12:02:28.420"
"ALB","272.690","2","273.080","1","4","272.01","66c6fa0e-fd6d-4722-8d37-2a66bcf42a9a","2021-11-23 12:02:28.420"
"ALB","272.690","2","273.070","1","4","272.01","e645298a-dd90-44ac-bd78-0ed1a4d98620","2021-11-23 12:02:28.420"
"ALB","272.690","2","273.070","1","4","272.01","8bb6c773-5b18-4710-a741-ad0926c01549","2021-11-23 12:02:28.420"
"ALB","272.010","1","272.210","2","-4","272.28","0ca32d6c-e1fb-411d-84c5-95ff2d642179","2021-11-23 12:04:00.569"
"ALB","272.010","1","272.210","2","-4","272.28","88394258-7205-4967-abc5-cffccfba462c","2021-11-23 12:04:00.569"
"ALB","272.130","2","272.590","1","-4","272.59","77b9f368-f05f-4b85-8934-6c3fd707f29e","2021-11-23 12:05:02.767"
"ALB","272.130","3","272.570","2","-4","272.57","d2536251-5300-43f2-979b-7e6056c2e792","2021-11-23 12:05:21.853"
"ALB","272.140","2","272.560","2","-4","272.56","8335ca0f-41f4-4e41-a6c5-05a81674b7fe","2021-11-23 12:05:57.221"
"ALB","272.410","2","272.810","1","4","272.81","ba4e1df9-b97a-40ff-88ea-bb5a1a37a28a","2021-11-23 12:09:20.006"
"ALB","273.290","1","273.630","2","-4","273.63","e78c71d4-9932-458e-a63e-fc80de10e3c7","2021-11-23 12:11:54.377"
"ALB","274.570","2","275.000","2","4","274.41","ac759b45-1fad-4fa0-93d8-9eacaf934fb3","2021-11-23 12:51:20.067"
"ALB","274.580","2","275.000","2","4","274.41","7e521f4b-7307-48de-a241-1b3b6685f11a","2021-11-23 12:51:20.067"
"ALB","274.660","4","275.000","1","4","274.41","11dea5fc-5d0e-4668-a3b2-a686c3e5dad9","2021-11-23 12:51:20.067"
"ALB","274.690","2","275.000","1","4","274.41","681e5f28-6ab0-4a06-bc0b-467fc0e066b5","2021-11-23 12:51:20.067"
"ALB","274.880","4","275.220","1","4","274.41","4d5a067f-b1e4-433d-a686-d46cc9b348a7","2021-11-23 12:51:20.067"
"ALB","275.060","2","275.420","2","4","274.41","a0125448-fda9-4fd3-8af0-102a9e0033d1","2021-11-23 12:51:20.067"
"ALB","274.880","1","275.200","1","4","274.41","df2e793e-ebad-4f98-92fb-0d08669b7756","2021-11-23 12:51:20.067"
"ALB","274.880","1","275.190","1","4","274.41","8b2659a1-baa9-4ddf-a679-f669e37600ee","2021-11-23 12:51:20.067"
"ALB","274.240","1","274.560","2","-4","274.56","8e5992d0-6fac-4d6e-8bcc-d195b328c980","2021-11-23 12:54:01.957"
"ALB","274.250","1","274.550","2","-4","274.56","3f93890b-6ac5-43fa-b116-df251bb8c6c7","2021-11-23 12:54:01.957"
"ALB","274.270","1","274.580","2","-4","274.59","08a2c44f-5d75-46ab-927f-c6b61f693c35","2021-11-23 12:54:03.820"
"ALB","274.270","1","274.580","2","-4","274.59","86a6458c-b2b2-4dd4-b1de-7f32104fa73e","2021-11-23 12:54:03.820"
"ALB","274.270","1","274.580","2","-4","274.59","6cc35bd0-e41d-47bb-aca7-09226978a064","2021-11-23 12:54:03.820"
"ALB","274.270","1","274.580","2","-4","274.59","b4ab6252-c164-4bf9-861b-cdf19e43d9b4","2021-11-23 12:54:03.820"
"ALB","274.270","1","274.580","2","-4","274.59","7c2c945f-0c73-4c5b-b696-62a869db5dcb","2021-11-23 12:54:03.820"
"ALB","274.270","1","274.580","2","-4","274.59","08578be8-285b-43c4-8f17-06afce1e57bb","2021-11-23 12:54:03.820"
"ALB","274.380","1","274.830","2","4","274.01","81d188d1-a62c-4002-8014-043608932451","2021-11-23 12:54:42.843"
"ALB","274.390","1","274.830","1","4","274.01","26d24a21-2395-4ff9-98a1-590602a26330","2021-11-23 12:54:42.843"
"ALB","274.720","1","275.070","3","4","273.88","30552e51-c80d-4e1a-a38d-c17193b6adff","2021-11-23 12:54:50.710"
"ALB","274.720","1","275.060","3","4","273.88","2aff0a47-7dad-4425-a0c8-721d9474f4e7","2021-11-23 12:54:50.710"
"ALB","274.730","2","275.050","1","4","273.88","1e9c5171-2144-444e-bce3-1fe2ba6b6229","2021-11-23 12:54:50.710"
"ALB","274.730","1","274.960","2","4","273.88","65b6ec7d-81ac-451d-a28c-7b8e55635f48","2021-11-23 12:54:50.710"
"ALB","274.020","2","274.460","3","4","273.88","b2ecebca-6e1d-4400-a616-aede38858913","2021-11-23 12:54:50.710"
"ALB","274.580","1","274.960","2","4","273.86","ee7bd8f1-e6fb-4bda-aa54-8bba06ed28cf","2021-11-23 12:54:52.018"
"ALB","274.680","1","275.160","1","4","273.86","b99163de-e0bc-4a8a-a907-17d84f99ae0f","2021-11-23 12:54:52.018"
"ALB","273.750","1","274.060","1","-4","274.06","18566926-7269-4438-bb68-f209dc53112d","2021-11-23 12:55:20.681"
"ALB","273.750","1","274.060","1","-4","274.06","d41ee932-9255-4b35-910e-1252228a4212","2021-11-23 12:55:20.681"
"ALB","273.740","1","274.010","1","-4","274.01","1f296a45-6e7b-4138-8eff-5db44f95d9e1","2021-11-23 12:56:06.612"
"ALB","273.740","1","274.010","1","-4","274.01","cb61bfdc-7844-4fc3-91b9-e8eb0eaccdf9","2021-11-23 12:56:06.612"
"ALB","273.740","1","274.010","1","-4","274.01","4160f806-0794-42dc-a867-98dc26d5916d","2021-11-23 12:56:06.612"
"ALB","273.770","1","274.010","1","-4","274.01","2fde0a84-8f1c-4687-8a30-ebe5b6797db5","2021-11-23 12:56:06.612"
"ALB","273.770","1","274.010","1","-4","274.01","1a6473d7-1215-4f9c-a82a-3a8d91ff68ab","2021-11-23 12:56:06.612"
"ALB","273.750","1","274.060","1","-4","274.06","89d4d45f-8944-48f1-b29a-eb465071fe28","2021-11-23 12:56:56.419"
"ALB","273.750","1","274.060","1","-4","274.06","c0a888e7-923d-42a4-a0c7-cbae77e8a248","2021-11-23 12:57:00.904"
"ALB","273.500","2","273.940","1","4","273.94","ba5c8b60-f1d1-4007-b828-44e529cd56e9","2021-11-23 13:04:00.006"
"ALB","272.230","2","272.630","1","-4","272.64","d5b4d02c-1517-4f2c-a0a2-9f7ad3c44201","2021-11-23 13:11:41.909"
"ALB","272.910","1","273.160","2","4","273.16","17bcb566-7143-498a-9bb5-e5ad2aac6dec","2021-11-23 13:16:10.006"
"ALB","273.080","2","273.520","1","4","272.17","22a28459-14d0-461a-b2a1-5bbd84bfd4cd","2021-11-23 13:17:53.364"
"ALB","273.080","3","273.520","1","4","272.17","d4ac93ac-e256-4e44-bd56-db4a1bbc7326","2021-11-23 13:17:53.364"
"ALB","273.100","3","273.520","1","4","272.17","84c8910a-164e-4266-9406-88806592578d","2021-11-23 13:17:53.364"
"ALB","273.020","1","273.510","1","4","272.04","48c57cbc-017c-4c13-9e28-88841a134fc8","2021-11-23 13:19:36.048"
"ALB","272.570","2","273.040","1","4","272.04","93643f93-8149-46cc-aa53-d3461131ce50","2021-11-23 13:19:36.048"
"ALB","272.720","1","273.150","2","4","272.04","49eb2911-052e-4c40-b063-4dfbcd4649e9","2021-11-23 13:19:36.048"
"ALB","272.980","3","273.430","1","4","272.04","58ab0dab-b3cf-435f-8a84-a1e52fd15bc9","2021-11-23 13:19:36.048"
"ALB","271.860","2","272.120","2","-4","272.12","9168268a-e933-4310-a971-2e43382dad2f","2021-11-23 13:20:02.985"
"ALB","271.860","2","272.120","2","-4","272.12","f7ce7ee9-13b4-45cc-89ed-9cc43a54f5eb","2021-11-23 13:20:02.985"
"ALB","271.860","2","272.120","2","-4","272.12","2f64925e-29d0-4c99-950f-a76f2051fcd6","2021-11-23 13:20:02.985"
"ALB","271.860","2","272.120","2","-4","272.12","fd35ba70-f3c5-4db3-b92f-affe3d94b1a6","2021-11-23 13:20:02.985"
"ALB","272.040","1","272.260","2","-4","272.26","d22175cb-41e2-4903-b76d-8e565bcec4aa","2021-11-23 13:20:22.839"
"ALB","272.040","1","272.260","2","-4","272.26","952d1fc1-4a18-4c18-a690-81569d74b46a","2021-11-23 13:20:22.839"
"ALB","272.050","1","272.260","2","-4","272.26","78a1f03b-82ee-4bbb-8bcc-ed28c003cbd8","2021-11-23 13:20:22.839"
"ALB","272.050","2","272.300","1","-4","272.30","7d044d33-5dd4-4d2e-9bc4-e1d285ed7c00","2021-11-23 13:20:35.294"
"ALB","272.520","3","272.960","1","4","271.79","2de2c009-c889-4536-85ae-2e665bfc5313","2021-11-23 13:34:01.596"
"ALB","272.710","1","273.530","1","4","271.69","b6bb2230-8cc3-43b8-88fd-c76a0eb369c2","2021-11-23 13:34:01.607"
"ALB","272.850","1","273.510","1","4","271.69","46413f75-d06a-4d28-bb1b-7bcd6fecba5a","2021-11-23 13:34:01.607"
"ALB","273.030","1","273.510","1","4","271.69","b87c0265-c3a0-4144-b149-792a261b884e","2021-11-23 13:34:01.607"
"ALB","271.850","2","272.090","1","-4","272.09","add83901-7c73-4322-ad91-1737d851fa0a","2021-11-23 13:35:11.645"
"ALB","271.850","2","272.090","1","-4","272.09","255c04f4-1752-4515-b331-9869db8df675","2021-11-23 13:35:11.645"
"ALB","271.570","1","271.980","1","-4","272.00","4d438734-656e-4867-81c9-bfd487000129","2021-11-23 13:36:29.076"
"ALB","271.640","1","271.980","1","-4","272.00","e361903a-9817-427b-8b0e-68bb33ab7e0e","2021-11-23 13:36:29.076"
"ALB","272.280","2","272.600","2","4","271.76","1f88b009-4a87-4e33-b894-afd950e67d94","2021-11-23 13:58:58.853"
"ALB","272.310","1","272.600","2","4","271.76","512a19c0-93bb-4f3e-a735-1f69a691526f","2021-11-23 13:58:58.853"
"ALB","272.350","1","272.600","3","4","271.76","af73d878-0b93-48bb-a46d-a7c79cf0e3df","2021-11-23 13:58:58.853"
"ALB","272.370","1","272.750","2","4","271.76","aa134610-09fb-4e4f-8fa1-04903697b0c1","2021-11-23 13:58:58.853"
"ALB","272.570","2","272.940","2","4","271.76","4b883f51-282c-4c14-86ef-213dba5fb4c6","2021-11-23 13:58:58.853"
"ALB","272.620","1","272.940","1","4","271.76","7b5ee316-88fe-427b-9820-37a0b5da3f6a","2021-11-23 13:58:58.853"
"ALB","272.620","1","272.940","1","4","271.76","be5b283e-c513-4596-8f5a-a8fea00a1592","2021-11-23 13:58:58.853"
"ALB","272.620","2","272.940","2","4","271.76","92c0105b-4974-48da-a9f1-4a7c1753f271","2021-11-23 13:58:58.853"
"ALB","272.620","1","272.940","1","4","271.76","8605e268-2d05-42f4-b875-9dc2cb0aecad","2021-11-23 13:58:58.853"
"ALB","272.450","1","272.750","1","4","271.76","c964a14b-ef50-4b40-8853-44cb5d2e59b3","2021-11-23 13:58:58.853"
"ALB","272.350","2","272.740","1","4","271.76","75d564ed-29ba-4ee6-8e2b-7dfe593ca176","2021-11-23 13:58:58.853"
"ALB","271.890","2","272.200","1","-4","272.20","f606591e-d577-4505-9dd1-f6b4d7ef5ef2","2021-11-23 14:00:31.006"
"ALB","271.890","2","272.200","1","-4","272.20","2d5e0127-efa0-48b8-bfe7-1046cc605dde","2021-11-23 14:00:31.006"
"ALB","271.890","2","272.200","1","-4","272.20","9ff7db28-2223-458c-9d2f-c95a7c87c810","2021-11-23 14:00:31.006"
"ALB","271.890","2","272.200","1","-4","272.20","c6653278-afab-4151-948b-78febd3ece69","2021-11-23 14:00:31.006"
"ALB","271.890","2","272.200","1","-4","272.20","27b53b45-9084-4540-b1f7-44fae9782b30","2021-11-23 14:00:31.006"
"ALB","271.840","1","272.200","1","-4","272.20","4221bac8-27ee-4bf3-ab04-49b1e73b92a3","2021-11-23 14:00:54.521"
"ALB","271.840","1","272.200","1","-4","272.20","3aa19690-ddd1-4bfb-96ee-42d5b07354e6","2021-11-23 14:00:54.521"
"ALB","272.160","1","272.470","1","-4","272.54","d62b552f-ec8b-4364-930b-c2cb01ca7c99","2021-11-23 14:01:33.257"
"ALB","271.710","1","271.960","1","-4","271.96","20d27219-bd82-411b-bbab-2a962c2b5732","2021-11-23 14:02:56.816"
"ALB","271.840","1","272.110","1","-4","272.12","ac41dc0c-6ba8-4fc0-8e95-2db54f67754b","2021-11-23 14:03:56.950"
"ALB","271.840","1","272.110","1","-4","272.12","8b36b919-539f-43ce-8ac7-b899b223fe43","2021-11-23 14:03:56.950"
"ALB","272.280","2","272.610","4","4","271.66","b67ea118-c11b-4804-bf5c-da2dd688f02a","2021-11-23 14:19:43.161"
"ALB","272.400","1","272.650","1","4","271.66","a9d796ca-1213-4247-bce5-0e88288707d0","2021-11-23 14:19:43.161"
"ALB","272.400","1","272.650","1","4","271.66","54f7b265-1e8d-43ab-9dce-89e7d7447c8b","2021-11-23 14:19:43.161"
"ALB","272.440","2","272.770","1","4","271.66","2769859c-df5f-4afe-bea6-41a0fbe3c284","2021-11-23 14:19:43.161"
"ALB","272.940","1","273.460","2","4","271.66","2780c77c-8865-4e63-8153-73d6360c17a1","2021-11-23 14:19:43.161"
"ALB","272.940","1","273.450","1","4","271.66","4d1e8554-1610-46f2-91c1-63efc59e81b2","2021-11-23 14:19:43.161"
"ALB","272.830","1","273.280","2","4","271.66","d4ce6c0b-b530-4f33-8779-650973ea9f7b","2021-11-23 14:19:43.161"
"ALB","272.860","1","273.250","1","4","271.66","72db7a8a-7023-4305-be18-7c8979ea32ac","2021-11-23 14:19:43.161"
"ALB","272.880","1","273.220","1","4","271.66","74611ae6-cc86-41a7-9423-79f29170bf7b","2021-11-23 14:19:43.161"
"ALB","272.730","2","273.190","1","4","271.66","5f5c8761-2aff-45ff-ac36-2eb124fc36f4","2021-11-23 14:19:43.161"
"ALB","272.530","1","272.890","1","4","271.66","cccd81c2-87d5-4cac-bee8-220a982414e6","2021-11-23 14:19:43.161"
"ALB","272.240","2","272.480","1","4","271.66","f1b2ef87-3287-4dc7-b355-8642a2ff15d5","2021-11-23 14:19:43.161"
"ALB","272.240","1","272.480","2","4","271.66","4a51b798-0a85-41c2-94cb-b38c7920aac5","2021-11-23 14:19:43.161"
"ALB","271.890","2","272.150","2","4","271.65","fedec952-d13d-419d-b4f1-d41504b4934b","2021-11-23 14:19:43.162"
"ALB","271.960","1","272.230","2","4","271.56","e3494984-ac22-439c-8586-ac73c9c7ca04","2021-11-23 14:19:56.057"
"ALB","272.010","1","272.500","1","4","271.56","ef0ab866-ef80-4382-8f72-eca3fe541b2e","2021-11-23 14:19:56.057"
"ALB","272.000","2","272.490","3","4","271.56","5dc01ce0-480d-40af-94a3-5dda1ce6731b","2021-11-23 14:19:56.057"
"ALB","271.520","1","271.740","2","-4","271.74","dfd0cd83-c659-4861-9a80-4c1a890fb9a8","2021-11-23 14:20:12.075"
"ALB","271.520","1","271.740","2","-4","271.74","392a4187-eaa4-45f2-8a80-48c3dd05c74c","2021-11-23 14:20:12.075"
