"Symbol","Bid","Bid Sz","Ask","Ask Sz","Shares","Price","Order ID","Timestamp"
"AA","58.460","2","58.500","5","205","58.45","f32fce95-7476-4d61-96b5-b4d229c87ca9","2022-01-21 10:56:31.074"
"AA","58.480","1","58.550","1","-205","58.57","c1760fa8-90f2-4a63-8b43-4270cea79aeb","2022-01-21 10:57:40.163"
"AA","58.380","3","58.450","1","205","58.35","f6805862-2115-4f04-bd3e-3460255a9b30","2022-01-21 10:58:35.463"
"AA","58.400","5","58.470","3","205","58.35","77b7166d-32cf-40b8-a692-217e05842d01","2022-01-21 10:58:35.463"
"AA","58.390","1","58.460","3","205","58.35","813f8e72-1644-428b-ae26-ccac13a726d5","2022-01-21 10:58:35.463"
"AA","58.470","1","58.540","7","205","58.35","c916cd2b-2927-4052-a678-7aae3cfaf266","2022-01-21 10:58:35.463"
"AA","58.480","5","58.560","3","205","58.34","fed5dc9b-cb2a-4832-8d5a-3d1bf87b9a00","2022-01-21 10:58:35.464"
"AA","58.400","1","58.490","7","205","58.34","17d0e5bd-20d3-4271-82d4-61ad7ba17997","2022-01-21 10:58:35.464"
"AA","58.400","1","58.450","2","205","58.34","02c0e9aa-fc68-46da-ad0a-7147d7e13485","2022-01-21 10:58:35.464"
"AA","58.350","1","58.410","1","-205","58.42","3355e6d6-a08d-4bce-b8c3-58809a51eefb","2022-01-21 10:59:40.315"
"AA","58.350","1","58.410","1","-205","58.42","d89a0976-ada8-4cef-8301-a30be926d4ff","2022-01-21 10:59:40.315"
"AA","58.350","1","58.410","1","-205","58.42","11a3e625-d2b0-42fe-975e-46f5a19588e4","2022-01-21 10:59:40.315"
"AA","58.350","1","58.410","1","-205","58.42","93d29b2e-8702-49ac-a422-92d603cac48e","2022-01-21 10:59:40.315"
"AA","58.280","2","58.330","2","-205","58.33","08137128-d7c1-42a8-b555-da79040b7c53","2022-01-21 11:00:00.158"
"AA","58.130","3","58.190","3","-205","58.19","53389d6f-7ba1-405d-85f0-624025e28f2e","2022-01-21 11:00:41.488"
"AA","58.540","1","58.590","1","206","58.07","b55331c6-3f7d-4aca-b6c6-4ebfd18a94b7","2022-01-21 11:01:34.214"
"AA","58.530","3","58.580","6","206","58.07","864bcc4e-789b-4f3d-ad63-a51d5a34282f","2022-01-21 11:01:34.214"
"AA","58.380","2","58.450","3","206","58.07","5507d288-44cb-4e88-b622-952c59827a6f","2022-01-21 11:01:34.214"
"AA","58.570","1","58.620","2","207","57.92","2ee3a304-2829-4eea-ab1c-fe013f35040f","2022-01-21 11:02:24.099"
"AA","58.610","2","58.660","1","207","57.92","e5af74e1-52ab-4f71-ae20-dd28315aa520","2022-01-21 11:02:24.099"
"AA","58.610","2","58.660","1","207","57.92","c3be9f8f-3137-4ff4-8a5e-7a34f7d04d46","2022-01-21 11:02:24.099"
"AA","58.680","2","58.710","2","207","57.92","638dbc99-a207-41d5-90cd-56901f02df65","2022-01-21 11:02:24.099"
"AA","57.840","2","57.880","1","-207","57.88","3d1ab2bb-d148-4dbc-8a57-100da692ec85","2022-01-21 11:02:40.327"
"AA","57.840","2","57.880","1","-206","57.88","a5d5299e-9680-44e1-b9cb-1eec80362f41","2022-01-21 11:02:40.327"
"AA","57.840","2","57.880","1","-207","57.88","23e0b1ab-b096-4bd4-b5b8-76ef5963996f","2022-01-21 11:02:40.327"
"AA","57.840","2","57.880","1","-206","57.88","14f12157-a1a5-4134-952a-d9e99f55e3fc","2022-01-21 11:02:40.327"
"AA","58.710","3","58.750","1","207","57.77","dc913a10-5c50-4d0d-83fa-a23763489a84","2022-01-21 11:02:53.925"
"AA","57.820","1","57.850","1","-206","57.85","ad186b06-17c3-4252-9784-a85f10dd0f11","2022-01-21 11:03:00.243"
"AA","57.830","1","57.880","1","-205","57.88","91b6e17f-047a-4e5f-a69c-1a6fbf3ae81f","2022-01-21 11:03:04.439"
"AA","57.830","1","57.880","1","-207","57.88","faf1db63-fc07-4376-97de-d1b66ce3bad0","2022-01-21 11:03:04.439"
"AA","57.820","1","57.890","3","-207","57.90","62c13dda-4021-455f-b4ae-d7f0516d020d","2022-01-21 11:03:20.611"
"AA","57.830","7","57.900","1","-207","57.90","006c0dca-1b2a-46a5-aaff-84adfbe5af67","2022-01-21 11:03:20.611"
"AA","58.130","1","58.190","4","205","58.19","7382d2bc-d13b-4a44-8fae-02ebba130a7f","2022-01-21 11:08:10.006"
"AA","58.260","4","58.310","1","-205","58.31","3cf8ce88-7ca1-473e-a754-eff24680c176","2022-01-21 11:08:54.586"
"AA","58.300","1","58.360","5","206","58.25","c028068f-0dae-4681-86f6-bf666135f192","2022-01-21 11:14:09.872"
"AA","58.170","1","58.220","1","-206","58.22","945d3664-876e-47b5-9966-2e7ae4d36249","2022-01-21 11:14:25.837"
"AA","58.470","3","58.510","1","205","58.42","0e1a723a-3caf-40ae-9b58-999f0c855104","2022-01-21 11:47:01.337"
"AA","58.440","1","58.480","1","205","58.42","428c2f87-f504-496d-a99e-ffbcdd07c89a","2022-01-21 11:47:01.337"
"AA","58.260","3","58.290","1","-205","58.29","579b658d-444d-4eff-a32a-3b13063d568d","2022-01-21 11:47:52.306"
"AA","58.390","2","58.420","1","206","58.19","fd94fbb9-68c9-44cc-88a7-8b329d58da1f","2022-01-21 11:48:11.942"
"AA","58.210","47","58.260","2","-205","58.26","fa5dc1ee-2fe7-4ecf-99eb-8b9e6a56df8c","2022-01-21 11:48:36.165"
"AA","58.240","1","58.280","1","-206","58.28","79c60e4f-2540-48fe-86fd-dab6b6f17351","2022-01-21 11:49:02.173"
"AA","58.500","2","58.530","1","206","58.15","3a68aa20-0ec3-4623-bab7-9e18372eada2","2022-01-21 11:50:20.513"
"AA","58.520","1","58.560","1","206","58.15","2b498aed-f1a0-4f10-bd80-23d07ea30b3a","2022-01-21 11:50:20.513"
"AA","58.530","1","58.560","1","206","58.15","6a12063c-75f0-48f8-8dc5-cedea668822e","2022-01-21 11:50:20.513"
"AA","58.520","1","58.550","1","206","58.15","756c3a41-b4ad-4751-8afe-1655d5d3400e","2022-01-21 11:50:20.513"
"AA","58.460","2","58.500","1","206","58.15","6a316e25-ab58-4084-9077-b0a057db11cc","2022-01-21 11:50:20.513"
"AA","58.530","1","58.590","1","206","58.08","fac7170e-70d6-46fe-89cf-362b706f6b65","2022-01-21 11:51:06.600"
"AA","58.650","1","58.690","3","206","58.08","933b914e-4ab5-48dd-b2a0-c3a7c0d026f5","2022-01-21 11:51:06.600"
"AA","58.620","1","58.660","3","206","58.08","7c41f2e9-3160-45d4-a20b-fb9841dec1b8","2022-01-21 11:51:06.600"
"AA","58.630","1","58.680","2","206","58.08","ae2c5b8a-9343-45c6-be4e-0846cee84515","2022-01-21 11:51:06.600"
"AA","58.590","9","58.640","1","206","58.08","4f735b86-e1c3-421b-bae1-0322d080fe8b","2022-01-21 11:51:06.600"
"AA","58.580","1","58.620","1","206","58.08","97a2e483-26c8-41a9-8ff8-6edfb9992f0b","2022-01-21 11:51:06.600"
"AA","58.520","1","58.560","1","206","58.08","b5167626-9307-45f5-b6c8-20df05374d09","2022-01-21 11:51:06.600"
"AA","58.550","2","58.620","2","206","58.08","375766c9-8309-42fc-8135-bebd883e894d","2022-01-21 11:51:06.600"
"AA","58.590","1","58.630","2","206","58.08","b8da27e8-c0ce-4905-bc0a-b0f90bc80282","2022-01-21 11:51:06.600"
"AA","58.050","14","58.080","3","-206","58.09","2c56c1ed-3435-4486-b35d-a99087ce9a99","2022-01-21 11:51:12.696"
"AA","58.050","14","58.080","3","-206","58.09","402256a2-d730-4927-b6cd-1b7ad02e1391","2022-01-21 11:51:12.696"
"AA","58.060","2","58.100","4","-206","58.10","35a82419-01fd-4264-a149-03395c2e4911","2022-01-21 11:51:20.391"
"AA","58.170","1","58.210","3","-206","58.21","b1303465-0c4f-4482-9e76-558e6ee7167d","2022-01-21 11:51:21.570"
"AA","58.060","2","58.100","3","-206","58.10","b92905f6-a179-4cda-8ff5-0224054334c6","2022-01-21 11:52:12.040"
"AA","58.060","2","58.100","3","-206","58.10","9806387c-342a-4b5a-a506-4e0055937ce0","2022-01-21 11:52:12.040"
"AA","58.060","2","58.100","3","-206","58.10","14793b1e-4c1f-4320-8624-37db375f33c4","2022-01-21 11:52:12.040"
"AA","58.100","2","58.150","3","-206","58.15","34b79d4e-a667-46de-8461-699a0916be61","2022-01-21 11:52:18.555"
"AA","58.100","2","58.150","3","-206","58.15","3a669108-ba3e-4c6e-9611-6ee0ff8a03b6","2022-01-21 11:52:18.555"
"AA","58.100","2","58.150","3","-206","58.15","4a92f5e0-f3e6-4572-b418-90094c6018b1","2022-01-21 11:52:18.555"
"AA","58.100","2","58.150","3","-206","58.15","f2ef42f9-e887-4fdf-8480-f035c3fa0a70","2022-01-21 11:52:18.555"
"AA","58.120","3","58.160","1","-206","58.17","403709a6-9355-4ca6-a223-513323cdb9e5","2022-01-21 11:52:21.293"
"AA","58.120","3","58.160","1","-206","58.17","e4e7a261-beb1-48a9-8e52-cb3f2e4dbe61","2022-01-21 11:52:21.293"
"AA","58.170","3","58.190","1","-206","58.20","b55a19d6-3cde-4f22-9903-2b981bc3a8c3","2022-01-21 11:52:52.355"
"AA","57.830","2","57.860","1","207","57.86","b3a7f622-8661-4f54-b56d-3984c83925b2","2022-01-21 12:25:20.006"
"AA","57.850","1","57.890","1","-207","57.89","ed0e5f5a-6aa4-48ee-a896-60d98343f655","2022-01-21 12:25:48.663"
"AA","57.840","2","57.880","1","207","57.88","88c7a235-2732-4888-88fa-1d5d11346814","2022-01-21 12:25:50.006"
"AA","57.760","1","57.800","20","-207","57.80","faca556e-0e80-4088-83ab-cc644351a0e9","2022-01-21 12:27:03.879"
"AA","57.790","2","57.840","3","207","57.72","62447bd8-782f-4bd9-81b7-b6e4a0f680ba","2022-01-21 12:30:15.228"
"AA","57.690","2","57.730","1","-207","57.73","44d20166-ed12-4e61-bcca-0d5dc4f0c22d","2022-01-21 12:30:45.124"
"AA","57.780","1","57.800","6","208","57.69","9b15665d-7893-4f60-a417-99ab1411f4f8","2022-01-21 12:44:01.680"
"AA","57.780","1","57.800","6","208","57.69","30a263e9-3087-4e42-921a-c117363bcd0b","2022-01-21 12:44:01.680"
"AA","57.770","1","57.810","1","208","57.69","c182ff83-e518-41be-8474-74c9855549bb","2022-01-21 12:44:01.680"
"AA","57.760","1","57.800","1","208","57.69","60ed5886-8b6b-4872-9faa-462a1bed2bd4","2022-01-21 12:44:01.680"
"AA","57.780","2","57.810","1","208","57.69","a5edcfda-4880-495b-a3d5-8cf84da9f503","2022-01-21 12:44:01.680"
"AA","57.800","1","57.840","2","208","57.59","fde557ac-d1c5-4b1f-a903-c9e28b4d40c2","2022-01-21 12:44:32.251"
"AA","57.540","1","57.560","1","-208","57.56","f68bd540-e6a4-4518-994c-006dd59014b5","2022-01-21 12:45:20.976"
"AA","57.540","1","57.560","1","-208","57.56","461024cb-0d39-4bfe-9d66-e060bfc243cd","2022-01-21 12:45:20.976"
"AA","57.540","1","57.560","1","-208","57.56","4b33acaf-9eab-435f-a604-fe05ff0dfebd","2022-01-21 12:45:20.976"
"AA","57.540","1","57.570","2","-208","57.57","773f276d-cbc4-45bd-910b-5d5894744e3d","2022-01-21 12:45:50.945"
"AA","57.560","2","57.590","3","-208","57.59","03cc6224-27c6-4cc1-a244-d4eeddda834c","2022-01-21 12:45:51.106"
"AA","57.560","2","57.590","3","-208","57.59","c65e539d-735d-458f-8f6a-4f2a72ee0209","2022-01-21 12:45:51.106"
"AA","57.410","1","57.430","1","208","57.43","5bf7869d-e0bc-4193-9c40-b6fc207f2096","2022-01-21 12:59:10.006"
"AA","57.370","1","57.410","3","-208","57.41","2385a741-2e9e-44c0-9a96-b64e1885fa49","2022-01-21 12:59:32.669"
"AA","57.370","1","57.420","1","208","57.42","01ce9b0c-36f7-4f73-bbf2-86398a335a3e","2022-01-21 12:59:40.006"
"AA","57.290","1","57.340","2","-208","57.35","7eb16244-73e7-4ef2-9ddd-2e9e4ed1febc","2022-01-21 13:03:06.523"
"AA","57.310","1","57.340","1","209","57.26","8d452f04-b211-4ffc-b57d-c2607ff5380a","2022-01-21 13:15:44.849"
"AA","57.450","2","57.490","1","209","57.22","bf83c7e6-0126-4f56-ab3d-be566309ca2b","2022-01-21 13:16:16.338"
"AA","57.430","1","57.460","1","209","57.22","8a5b59a3-d664-455c-ad00-eccd30957513","2022-01-21 13:16:16.338"
"AA","57.390","2","57.420","2","209","57.22","97a3bbf0-6bfe-46df-8af2-ee62bbec23c4","2022-01-21 13:16:16.338"
"AA","57.390","4","57.430","1","209","57.22","bd176813-4c56-4462-bba9-e4af391da5bc","2022-01-21 13:16:16.338"
"AA","57.410","1","57.430","2","209","57.22","5f87728b-5a33-4de5-842d-f2eead6fac5f","2022-01-21 13:16:16.338"
"AA","57.390","2","57.420","1","209","57.22","6ee5b5ed-88dd-44c5-87dc-9c75474c889e","2022-01-21 13:16:16.338"
"AA","57.200","2","57.230","1","-209","57.23","f230d291-b17e-45e1-9729-7c3340ab22f7","2022-01-21 13:18:13.553"
"AA","57.200","2","57.230","1","-209","57.23","1c1c055e-ee0d-45a6-93f9-8f2708495b20","2022-01-21 13:18:13.553"
"AA","57.200","2","57.230","1","-209","57.23","dd4cfafe-2b8b-40ce-a21c-2619ec56e435","2022-01-21 13:18:13.553"
"AA","57.200","2","57.230","1","-209","57.23","9d0c2ed8-570c-4239-acd7-c81b117ca787","2022-01-21 13:18:13.553"
"AA","57.130","2","57.160","1","-209","57.16","8a1756ea-c72b-469e-a7cf-eb3ecc8b9791","2022-01-21 13:19:09.234"
"AA","57.070","1","57.100","1","-209","57.10","cce1e135-17db-4b2c-b4c6-b0060b263af3","2022-01-21 13:19:21.436"
"AA","57.010","1","57.020","1","-209","57.03","5795a389-5243-49a9-b91d-38cbbca6f988","2022-01-21 13:20:42.557"
"AA","57.280","1","57.320","3","209","57.18","d2a162db-66d3-4f50-a0a3-715a728f2291","2022-01-21 13:30:10.735"
"AA","57.290","1","57.320","1","209","57.18","fe35baf5-d44f-4ba8-be98-315adc7ffa3a","2022-01-21 13:30:10.735"
"AA","57.240","1","57.270","1","209","57.18","02af8459-c9b4-4c10-a4c3-1f49f8fc143d","2022-01-21 13:30:10.735"
"AA","57.250","1","57.270","1","209","57.18","1800a577-82db-438b-9c7c-472f0ae2ec81","2022-01-21 13:30:10.735"
"AA","57.220","1","57.260","2","209","57.18","7b90d2e2-11a4-4cab-bda2-27ae9bceb37e","2022-01-21 13:30:10.735"
"AA","57.240","1","57.270","1","209","57.18","c0999a84-b197-4df1-aba9-04e6b8a6f132","2022-01-21 13:30:10.735"
"AA","57.360","2","57.390","2","-209","57.39","bd451dcb-5e89-4d97-9d79-babfb3370784","2022-01-21 13:30:51.209"
"AA","57.360","2","57.390","2","-209","57.39","d2a2fd9b-ac24-44bc-afa2-523e8b242818","2022-01-21 13:30:51.209"
"AA","57.400","1","57.440","3","-209","57.44","75fd23b0-2644-4105-ba3e-6ec8495dcd74","2022-01-21 13:31:09.859"
"AA","57.400","1","57.440","3","-209","57.44","c5b1be66-125e-4886-8ed5-0b74120dfd19","2022-01-21 13:31:09.859"
"AA","57.410","3","57.440","1","-209","57.44","b3a288c7-b391-4667-a637-e2917d7dce98","2022-01-21 13:31:10.164"
"AA","57.230","1","57.270","2","-209","57.28","75b73361-1260-4888-89c8-c0195a217202","2022-01-21 13:32:00.956"
"AA","57.300","1","57.350","1","210","57.14","e268b506-3ea8-498c-ba82-6f19967c93fb","2022-01-21 13:36:34.529"
"AA","57.340","6","57.370","1","210","57.14","cbbcdd62-d942-4b30-8025-f8ed86462807","2022-01-21 13:36:34.529"
"AA","57.330","1","57.370","5","210","57.14","a81f3e72-ecef-47b2-8e14-0841848af604","2022-01-21 13:36:34.529"
"AA","57.290","4","57.340","2","209","57.14","cd8b9917-57a0-444e-8458-9241921aa24e","2022-01-21 13:36:34.529"
"AA","57.150","2","57.200","2","-210","57.20","099d5cdd-53ff-4432-8b9b-b8a38a24f664","2022-01-21 13:36:50.164"
"AA","57.150","2","57.200","2","-209","57.20","7959de7a-8f75-4b4a-8bb1-0d3897a984fb","2022-01-21 13:36:50.164"
"AA","57.170","3","57.200","1","-210","57.20","ea4a910a-2bdf-43da-bb45-eec6196b9c00","2022-01-21 13:37:02.517"
"AA","57.240","3","57.270","1","-210","57.27","c62d3efc-2c53-44ec-ba34-9e2dabaa3262","2022-01-21 13:37:32.153"
"AA","57.240","3","57.290","2","209","57.21","3d0c7be1-fc3e-4f00-82c1-4afb8936d45a","2022-01-21 13:51:22.756"
"AA","57.270","3","57.310","1","209","57.21","4115b850-4a82-4417-8373-c4103d96b3d3","2022-01-21 13:51:22.756"
"AA","57.290","2","57.330","1","210","57.12","5b495bc3-6483-4583-8285-93ecb7e4400b","2022-01-21 13:53:14.517"
"AA","57.260","3","57.300","2","210","57.12","087191c8-d4ad-4f51-b809-a84d7e748adb","2022-01-21 13:53:14.517"
"AA","57.240","1","57.260","1","-209","57.27","f9c4ff3f-7195-45db-925b-d2b6ab7d2e51","2022-01-21 13:54:23.788"
"AA","57.240","1","57.260","1","-210","57.27","3fc7ba45-21c2-4688-a82f-578f026102dd","2022-01-21 13:54:23.788"
"AA","57.260","1","57.290","1","-210","57.29","52b60b70-cff7-4f97-bb8e-8bd1a52de5ff","2022-01-21 13:54:37.481"
"AA","57.250","2","57.270","2","-209","57.27","78c2d588-235a-4401-93ed-284b98138dfb","2022-01-21 13:54:43.399"
"AA","57.450","2","57.490","1","210","57.03","1eae8451-0abc-44e0-a306-9605b30061ad","2022-01-21 13:59:29.584"
"AA","57.450","2","57.480","1","210","57.03","726d57d6-334b-40b3-9e4c-d1c0e2d3f26d","2022-01-21 13:59:29.584"
"AA","57.360","6","57.390","3","210","57.03","02b656e7-afda-4f50-a1fa-a4066842a851","2022-01-21 13:59:29.584"
"AA","57.310","3","57.340","1","210","57.03","3092b846-8a1c-46fd-ba42-8d56b4be88b4","2022-01-21 13:59:29.584"
"AA","57.320","2","57.350","1","210","57.03","bd47b4be-76f4-4b95-8d22-4e771a1b7c9d","2022-01-21 13:59:29.584"
"AA","57.250","3","57.270","1","210","57.03","8c57f159-77c7-4a6f-9b64-12a0a9212381","2022-01-21 13:59:29.584"
"AA","57.270","3","57.320","5","210","57.03","3ed7affb-94e4-4d5b-844d-d2ac20c22f60","2022-01-21 13:59:29.584"
"AA","57.290","1","57.340","2","210","57.03","646eefb6-1e61-4f0f-a190-05113533e273","2022-01-21 13:59:29.584"
"AA","57.300","1","57.340","2","210","57.03","091bb929-730e-4bb8-9ec2-f36212de5247","2022-01-21 13:59:29.584"
"AA","57.090","3","57.130","8","-210","57.13","06e22867-e8cf-4ee1-8007-7465aa3042de","2022-01-21 13:59:50.130"
"AA","57.090","3","57.130","8","-210","57.13","bbc46342-c536-4d1c-aa3b-325c81296e2e","2022-01-21 13:59:50.130"
"AA","57.090","3","57.130","8","-210","57.13","2a9032e6-96f1-41cb-9f03-3eba6b56fba9","2022-01-21 13:59:50.130"
"AA","57.090","3","57.130","8","-210","57.13","6cdf9be0-64b6-4f4b-82e7-49f0677ac2c9","2022-01-21 13:59:50.130"
"AA","57.090","3","57.130","8","-210","57.13","95ba2a81-56c9-41b0-a725-9f29db00f665","2022-01-21 13:59:50.130"
"AA","57.150","2","57.170","1","-210","57.17","79274208-2025-43c4-8d8f-f8bb051267d2","2022-01-21 14:00:00.189"
"AA","57.150","2","57.170","1","-210","57.17","799c3d57-a2c7-473f-b9ac-1205ddaf18fb","2022-01-21 14:00:00.189"
"AA","57.150","1","57.190","2","-210","57.19","3ec60b08-9511-4b7f-a95a-20169b18c1f8","2022-01-21 14:00:21.827"
"AA","57.170","1","57.210","3","-210","57.21","45491a66-691a-438d-8ed1-60cabc2be181","2022-01-21 14:00:32.044"
"AA","57.240","2","57.270","1","210","57.10","8713eee8-9d6c-4c4e-8269-6bc571b6bec3","2022-01-21 14:17:12.945"
"AA","57.280","2","57.300","1","210","57.10","01905ca4-6810-4a9b-a50f-a03f509d99ec","2022-01-21 14:17:12.945"
"AA","57.260","2","57.290","1","210","57.10","877cee67-e8cc-49cb-ae76-80ca851e64c7","2022-01-21 14:17:12.945"
"AA","57.130","1","57.170","1","-210","57.18","314c8849-e824-457c-8f5b-0fcc3857716b","2022-01-21 14:17:46.169"
"AA","57.130","1","57.170","1","-210","57.18","5ac1f170-feef-4166-a4f9-6b76f25e8df0","2022-01-21 14:17:46.169"
"AA","57.130","1","57.170","1","-210","57.17","645d49ef-cf09-4055-9b46-f65c5219e2bf","2022-01-21 14:17:58.704"
"AA","57.170","2","57.200","12","210","57.10","034dd895-ceb2-4378-a8c6-fd9b4117684f","2022-01-21 14:26:42.426"
"AA","57.160","1","57.200","1","210","57.10","f382e804-c666-4f98-b3b1-1b2945c306a5","2022-01-21 14:26:42.426"
"AA","57.090","3","57.110","1","-210","57.12","fcdc3c5b-c57c-494d-905f-10bba66f7ed7","2022-01-21 14:27:25.295"
"AA","57.010","2","57.040","2","-210","57.04","b29fe5db-ead9-450e-9063-ab9aa48e3e2e","2022-01-21 14:29:16.670"
"AA","57.120","3","57.140","2","209","57.14","0aac073e-5db0-49f8-b880-37c4f6460d9c","2022-01-21 14:39:10.006"
"AA","57.180","1","57.220","2","-209","57.22","d8bade17-31e4-4d88-9168-ee073e61ba2a","2022-01-21 14:41:08.788"
"AA","57.190","2","57.220","1","209","57.15","642c242d-dcba-4705-ae82-6d8693f50426","2022-01-21 14:41:41.231"
"AA","57.210","1","57.250","3","209","57.15","2d29044c-cd98-4753-8595-1530f5506171","2022-01-21 14:41:41.231"
"AA","57.020","2","57.040","1","-209","57.04","882336b5-204c-4c3f-ae02-ba76a4a432fb","2022-01-21 14:49:05.770"
"AA","57.040","1","57.050","1","-209","57.05","a06137c5-805c-4448-abbc-6dd814829af7","2022-01-21 14:49:05.773"
"AA","57.500","1","57.540","1","212","56.59","e0f71a11-cf75-4db8-8fbe-4c69302cf0ca","2022-01-21 15:05:33.929"
"AA","56.630","1","56.670","2","-212","56.67","42d6ed59-7978-4cec-9ba1-dcd29cd0e868","2022-01-21 15:06:06.481"
"AA","57.620","2","57.650","1","212","56.47","c6b3e96d-bdab-41ab-95f7-b25efdb4a2a8","2022-01-21 15:08:42.405"
"AA","57.610","5","57.640","2","212","56.47","42f15fb6-3e87-41e6-9281-7bc3ba3857b8","2022-01-21 15:08:42.405"
"AA","57.700","1","57.750","1","212","56.47","40888214-7298-482a-8b48-c0e2924469e1","2022-01-21 15:08:42.405"
"AA","57.610","2","57.660","1","212","56.47","09f880d5-5f20-4ebc-add4-269100e85450","2022-01-21 15:08:42.405"
"AA","57.640","3","57.680","5","212","56.47","fe087ae3-f960-4e1c-906d-671b545e86d9","2022-01-21 15:08:42.405"
"AA","56.490","1","56.520","2","-212","56.52","f9e06a1b-042d-46c2-bc26-066890cee9a9","2022-01-21 15:09:37.799"
"AA","56.500","1","56.520","1","-212","56.52","00c972bc-af96-4b0b-92a3-c2ed435c2e88","2022-01-21 15:09:44.900"
"AA","56.500","1","56.520","1","-212","56.52","79c8045b-442e-49ee-a9ff-035662ab7e29","2022-01-21 15:09:44.900"
"AA","56.510","1","56.540","1","-212","56.54","0f6e8912-d128-4eb6-97a5-a7422981555d","2022-01-21 15:09:56.493"
"AA","57.630","3","57.670","1","212","56.39","d80f2b56-63cf-4302-b342-654e2736c33c","2022-01-21 15:11:14.338"
"AA","57.640","3","57.700","2","212","56.39","18b40cfa-35a9-44bd-b3dc-2e031e39b48e","2022-01-21 15:11:14.338"
"AA","57.590","6","57.620","3","212","56.39","6b0dd7a2-4d37-42c2-ba39-06cefa242a75","2022-01-21 15:11:14.338"
"AA","57.580","2","57.620","3","212","56.39","6ce78b85-0a4a-4484-9879-431ca5964ad3","2022-01-21 15:11:14.338"
"AA","57.590","1","57.620","2","212","56.39","bc5bf6e8-3ad5-4a03-a8be-c586eb2a9cf3","2022-01-21 15:11:14.338"
"AA","56.360","3","56.380","5","-212","56.38","8ce72eab-e0b8-4565-a9f7-29a38da66c73","2022-01-21 15:12:51.935"
"AA","56.360","3","56.380","5","-212","56.38","673948d2-7ba9-4c82-a5b2-29fc0d2f73c0","2022-01-21 15:12:51.935"
"AA","56.360","3","56.380","5","-212","56.38","0293e6bd-7091-408e-80a5-713151a37cad","2022-01-21 15:12:51.935"
"AA","56.340","3","56.360","1","-212","56.36","57455bef-f6c3-4eb3-9791-b75e5abc1098","2022-01-21 15:13:10.338"
"AA","56.380","2","56.410","1","-212","56.43","b3cf7e87-c2e5-4e49-9d1b-05d495f0783e","2022-01-21 15:13:57.676"
"AA","56.380","2","56.410","1","-212","56.43","0a523efe-b78c-4a8b-afff-82c42b674d47","2022-01-21 15:13:57.676"
"AG","11.280","10","11.290","22","1,061","11.29","9b355347-dbaa-4eb2-92aa-8cef188583b1","2022-01-21 10:17:10.006"
"AG","11.290","17","11.300","18","-1,061","11.30","f5fdaafc-ee57-40e6-9f16-d2c93c43b105","2022-01-21 10:17:43.751"
"AG","11.350","13","11.360","24","1,068","11.23","8f168b0b-9ce2-4ea0-ba75-2d6b77e9669d","2022-01-21 10:45:12.105"
"AG","11.350","44","11.360","6","1,068","11.23","8a06c9b3-d5c2-4e06-b60d-f387686397cc","2022-01-21 10:45:12.105"
"AG","11.300","3","11.310","32","1,069","11.22","f9d90b38-2b91-4930-902d-2ff62951fe7e","2022-01-21 10:45:22.128"
"AG","11.290","32","11.300","8","1,069","11.22","20e9d9cf-1a0f-4a5f-b13a-034d4b663dcf","2022-01-21 10:45:22.128"
"AG","11.290","3","11.300","34","1,069","11.22","9eed1318-07b6-4d3d-a50a-6205c11e719c","2022-01-21 10:45:22.128"
"AG","11.290","9","11.300","24","1,069","11.22","08579068-1a0e-46ae-a57c-e8a982f09f4c","2022-01-21 10:45:22.128"
"AG","11.330","13","11.340","21","1,069","11.22","7407ac27-277d-44bc-ac82-71a9e5868783","2022-01-21 10:45:22.128"
"AG","11.330","9","11.340","22","1,069","11.22","639f670d-c72f-419a-8533-74335f3d3bec","2022-01-21 10:45:22.128"
"AG","11.330","2","11.340","26","1,069","11.22","f7c994ac-86e8-417f-9970-3f22fb0fd0fb","2022-01-21 10:45:22.128"
"AG","11.350","39","11.360","3","1,070","11.21","ad56a789-ca64-48b6-9ada-0ada250d2419","2022-01-21 10:45:32.297"
"AG","11.340","17","11.350","25","1,070","11.21","f0e63eb0-b897-44fd-9a59-65201328d8de","2022-01-21 10:45:32.297"
"AG","11.210","33","11.220","13","-1,068","11.22","321a114a-5afd-4296-ac34-6037cd950b88","2022-01-21 10:46:12.265"
"AG","11.210","33","11.220","13","-1,070","11.22","c1caa237-f30b-491e-8b42-b963d6567ed0","2022-01-21 10:46:12.265"
"AG","11.210","33","11.220","13","-1,069","11.22","38bc92ca-5867-4c24-93e5-058327bb37f0","2022-01-21 10:46:12.265"
"AG","11.210","33","11.220","13","-1,068","11.22","c5e62b57-f497-4658-afd4-b75aef0a6fed","2022-01-21 10:46:12.265"
"AG","11.210","33","11.220","13","-1,069","11.22","ded0b71c-e0af-41f4-a578-e905c3d2d439","2022-01-21 10:46:12.265"
"AG","11.210","33","11.220","13","-1,069","11.22","bceaaa66-e4de-41d0-a99a-f09880fa362c","2022-01-21 10:46:12.265"
"AG","11.220","38","11.230","20","-1,069","11.23","40f2873f-e343-49f9-be64-caba009dbb1f","2022-01-21 10:46:23.876"
"AG","11.220","38","11.230","20","-1,070","11.23","fc65d635-96c1-4d81-8283-e7bdf34023d3","2022-01-21 10:46:23.876"
"AG","11.220","38","11.230","20","-1,069","11.23","6c7af700-b3cf-4580-a2eb-3a3fe17127b3","2022-01-21 10:46:23.876"
"AG","11.240","31","11.250","16","-1,069","11.25","04172e37-5494-40f6-bb15-0cbd9853b64b","2022-01-21 10:46:32.232"
"AG","11.250","21","11.260","39","-1,069","11.26","62a7771a-d36d-4d60-9c8e-e9f136fe49a5","2022-01-21 10:47:03.968"
"AG","11.300","35","11.310","43","1,067","11.24","26ea3656-efd2-4686-bb30-f15b5b248098","2022-01-21 10:53:12.216"
"AG","11.230","17","11.240","20","-1,067","11.24","07114578-7f90-4a9a-94ff-1a3249105de5","2022-01-21 10:53:50.407"
"AG","11.330","3","11.340","37","1,071","11.19","0686e46f-e106-4a30-ad90-428a7288de1c","2022-01-21 11:02:51.540"
"AG","11.310","34","11.320","13","1,072","11.19","40dfbc48-7e72-4986-89e8-21209ec3eb92","2022-01-21 11:02:51.540"
"AG","11.330","57","11.340","2","1,072","11.19","1aad430f-c397-4f07-ba7e-651a8b0d77fc","2022-01-21 11:02:51.540"
"AG","11.340","5","11.350","31","1,071","11.19","1be1a5d7-ca53-44ed-8bfd-d6a2a242a033","2022-01-21 11:02:51.540"
"AG","11.340","51","11.350","4","1,071","11.19","915db890-bb48-4933-98bb-692948c9dcf6","2022-01-21 11:02:51.540"
"AG","11.340","35","11.350","16","1,072","11.19","a9bb44f2-22fc-467c-a4bf-a0870babbad6","2022-01-21 11:02:51.540"
"AG","11.340","1","11.340","25","1,071","11.19","5c9d3b32-6297-4881-90a3-3a5a57889b36","2022-01-21 11:02:51.540"
"AG","11.330","11","11.340","40","1,071","11.19","6b5277ba-e481-4680-954e-19124813b4ea","2022-01-21 11:02:51.540"
"AG","11.330","3","11.340","42","1,072","11.19","fe28ca3a-54a3-4129-b4d5-8946af07d97d","2022-01-21 11:02:51.540"
"AG","11.310","7","11.320","37","1,071","11.19","1a11e65d-f58c-4867-b92e-bf71b5394579","2022-01-21 11:02:51.540"
"AG","11.280","1","11.290","55","1,072","11.19","02e7d535-87e0-4f47-a6f4-09f3e210b252","2022-01-21 11:02:51.540"
"AG","11.190","34","11.200","23","-1,071","11.20","3c5860bf-0169-4aed-921c-406ecf3406fb","2022-01-21 11:03:25.392"
"AG","11.190","34","11.200","23","-1,072","11.20","1c016f8d-ed48-4d6b-9930-0c3ba3517d31","2022-01-21 11:03:25.392"
"AG","11.190","34","11.200","23","-1,072","11.20","dda1c586-2881-46d7-903a-c2ee0ed986e1","2022-01-21 11:03:25.392"
"AG","11.200","8","11.210","58","-1,071","11.21","4a151d0e-ddbb-4317-a8b5-f59c8587b7af","2022-01-21 11:03:31.590"
"AG","11.180","8","11.190","27","-1,072","11.19","c40fd741-fee8-411b-b01c-ecf7c91dc45e","2022-01-21 11:04:24.626"
"AG","11.160","36","11.170","30","-1,072","11.17","169ff60f-ad2f-4bee-8c7b-5c4e63921a8d","2022-01-21 11:04:34.527"
"AG","11.170","17","11.180","36","-1,072","11.18","cfa3d80e-8a81-4e12-8ec3-f162b8434ab7","2022-01-21 11:04:40.276"
"AG","11.170","17","11.180","36","-1,071","11.18","3f4940e6-614b-427c-9e7f-a4de30ff4c96","2022-01-21 11:04:40.276"
"AG","11.170","17","11.180","36","-1,071","11.18","8b307f9d-e4de-4ae5-ab06-5e6cc9d07af3","2022-01-21 11:04:40.276"
"AG","11.180","11","11.190","32","-1,071","11.19","b8614cf0-6c36-4f26-8efb-f0549179a397","2022-01-21 11:05:02.578"
"AG","11.170","50","11.180","1","-1,071","11.19","be41d779-4fb3-4c2b-8d4c-803d2eb0eb65","2022-01-21 11:05:02.578"
"AG","11.380","12","11.390","38","1,071","11.20","1dbc413e-2ee3-4c86-b3b1-2c6e19ff76ba","2022-01-21 11:48:15.373"
"AG","11.350","20","11.360","54","1,071","11.20","13f62612-541c-4f6d-bd08-37c1e0e12e13","2022-01-21 11:48:15.373"
"AG","11.350","1","11.350","33","1,071","11.20","0273f7f8-a925-4a30-8366-381c07215af1","2022-01-21 11:48:15.373"
"AG","11.340","1","11.350","82","1,071","11.20","1258dcb8-9171-4012-8c63-7771d31211c5","2022-01-21 11:48:15.373"
"AG","11.340","21","11.350","47","1,071","11.20","0af3360d-8c18-486d-91f4-a5ca3e576a72","2022-01-21 11:48:15.373"
"AG","11.330","23","11.340","33","1,071","11.20","ae6620fb-27ad-4077-8f69-c9fdb7e1fe5c","2022-01-21 11:48:15.373"
"AG","11.320","23","11.330","18","1,071","11.20","425cc449-4766-4fae-9ccf-139c5340b842","2022-01-21 11:48:15.373"
"AG","11.200","19","11.210","24","-1,071","11.21","2fe0ea53-f130-4a9e-a2db-5d01e6168f62","2022-01-21 11:49:01.197"
"AG","11.200","19","11.210","24","-1,071","11.21","76cda687-0fdb-41a4-9ab8-b723fc756115","2022-01-21 11:49:01.197"
"AG","11.200","19","11.210","24","-1,071","11.21","f71b5f0f-d0cd-4061-9c8a-12fbd28023bd","2022-01-21 11:49:01.197"
"AG","11.200","19","11.210","24","-1,071","11.21","38607d6f-49e1-4ada-8170-089f24e9c5fb","2022-01-21 11:49:01.197"
"AG","11.200","19","11.210","24","-1,071","11.21","6c15d9c1-5d0f-48f4-9abe-7afed8a33d9b","2022-01-21 11:49:01.197"
"AG","11.200","19","11.210","24","-1,071","11.21","2838d564-5057-4963-979c-b499f875f5bd","2022-01-21 11:49:01.197"
"AG","11.210","25","11.220","18","-1,071","11.22","7635fd28-e554-4771-8ae3-ceb390e64a05","2022-01-21 11:49:10.164"
"AG","11.270","40","11.280","6","1,062","11.28","bee5eda1-7d7d-4682-9727-52c41ab94ede","2022-01-21 11:57:30.006"
"AG","11.310","23","11.320","14","-1,062","11.32","021244c7-f736-4c64-b427-ada86eae0d70","2022-01-21 11:59:20.219"
"AG","11.310","10","11.320","42","1,064","11.27","e0bb9b13-ef2f-47b7-8786-1cc5d9d1d93a","2022-01-21 12:00:59.208"
"AG","11.280","23","11.290","13","1,064","11.27","9c2c9d93-1c53-42ad-8466-4ba07e17fee5","2022-01-21 12:00:59.208"
"AG","11.250","67","11.260","3","-1,064","11.26","412b11c4-df9f-41c9-85fe-c20576a54510","2022-01-21 12:02:10.682"
"AG","11.270","14","11.270","1","-1,064","11.27","9f0a6ba2-fa56-4e7d-b647-68a45b7e7f4a","2022-01-21 12:02:20.006"
"AG","11.260","9","11.270","43","1,066","11.25","a3150bda-33ec-4eff-991d-e3178dcc253a","2022-01-21 12:17:47.560"
"AG","11.250","10","11.260","45","1,066","11.25","6f42f2f7-6c49-4dd1-870e-784d00b1fb96","2022-01-21 12:17:47.560"
"AG","11.250","23","11.260","26","1,066","11.25","06e01eb0-4475-49f4-943d-419e37a2f510","2022-01-21 12:17:47.560"
"AG","11.250","23","11.260","21","1,066","11.25","91bf337f-0eac-47ec-8b80-a41fc3c5915c","2022-01-21 12:17:47.560"
"AG","11.250","28","11.250","1","-1,066","11.25","1c3cf916-c4cc-47ef-a15d-067c20747499","2022-01-21 12:18:10.006"
"AG","11.250","28","11.250","1","-1,066","11.25","a46b6c05-fe99-4140-a0b9-d5d780fc9b22","2022-01-21 12:18:10.006"
"AG","11.250","44","11.260","25","-1,066","11.26","b930ca82-6983-428e-b7ca-23e6cc50f3e8","2022-01-21 12:18:20.982"
"AG","11.230","18","11.240","46","-1,066","11.24","1f92ea33-1272-4455-a884-3b77d6a95c18","2022-01-21 12:18:54.948"
"AG","11.250","6","11.260","48","1,069","11.22","bdc875d2-f20c-4d7b-b5bc-be6cf76423cd","2022-01-21 12:20:15.086"
"AG","11.250","12","11.260","34","1,069","11.22","db03d846-f868-4aa2-a595-3508ba1d49f0","2022-01-21 12:20:15.086"
"AG","11.250","20","11.260","26","1,069","11.22","0d922c4c-81f1-47ea-b3dd-088d2f0c3bf7","2022-01-21 12:20:15.086"
"AG","11.250","14","11.260","27","1,069","11.22","333a87fc-39c5-489e-98c3-ef73340c127e","2022-01-21 12:20:15.086"
"AG","11.250","29","11.260","13","1,069","11.22","0465f2dc-18ef-436c-816a-c52b7bc39bac","2022-01-21 12:20:15.086"
"AG","11.260","8","11.270","45","1,069","11.22","08e45d70-b2fc-469c-a58c-0781eda80c5d","2022-01-21 12:20:15.086"
"AG","11.260","2","11.270","48","1,069","11.22","8354edfc-1023-4aa9-9d77-bf9fff61377c","2022-01-21 12:20:15.086"
"AG","11.260","41","11.270","9","1,069","11.22","446b1096-df69-4030-8091-00d427c00902","2022-01-21 12:20:15.086"
"AG","11.260","28","11.270","19","1,069","11.22","c3fa16c4-39e5-4147-a7b3-1bba67f4752b","2022-01-21 12:20:15.086"
"AG","11.230","39","11.240","10","1,070","11.21","2257b22b-0035-49ac-bb11-239d82331745","2022-01-21 12:20:15.962"
"AG","11.220","1","11.220","40","-1,069","11.22","371ccadc-e5e8-44b3-a099-a1b305874927","2022-01-21 12:20:40.006"
"AG","11.220","1","11.220","40","-1,069","11.22","07a2e200-d5a8-4408-86d3-045d44d1311b","2022-01-21 12:20:40.006"
"AG","11.220","1","11.220","40","-1,069","11.22","b13548a7-b61e-41cc-9638-addedabf1199","2022-01-21 12:20:40.006"
"AG","11.210","33","11.220","22","-1,070","11.22","d493a702-f348-4caf-9b85-b30b90f19dc6","2022-01-21 12:20:57.924"
"AG","11.210","33","11.220","22","-1,069","11.22","7b7af85d-aac2-42bd-86da-b155cb40afc1","2022-01-21 12:20:57.924"
"AG","11.210","33","11.220","22","-1,069","11.22","d4312722-3fd4-44ee-97b3-70558a471704","2022-01-21 12:20:57.924"
"AG","11.210","33","11.220","22","-1,069","11.22","3f4c4964-7856-46cb-a599-1aeb6771b7ec","2022-01-21 12:20:57.924"
"AG","11.200","35","11.210","9","-1,069","11.21","98d5cedb-3abb-4e91-a022-a5d2ef6522b5","2022-01-21 12:21:48.962"
"AG","11.200","42","11.210","13","-1,069","11.21","80481386-f20c-422d-bc14-0062fe850e0b","2022-01-21 12:21:48.962"
"AG","11.200","42","11.210","13","-1,069","11.21","5ba1ff50-01aa-4e54-94c0-bce55bd9e7c2","2022-01-21 12:21:48.962"
"AG","11.270","32","11.280","11","1,067","11.24","867b8a57-6f29-4cbd-9437-101b42d43698","2022-01-21 12:36:29.808"
"AG","11.260","21","11.270","22","1,067","11.24","d0c37b8b-f5ab-498d-8a27-ef0bfbe100a4","2022-01-21 12:36:29.808"
"AG","11.260","5","11.270","43","1,068","11.24","7a60523e-d5ac-48b7-b22d-02aaab66fe3a","2022-01-21 12:36:29.808"
"AG","11.250","25","11.260","24","1,068","11.23","f34c3cdf-e8ac-441f-be5d-d6980789860f","2022-01-21 12:36:40.770"
"AG","11.280","6","11.290","42","1,068","11.23","c6831952-c0ea-45b9-8190-83c96782f1e2","2022-01-21 12:36:40.770"
"AG","11.270","25","11.280","9","1,068","11.23","44c73b47-0b2b-4eef-bf97-bc8d02450d78","2022-01-21 12:36:40.770"
"AG","11.280","6","11.290","40","1,068","11.23","7cef8b48-ce89-4163-8709-55735461d880","2022-01-21 12:36:40.770"
"AG","11.270","32","11.280","11","1,068","11.23","f88348cd-9a5a-4d9c-b7ea-f0ba1f829370","2022-01-21 12:36:40.770"
"AG","11.270","32","11.280","11","1,068","11.23","ec9e44b2-1154-41bb-90c5-ebdda4b35d2a","2022-01-21 12:36:40.770"
"AG","11.290","39","11.300","29","1,068","11.23","ababcac2-0923-4c46-8140-1414b008c6a2","2022-01-21 12:36:40.770"
"AG","11.290","39","11.300","29","1,068","11.23","e88964e8-c8ba-474f-a4f7-595277ed178c","2022-01-21 12:36:40.770"
"AG","11.230","22","11.240","35","-1,068","11.24","ee8f7c94-a502-4f73-80c0-f6ae0b9fe8ee","2022-01-21 12:37:03.895"
"AG","11.230","22","11.240","35","-1,067","11.24","e324cf98-0eb1-412b-b2e3-1fa538f544f4","2022-01-21 12:37:03.895"
"AG","11.230","22","11.240","35","-1,068","11.24","73bebee1-46e3-4cf8-93e5-ee8733b6abec","2022-01-21 12:37:03.895"
"AG","11.230","22","11.240","35","-1,068","11.24","af46c7ba-cd47-432f-ba51-5ebc06a8c536","2022-01-21 12:37:03.895"
"AG","11.230","22","11.240","35","-1,068","11.24","4234d0e5-656e-4684-9a69-0ca03689fd81","2022-01-21 12:37:03.895"
"AG","11.230","22","11.240","35","-1,068","11.24","b2877ee5-a6ec-4617-88f6-8e7caa8e5764","2022-01-21 12:37:03.895"
"AG","11.230","46","11.240","2","-1,068","11.24","3bf1860e-7fba-4d24-87f0-6f7b473eb913","2022-01-21 12:37:11.095"
"AG","11.230","46","11.240","2","-1,068","11.24","edc0bae2-2d96-4f30-9c75-6fb480907966","2022-01-21 12:37:11.095"
"AG","11.230","46","11.240","2","-1,068","11.24","b18ec491-f644-4fa0-a08a-50cec9213148","2022-01-21 12:37:11.095"
"AG","11.200","84","11.210","32","-1,068","11.21","e16e4b3e-853b-466d-880d-79d58c28d121","2022-01-21 12:37:33.515"
"AG","11.200","49","11.210","12","-1,067","11.21","d07ad7ce-b938-4279-9644-84df19c1a04f","2022-01-21 12:38:01.005"
"AG","11.270","33","11.280","15","1,067","11.24","86ff9751-0c3a-4e49-a61c-4540dff9f4b7","2022-01-21 12:46:32.847"
"AG","11.270","33","11.280","15","1,067","11.24","50b3e58e-f9a6-48de-9c9a-e7361babecae","2022-01-21 12:46:32.847"
"AG","11.270","10","11.280","32","1,067","11.24","88d83d46-1ffd-4ab4-ae22-471120c27593","2022-01-21 12:46:32.847"
"AG","11.270","44","11.280","1","1,067","11.24","6888983d-751f-4c31-929f-f1f07a58d661","2022-01-21 12:46:32.847"
"AG","11.270","17","11.280","30","1,068","11.23","5fdf83e3-c6fd-4363-b538-f9a2c2fbd942","2022-01-21 12:46:41.763"
"AG","11.270","33","11.280","15","1,068","11.23","b21fb3d0-948e-408d-a658-4419b82ae617","2022-01-21 12:46:41.763"
"AG","11.230","45","11.240","18","-1,067","11.24","9a467b1f-acaf-4f97-b650-ea494f0eda25","2022-01-21 12:47:23.005"
"AG","11.230","45","11.240","18","-1,067","11.24","77b3f8b6-4134-4947-8372-30b46f619864","2022-01-21 12:47:23.005"
"AG","11.230","45","11.240","18","-1,067","11.24","4ffa1ec6-5ad0-4a9d-9e3a-afc83bb450d6","2022-01-21 12:47:23.005"
"AG","11.220","51","11.230","6","-1,067","11.23","43b0ac08-2f18-4abd-8453-a091a08478dd","2022-01-21 12:47:35.935"
"AG","11.220","51","11.230","6","-1,068","11.23","a1a515be-c1ac-49ba-84ce-0ea7faf95760","2022-01-21 12:47:35.935"
"AG","11.230","27","11.240","14","-1,068","11.24","f1567ccf-707d-4cee-84e6-222d16ee2f71","2022-01-21 12:47:58.408"
"AG","11.250","37","11.260","20","1,070","11.21","ef78b94a-fa8a-46d7-9053-4c36f89d559c","2022-01-21 12:49:03.389"
"AG","11.250","37","11.260","20","1,070","11.21","85c73a09-802f-4e48-b6b4-57ddd1d4c919","2022-01-21 12:49:03.389"
"AG","11.260","47","11.270","9","1,070","11.21","89080e97-5c0c-4f40-a90d-3ea68deb2087","2022-01-21 12:49:03.389"
"AG","11.270","2","11.280","45","1,070","11.21","96ca99d6-254a-468d-81cf-4dafafaa9327","2022-01-21 12:49:03.389"
"AG","11.260","39","11.270","25","1,070","11.21","694065d4-fe52-4028-b433-e565b144c5c3","2022-01-21 12:49:03.389"
"AG","11.200","24","11.210","30","-1,070","11.21","ec70303f-e193-41fc-b433-fac9657002a8","2022-01-21 12:49:34.232"
"AG","11.200","24","11.210","30","-1,070","11.21","ac138972-0c42-4b0a-a353-35b5162cfef2","2022-01-21 12:49:34.232"
"AG","11.200","24","11.210","30","-1,070","11.21","f3f85d09-2718-439f-ab96-290839debcec","2022-01-21 12:49:34.232"
"AG","11.200","45","11.210","8","-1,070","11.21","25646327-f4d1-4f57-b41b-11b28a42580e","2022-01-21 12:49:41.488"
"AG","11.200","33","11.210","15","-1,070","11.21","2e2b87d6-5d35-4711-bc5e-ba3fb2de1de4","2022-01-21 12:49:51.628"
"AG","11.220","30","11.230","22","1,068","11.23","8548a6ce-1f88-40c6-bf4e-b622d8ac5c7a","2022-01-21 12:59:10.006"
"AG","11.220","2","11.220","19","1,070","11.21","886c05a8-a59d-4a56-8339-a7645edc82b4","2022-01-21 12:59:48.541"
"AG","11.210","50","11.220","5","1,070","11.21","784a3465-8624-4193-a773-69b968cfc35f","2022-01-21 12:59:48.541"
"AG","11.220","11","11.230","44","-1,068","11.23","b5745305-a426-495b-ad48-9ddcc2d1bb7b","2022-01-21 13:00:34.297"
"AG","11.220","17","11.230","41","-1,070","11.23","ae3ab893-73f0-4cc1-bd38-9631f8e59f10","2022-01-21 13:00:59.451"
"AG","11.220","35","11.230","12","-1,070","11.23","40885465-ae82-486a-b813-8b873b7ab02a","2022-01-21 13:01:01.843"
"AG","11.220","16","11.230","42","1,065","11.23","f5d52a7a-3d02-41cd-be8e-a3760081c20c","2022-01-21 13:01:20.006"
"AG","11.200","2","11.210","51","-1,065","11.21","aa3a94dd-7a80-4a10-ad7a-4188da49040a","2022-01-21 13:02:47.127"
"AG","11.280","11","11.290","48","1,073","11.18","82df155b-8c20-4d8f-927e-1e173a7ae2c0","2022-01-21 13:05:33.611"
"AG","11.290","22","11.300","38","1,073","11.18","b47a9ce4-c00a-4a08-b8ca-e3c9cf0b7e4a","2022-01-21 13:05:33.611"
"AG","11.310","12","11.320","26","1,073","11.18","fcea8bd1-83bb-44d1-ad7c-e82b6ac3d403","2022-01-21 13:05:33.611"
"AG","11.310","12","11.320","26","1,073","11.18","03be4a73-88b8-480c-8dcb-e57c714653c4","2022-01-21 13:05:33.611"
"AG","11.310","25","11.320","23","1,073","11.18","eeaebe75-6b25-4c87-aa5f-e981b3c642b9","2022-01-21 13:05:33.611"
"AG","11.310","32","11.320","16","1,073","11.18","0fce7aa0-139a-498f-a1be-0fb1429addf4","2022-01-21 13:05:33.611"
"AG","11.320","15","11.330","44","1,073","11.18","1e428690-bc13-4b2d-ad01-8f9ea7a1c00e","2022-01-21 13:05:33.611"
"AG","11.330","7","11.340","56","1,073","11.18","70c51464-62b4-4e02-925d-be82113f79a9","2022-01-21 13:05:33.611"
"AG","11.340","37","11.350","15","1,073","11.18","e3b856eb-feaa-425b-9e4f-5d2fa268a5de","2022-01-21 13:05:33.611"
"AG","11.360","13","11.370","26","1,073","11.18","0d8e0be2-13c7-4c6e-974f-09ac3ed6cdf8","2022-01-21 13:05:33.611"
"AG","11.350","13","11.360","32","1,073","11.18","d311911b-a4c9-43fa-998f-90b5dc8992e7","2022-01-21 13:05:33.611"
"AG","11.170","24","11.180","32","-1,073","11.18","e4a1fdce-78f4-4b40-9ae5-8b792b0d0dec","2022-01-21 13:07:28.899"
"AG","11.170","24","11.180","32","-1,073","11.18","07f491db-6a59-4740-bf77-e3504419358b","2022-01-21 13:07:28.899"
"AG","11.170","40","11.180","14","-1,073","11.18","b95b33e6-37f1-4a99-9ae7-235306a73fb9","2022-01-21 13:07:39.581"
"AG","11.170","40","11.180","14","-1,073","11.18","7a5e1e00-cd17-4b75-a067-4827a0da026a","2022-01-21 13:07:39.581"
"AG","11.170","40","11.180","14","-1,073","11.18","1d0c09d5-1590-4b5c-bc69-7283f511aa93","2022-01-21 13:07:39.581"
"AG","11.170","40","11.180","14","-1,073","11.18","580c9b24-92c5-434f-b717-8f115759cbd2","2022-01-21 13:07:39.581"
"AG","11.170","40","11.180","14","-1,073","11.18","30d281fe-991b-482b-b074-d8316af5d290","2022-01-21 13:07:39.581"
"AG","11.170","17","11.180","30","-1,073","11.18","c6f68e9a-9848-401f-8e5c-26ebdef1aa9a","2022-01-21 13:07:40.783"
"AG","11.170","17","11.180","30","-1,073","11.18","1a58e8cf-76b0-4cc2-ad54-8201bcc121da","2022-01-21 13:07:40.783"
"AG","11.170","45","11.180","8","-1,073","11.18","c8f47d51-4bf8-492c-8c33-962f9799e293","2022-01-21 13:07:50.518"
"AG","11.180","39","11.190","11","-1,073","11.19","60d31f61-103d-4b58-863f-d8ee78e36af8","2022-01-21 13:08:12.015"
"AG","11.170","28","11.180","24","1,075","11.16","768dffd6-f3e6-409c-ac5e-194d65973bb8","2022-01-21 14:01:20.360"
"AG","11.180","22","11.190","29","1,075","11.16","d21d20d8-d62c-433b-9cb9-e4670b645de7","2022-01-21 14:01:20.360"
"AG","11.160","31","11.170","25","-1,075","11.17","4128422f-5419-4f08-a7b4-f35357b5554f","2022-01-21 14:02:03.958"
"AG","11.160","57","11.170","9","-1,075","11.17","8c72a72d-ba70-44ee-af25-fa8cb735015c","2022-01-21 14:02:03.958"
"AG","11.220","53","11.230","6","1,078","11.13","3273ed50-4d59-4e0b-943d-5329ba0c2757","2022-01-21 14:26:28.140"
"AG","11.220","1","11.230","72","1,078","11.13","ce83e3c3-abd5-44c3-a6a7-4b9dd05fd153","2022-01-21 14:26:28.140"
"AG","11.170","33","11.180","26","1,079","11.12","0994d4d6-e5e1-44ec-a138-2342f8855788","2022-01-21 14:27:04.515"
"AG","11.170","18","11.180","34","1,079","11.12","7d920c82-a6fa-45bf-ae4b-a2276dba8f97","2022-01-21 14:27:04.515"
"AG","11.170","50","11.180","7","1,079","11.12","793c119a-989e-4726-88d7-87f160d2890c","2022-01-21 14:27:04.515"
"AG","11.180","19","11.190","35","1,079","11.12","f843ebda-2f8d-4ed3-be84-7fae632af9ef","2022-01-21 14:27:04.515"
"AG","11.180","28","11.190","28","1,079","11.12","1cd05be5-e1b1-4713-9284-47a487d60e39","2022-01-21 14:27:04.515"
"AG","11.180","51","11.190","1","1,079","11.12","256c6a10-d32e-4a85-a798-80039b9fddb5","2022-01-21 14:27:04.515"
"AG","11.190","42","11.200","30","1,079","11.12","7835fa2a-9772-4cd9-baf0-100a68f9d439","2022-01-21 14:27:04.515"
"AG","11.190","14","11.200","40","1,079","11.12","66a5745c-1868-4bef-8446-b00ef33de3ce","2022-01-21 14:27:04.515"
"AG","11.180","50","11.190","13","1,079","11.12","5933eb71-6a93-4bb1-9119-49e74cbd44dd","2022-01-21 14:27:04.515"
"AG","11.190","12","11.200","30","1,079","11.12","fcde9742-d5df-4393-bee3-61e061f90462","2022-01-21 14:27:04.515"
"AG","11.190","12","11.200","49","1,079","11.12","1fe67cbe-aff3-43ca-9982-a1b20241bc85","2022-01-21 14:27:04.515"
"AG","11.210","31","11.220","26","1,079","11.12","0fe2c37a-a3f7-4db8-9c98-f73306033699","2022-01-21 14:27:04.515"
"AG","11.210","48","11.220","2","1,080","11.11","45d7d35f-016c-4f14-bb04-49bdb3d9cf6b","2022-01-21 14:27:04.521"
"AG","11.220","14","11.230","34","1,080","11.11","a46efd58-2e2e-4518-a38a-6b882441a84b","2022-01-21 14:27:04.521"
"AG","11.210","31","11.220","35","1,081","11.10","43818101-814d-4c31-b630-276b27958081","2022-01-21 14:27:04.918"
"AG","11.220","46","11.230","36","1,081","11.10","e3380f85-c5b4-4dbe-a384-cf87fb3659aa","2022-01-21 14:27:04.918"
"AG","11.220","55","11.230","20","1,081","11.10","53bc61c7-695c-4705-92c6-643c4e555ec6","2022-01-21 14:27:04.918"
"AG","11.210","33","11.220","18","1,081","11.10","55520aa1-d1ed-4a85-8456-9a5ebb6c5308","2022-01-21 14:27:04.918"
"AG","11.210","48","11.220","2","1,080","11.10","c541f969-dd79-48b8-9518-a7e2fbecab89","2022-01-21 14:27:04.918"
"AG","11.090","26","11.100","59","-1,079","11.10","f9585a28-38ff-4b02-99e0-9b8360f2677e","2022-01-21 14:27:27.881"
"AG","11.090","26","11.100","59","-1,079","11.10","1e785c9f-6f3b-4496-b0cb-642a256aa26d","2022-01-21 14:27:27.881"
"AG","11.090","26","11.100","59","-1,081","11.10","08984cb6-a87d-417c-8c43-6b54a781017b","2022-01-21 14:27:27.881"
"AG","11.090","26","11.100","59","-1,080","11.10","15f31a52-244a-4684-bdaa-c3c074d67e4d","2022-01-21 14:27:27.881"
"AG","11.090","26","11.100","59","-1,079","11.10","04f33ab6-8692-4184-b4b7-52366979edba","2022-01-21 14:27:27.881"
"AG","11.090","26","11.100","59","-1,081","11.10","275fe98e-4653-4038-bcd7-8e7d9f676f67","2022-01-21 14:27:27.881"
"AG","11.090","26","11.100","59","-1,079","11.10","12f758da-1122-44a7-b984-f15ce6b45bc8","2022-01-21 14:27:27.881"
"AG","11.090","26","11.100","59","-1,079","11.10","87af11ff-8d19-4295-80e4-e2e5bf919bb8","2022-01-21 14:27:27.881"
"AG","11.090","26","11.100","59","-1,079","11.10","ab7ba899-33dc-443c-a340-ba0a98513a8a","2022-01-21 14:27:27.881"
"AG","11.090","26","11.100","59","-1,078","11.10","3cbe417e-2c62-498b-ac94-f039691dd0a5","2022-01-21 14:27:27.881"
"AG","11.090","38","11.100","16","-1,079","11.10","efcb913b-89cb-49e4-8de6-b8fcbe46e7d0","2022-01-21 14:27:39.267"
"AG","11.090","38","11.100","16","-1,078","11.10","3e2159bb-6a1f-43de-b4ff-e903f278c0b2","2022-01-21 14:27:39.267"
"AG","11.090","38","11.100","16","-1,081","11.10","7a10d0f8-a2fb-4a0b-bd1e-706f12db94bd","2022-01-21 14:27:39.267"
"AG","11.090","38","11.100","16","-1,081","11.10","d618c1b7-3e33-4f3b-bf20-2b8254b5a4d1","2022-01-21 14:27:39.267"
"AG","11.090","38","11.100","16","-1,079","11.10","d7b6c7a6-f4dd-4e98-9ebf-076fca9401ff","2022-01-21 14:27:39.267"
"AG","11.090","38","11.100","16","-1,079","11.10","aa633b74-598e-42b2-8933-3e64b2930567","2022-01-21 14:27:39.267"
"AG","11.090","54","11.100","6","-1,079","11.10","6d9de1e3-eda4-4d11-8d3e-e734fd8ee65f","2022-01-21 14:27:51.724"
"AG","11.090","54","11.100","6","-1,079","11.10","5f50c145-52c0-41d4-ae5c-b63f8bf5e98a","2022-01-21 14:27:51.724"
"AG","11.090","54","11.100","6","-1,080","11.10","c73693d5-8df3-4843-855d-b87672cc4fc2","2022-01-21 14:27:51.724"
"AG","11.090","54","11.100","6","-1,079","11.10","910075e3-3dc3-4597-a298-650d7a1eb6d5","2022-01-21 14:27:51.724"
"AG","11.090","57","11.100","3","-1,080","11.10","350fb8f5-abd6-4fc8-93cf-8c26e484d5ee","2022-01-21 14:28:03.627"
"AG","11.110","10","11.120","45","1,076","11.12","ad088c84-b619-40db-bda5-70114ecf3e1c","2022-01-21 14:38:20.006"
"AG","11.140","52","11.150","10","-1,076","11.15","e6a4ea5a-401a-4109-aaaa-f61ea18065fa","2022-01-21 14:46:46.285"
"AG","11.140","20","11.150","25","1,084","11.07","e239c13b-f576-4969-a496-33d3491a1a5c","2022-01-21 14:57:38.791"
"AG","11.150","24","11.160","27","1,084","11.07","2ef5657f-dd8d-4198-9f7d-cee44471c165","2022-01-21 14:57:38.791"
"AG","11.150","15","11.160","29","1,084","11.07","dc9968c5-0d5c-4468-88d2-48dc89311724","2022-01-21 14:57:38.791"
"AG","11.150","18","11.160","30","1,084","11.07","a2a0dea6-206a-44f5-b9a7-4fc3ab084a6c","2022-01-21 14:57:38.791"
"AG","11.150","18","11.160","30","1,084","11.07","6955a9df-7956-4cfc-a117-267adc769442","2022-01-21 14:57:38.791"
"AG","11.150","27","11.160","20","1,084","11.07","337fa5a6-a136-4650-ab33-36f9dbdf688d","2022-01-21 14:57:38.791"
"AG","11.150","17","11.160","44","1,084","11.07","7cb07af2-ffe8-49aa-b115-f0e8597cece3","2022-01-21 14:57:38.791"
"AG","11.150","26","11.160","24","1,084","11.07","360772d5-7af6-4f29-957b-e56a3e490fac","2022-01-21 14:57:38.791"
"AG","11.150","24","11.160","39","1,084","11.07","ffcebe74-ad3d-43d3-94a1-78c4fb7e6eec","2022-01-21 14:57:38.791"
"AG","11.150","24","11.160","28","1,084","11.07","80a3ff2d-cead-4682-a594-e8b2efb191b0","2022-01-21 14:57:38.791"
"AG","11.150","24","11.160","28","1,084","11.07","ff2399da-bd71-464a-94e6-8fb272799b6d","2022-01-21 14:57:38.791"
"AG","11.160","54","11.170","15","1,084","11.07","3ed2e17d-40a3-453d-8884-009aca6459e2","2022-01-21 14:57:38.791"
"AG","11.160","29","11.170","21","1,084","11.07","f39c5ddd-954d-49ea-a88f-5837ef4e2edc","2022-01-21 14:57:38.791"
"AG","11.160","2","11.170","46","1,084","11.07","8c2b7743-fa1c-4d43-9ccd-cdd4422b3623","2022-01-21 14:57:38.791"
"AG","11.150","56","11.160","49","1,084","11.07","203f0ae6-bf77-485d-b306-12855d719766","2022-01-21 14:57:38.791"
"AG","11.150","14","11.160","39","1,084","11.07","d44a0c62-f480-4e60-b7eb-2fd50d04c1e3","2022-01-21 14:57:38.791"
"AG","11.150","7","11.160","51","1,084","11.07","58ec223a-d543-42e2-b7d1-a8d3fd9aa77e","2022-01-21 14:57:38.791"
"AG","11.140","18","11.150","20","1,084","11.07","23530f75-6b6e-4634-9161-7d4bc6e2d085","2022-01-21 14:57:38.791"
"AG","11.140","45","11.150","21","1,084","11.07","d96b3efc-b764-486a-acaa-f4650a09a307","2022-01-21 14:57:38.791"
"AG","11.140","11","11.150","59","1,084","11.07","ca207df1-f50b-4d07-9689-8403cf342f30","2022-01-21 14:57:38.791"
"AG","11.120","69","11.130","1","1,084","11.07","195b0630-9907-4c28-a3ff-8b0ff1755a76","2022-01-21 14:57:38.791"
"AG","11.120","31","11.130","22","1,084","11.07","08d29944-0be2-48d3-8ca7-cb3db54a6293","2022-01-21 14:57:38.791"
"AG","11.120","19","11.130","34","1,084","11.07","f9331fa2-dcb3-4bb3-b041-f3f87642c4d7","2022-01-21 14:57:38.791"
"AG","11.120","33","11.130","20","1,084","11.07","19e1c6ea-50bc-4aa0-946f-70ae5df09244","2022-01-21 14:57:38.791"
"AG","11.120","38","11.130","8","1,084","11.07","794f8558-ba93-4f4a-93cf-a075693e7f6d","2022-01-21 14:57:38.791"
"AG","11.120","32","11.130","17","1,084","11.07","6fdb8d3c-0934-4f3f-ad39-2b08fa3c293f","2022-01-21 14:57:38.791"
"AG","11.120","11","11.130","32","1,084","11.07","8462aac5-6fa7-496f-b50c-e97b247111b9","2022-01-21 14:57:38.791"
"AG","11.120","5","11.130","42","1,084","11.07","99721255-48be-4c88-a086-5b69803adfe1","2022-01-21 14:57:38.791"
"AG","11.110","26","11.120","22","1,084","11.07","159b4c46-9933-4ab3-ac3f-80104a2799b6","2022-01-21 14:57:38.791"
"AG","11.070","9","11.080","38","-1,084","11.08","c265ef1c-2b50-4a0c-96f3-a2ed63a413c9","2022-01-21 14:58:22.923"
"AG","11.070","9","11.080","38","-1,084","11.08","0e9ec296-3f49-4558-9464-7096d7a73b18","2022-01-21 14:58:22.923"
"AG","11.070","9","11.080","38","-1,084","11.08","3b5a52f4-5575-44fa-9435-7df3f44f6c6c","2022-01-21 14:58:22.923"
"AG","11.070","9","11.080","38","-1,084","11.08","df29e958-8611-433c-a26a-4fac686dc3da","2022-01-21 14:58:22.923"
"AG","11.070","9","11.080","38","-1,084","11.08","28aa8459-9636-4ee8-a03e-136383a4c09a","2022-01-21 14:58:22.923"
"AG","11.070","9","11.080","38","-1,084","11.08","b3a9438d-3058-458f-ab56-bffc3a5fd27a","2022-01-21 14:58:22.923"
"AG","11.070","9","11.080","38","-1,084","11.08","d717da30-a41c-41d1-9444-89027df44813","2022-01-21 14:58:22.923"
"AG","11.070","9","11.080","38","-1,084","11.08","ce7863a5-6923-45ca-b7d9-469ed4695592","2022-01-21 14:58:22.923"
"AG","11.070","9","11.080","38","-1,084","11.08","f5cf503c-e304-470b-9a45-875c5d389dda","2022-01-21 14:58:22.923"
"AG","11.070","9","11.080","38","-1,084","11.08","6c6da9c2-a93b-4dc1-b071-601ec651d545","2022-01-21 14:58:22.923"
"AG","11.070","9","11.080","38","-1,084","11.08","166d285b-5697-4810-a657-cf4070837f36","2022-01-21 14:58:22.923"
"AG","11.070","9","11.080","38","-1,084","11.08","c57b21c7-3f21-4954-826c-ebfd87be2090","2022-01-21 14:58:22.923"
"AG","11.070","9","11.080","38","-1,084","11.08","53ff7579-51bd-4d1d-9b48-f7df96b894ed","2022-01-21 14:58:22.923"
"AG","11.070","9","11.080","38","-1,084","11.08","2869f3e4-87fd-4efd-9365-3150d5f6ad37","2022-01-21 14:58:22.923"
"AG","11.070","9","11.080","38","-1,084","11.08","439ede33-5b00-4c1b-8232-9a2a60027a0e","2022-01-21 14:58:22.923"
"AG","11.070","39","11.070","1","-1,084","11.07","5a38d87e-cbeb-4f60-9937-15ee345e2db1","2022-01-21 14:58:40.006"
"AG","11.070","39","11.070","1","-1,084","11.07","01d8c801-a61d-4e22-b527-d02687ce7529","2022-01-21 14:58:40.006"
"AG","11.070","39","11.070","1","-1,084","11.07","95a60424-57fa-425a-b6b6-03b01927228e","2022-01-21 14:58:40.006"
"AG","11.070","39","11.070","1","-1,084","11.07","71ce91c5-dc99-4921-a340-b22f280a3f0c","2022-01-21 14:58:40.006"
"AG","11.070","8","11.080","46","-1,084","11.08","f0e923f2-94ee-47a2-93ed-42e4d80812e0","2022-01-21 14:59:00.665"
"AG","11.060","42","11.070","27","-1,084","11.07","aa18cb86-6ff8-4c07-b72b-0137d9dd1611","2022-01-21 14:59:30.343"
"AG","11.060","42","11.070","27","-1,084","11.07","a0e99518-5347-482c-a320-5a46e30ef1ac","2022-01-21 14:59:30.343"
"AG","11.060","42","11.070","27","-1,084","11.07","2569a8d2-19f6-4911-a1c1-23e42c56144f","2022-01-21 14:59:30.343"
"AG","11.060","42","11.070","27","-1,084","11.07","3a221920-6d2b-4521-bb05-60f9cb46d346","2022-01-21 14:59:30.343"
"AG","11.050","44","11.060","27","-1,084","11.06","39da0d9d-dd68-4b84-b0ca-3e24b41d8a9f","2022-01-21 15:00:57.673"
"AG","11.050","44","11.060","27","-1,084","11.06","bf19ec13-f5e5-446e-aee8-48d04f8f6ed7","2022-01-21 15:00:57.673"
"AG","11.050","30","11.060","25","-1,084","11.06","f689f394-4b5d-4ec2-a59d-c23b67a67bd0","2022-01-21 15:00:57.673"
"AG","11.060","35","11.070","23","-1,084","11.07","4a0ecf70-ea9d-40f4-848c-ae417614a481","2022-01-21 15:01:18.982"
"AG","11.060","35","11.070","23","-1,084","11.07","673b97f0-c900-4288-8000-8218f7fb93f7","2022-01-21 15:01:18.982"
"AG","11.030","15","11.040","46","1,085","11.04","3b0e327d-a5eb-402e-8f1b-b6f1731c3425","2022-01-21 15:19:00.006"
"AG","11.000","17","11.010","65","-1,085","11.01","31e7348d-62c9-457a-899c-d81c6669bba2","2022-01-21 15:21:10.811"
"ABB","36.640","10","36.650","5","328","36.56","b70ec936-2b40-49d7-88a9-d1b12ead8c84","2022-01-21 10:01:25.060"
"ABB","36.630","35","36.640","20","328","36.56","9a2f96b5-72fd-4732-91f8-568597e17cad","2022-01-21 10:01:25.060"
"ABB","36.540","6","36.550","5","-328","36.55","a70492d5-bed8-4403-947d-5b387e4fc553","2022-01-21 10:06:05.289"
"ABB","36.550","8","36.560","10","-328","36.56","f71628ba-4ec7-47be-ae00-66b64e854a39","2022-01-21 10:06:07.195"
"ABB","36.520","51","36.530","4","328","36.53","b70e1182-830c-45e0-b180-e4cbb135ba9a","2022-01-21 10:20:10.006"
"ABB","36.480","1","36.490","18","-328","36.49","43becdd6-10e2-4514-b39c-fd203a0b8df1","2022-01-21 10:24:14.532"
"ABB","36.550","13","36.560","12","328","36.53","21dbc45e-85a7-45a5-baf4-09192c4d14aa","2022-01-21 10:25:23.206"
"ABB","36.580","6","36.590","17","-328","36.59","2ff4d9d2-01af-4b17-aa13-e18004bdc618","2022-01-21 10:27:00.250"
"ABB","36.800","14","36.810","3","326","36.76","4a5d836b-32d5-4a2a-a66f-5a5ae486b01d","2022-01-21 11:11:06.707"
"ABB","36.800","14","36.810","7","326","36.76","62e30394-42ab-4a46-beed-49dbf58077d2","2022-01-21 11:11:06.707"
"ABB","36.800","15","36.810","6","-326","36.81","544edfa9-348a-4b93-8efe-41c8b9a62c05","2022-01-21 11:12:04.340"
"ABB","36.800","5","36.800","3","-326","36.80","2a642fb3-f78b-486e-bc01-c895c7ed3900","2022-01-21 11:12:10.006"
"ABB","36.820","31","36.830","3","326","36.77","d77bd4c7-0e11-40a0-b2ac-b049c909b386","2022-01-21 11:37:33.917"
"ABB","36.820","15","36.830","6","326","36.77","75870e82-90a1-4beb-aef6-7f2c71f1f0d6","2022-01-21 11:37:33.917"
"ABB","36.820","23","36.830","9","326","36.77","877ff3a0-5832-487e-922c-23eb524c7e0c","2022-01-21 11:37:33.917"
"ABB","36.810","4","36.820","12","326","36.77","6bd3bb61-73b5-437f-9dab-3b0230403591","2022-01-21 11:37:33.917"
"ABB","36.820","25","36.830","11","326","36.77","d997751e-d610-4e23-b8c6-ffc5d6115a8c","2022-01-21 11:37:33.917"
"ABB","36.830","10","36.840","16","326","36.77","eab57359-41d6-4000-ab04-c5a66eb5896d","2022-01-21 11:37:33.917"
"ABB","36.810","11","36.820","3","326","36.77","2b2cf93e-2332-4638-8210-02c758567d8f","2022-01-21 11:37:33.917"
"ABB","36.810","15","36.820","16","326","36.77","1dce295f-4327-4a63-8d52-71e21a3225b4","2022-01-21 11:37:33.917"
"ABB","36.810","15","36.820","10","326","36.77","6f899bec-a6dc-40bd-9c4b-033a1f43f3c9","2022-01-21 11:37:33.917"
"ABB","36.820","17","36.830","9","326","36.77","bea5dd73-4113-4101-b8dd-ddeac1f69f05","2022-01-21 11:37:33.917"
"ABB","36.800","33","36.810","1","326","36.77","464bcd15-05e0-4e89-a8f6-603b732fe058","2022-01-21 11:37:33.917"
"ABB","36.800","27","36.810","2","326","36.77","82eedd85-ef4e-421a-8c22-b22261baaa5e","2022-01-21 11:37:33.917"
"ABB","36.820","3","36.820","1","326","36.77","fd4db1ee-5b29-4432-8046-381254ccd633","2022-01-21 11:37:33.917"
"ABB","36.810","13","36.820","10","326","36.77","72d8a04a-7916-4e41-a8c8-d1eba42bc62e","2022-01-21 11:37:33.917"
"ABB","36.820","12","36.830","11","326","36.77","62cf4419-498a-474c-a3bf-5ce44c9d8afc","2022-01-21 11:37:33.917"
"ABB","36.810","8","36.820","14","326","36.77","6c1a7dc2-96f2-43b1-8b07-a8a2af972249","2022-01-21 11:37:33.917"
"ABB","36.850","14","36.860","12","326","36.75","bed42ce7-ebc0-41d2-aabe-eb42dc9da824","2022-01-21 11:37:48.773"
"ABB","36.710","31","36.720","1","-326","36.72","c210f1db-53d8-4f24-89dd-96d06be7eae7","2022-01-21 11:38:31.856"
"ABB","36.690","4","36.700","14","-326","36.70","94ad3846-6315-47f1-b577-54975ab5f6e2","2022-01-21 11:39:00.948"
"ABB","36.690","4","36.700","14","-326","36.70","db572e97-985d-4d48-a983-d8f7939f9912","2022-01-21 11:39:00.948"
"ABB","36.690","4","36.700","14","-326","36.70","3d5478ad-8d95-42ba-9c18-9afa5b99f75f","2022-01-21 11:39:00.948"
"ABB","36.690","4","36.700","14","-326","36.70","34726837-a800-42ea-ba1f-e308d485aaee","2022-01-21 11:39:00.948"
"ABB","36.690","4","36.700","14","-326","36.70","1e78f54a-8a6c-46b7-8ef2-382a6615a469","2022-01-21 11:39:00.948"
"ABB","36.690","4","36.700","14","-326","36.70","85afba9e-034a-4462-92ae-5e66fd72f4be","2022-01-21 11:39:00.948"
"ABB","36.680","25","36.690","1","-326","36.69","7cb28d01-5d74-4afc-9635-5a4adc4745f5","2022-01-21 11:39:25.475"
"ABB","36.680","25","36.690","1","-326","36.69","9822ff29-c860-4fc1-a15a-b99f419aab9c","2022-01-21 11:39:25.475"
"ABB","36.680","25","36.690","1","-326","36.69","0e173067-8a06-4479-ae93-cdb10be1c8fe","2022-01-21 11:39:25.475"
"ABB","36.680","8","36.690","10","-326","36.69","70111b5f-7dd4-4591-b9a4-a7f15b759b5d","2022-01-21 11:39:57.457"
"ABB","36.680","12","36.690","8","-326","36.69","e03d7fd3-5698-4755-905e-dbb66c1f3dcb","2022-01-21 11:39:57.457"
"ABB","36.690","23","36.700","1","-326","36.70","118882d6-bec2-4776-88fa-7b6ef99591af","2022-01-21 11:40:13.586"
"ABB","36.690","23","36.700","1","-326","36.70","0e42d9c7-8e4c-40d9-82b9-9feb4e4c7067","2022-01-21 11:40:13.586"
"ABB","36.690","23","36.700","1","-326","36.70","f3400783-4c9d-41be-bb70-e617977afef9","2022-01-21 11:40:13.586"
"ABB","36.690","19","36.700","6","-326","36.70","2b75fbb5-2126-4fe9-9875-627b3ad0d3f4","2022-01-21 11:40:30.728"
"ABB","36.700","8","36.710","12","-326","36.71","0595cdde-0b65-47e1-a5b4-4f0ba1cdaebe","2022-01-21 11:40:56.160"
"ABB","36.650","9","36.660","9","327","36.63","3e14287f-6618-49bf-814f-9ca4fe78de38","2022-01-21 12:09:19.134"
"ABB","36.650","9","36.660","13","327","36.63","70ec1641-8d16-4727-b1cf-69fd158ac78a","2022-01-21 12:09:19.134"
"ABB","36.650","7","36.660","8","327","36.63","6a31827d-0215-45bf-a5cd-480685ca9677","2022-01-21 12:09:19.134"
"ABB","36.640","10","36.650","7","327","36.63","8dcfe13f-b1c5-4d6b-9bf7-9ce7dcf89d79","2022-01-21 12:09:19.134"
"ABB","36.640","3","36.650","31","327","36.63","085133a0-936f-4d73-994b-a87df13cdb2a","2022-01-21 12:09:19.134"
"ABB","36.640","3","36.650","31","327","36.63","a37fa8bc-c7f8-47cb-bdaf-31a95ade0b98","2022-01-21 12:09:19.134"
"ABB","36.600","22","36.610","28","-327","36.61","61876590-20fe-4867-90f0-1f14086a9ba9","2022-01-21 12:11:33.116"
"ABB","36.600","22","36.610","28","-327","36.61","3b842efb-72ad-44d2-8570-15df7023d81a","2022-01-21 12:11:33.116"
"ABB","36.620","2","36.630","28","-327","36.63","621c1ba9-c8b1-4560-8633-038d309b839d","2022-01-21 12:11:38.459"
"ABB","36.620","2","36.630","28","-327","36.63","3d970731-6ddc-4959-b577-b51ba73d7101","2022-01-21 12:11:38.459"
"ABB","36.620","2","36.630","28","-327","36.63","e391d3ff-eb8e-416f-8412-7c5478da5e97","2022-01-21 12:11:38.459"
"ABB","36.550","18","36.560","4","-327","36.56","b3f5a657-a5c4-4bf7-8e86-763600d770f3","2022-01-21 12:12:53.700"
"ABB","36.620","32","36.630","1","327","36.62","466fd946-3157-4e46-b38a-ad8eb4760d57","2022-01-21 12:26:23.383"
"ABB","36.640","2","36.650","26","327","36.62","9b80c762-fe9d-4511-aab7-0dfce5132689","2022-01-21 12:26:23.383"
"ABB","36.640","1","36.650","20","327","36.62","01bd16fa-0317-4698-a36a-6e3dab8ff981","2022-01-21 12:26:23.383"
"ABB","36.610","9","36.620","13","-327","36.62","436c0acb-8824-4002-872d-c0629648d0f3","2022-01-21 12:26:57.141"
"ABB","36.640","1","36.650","35","327","36.60","fd5be134-f47b-4fae-90a8-e97f279f80a2","2022-01-21 12:27:01.879"
"ABB","36.650","2","36.660","38","327","36.60","63c26273-6292-4444-877d-9586949ad64d","2022-01-21 12:27:01.879"
"ABB","36.600","18","36.610","21","-327","36.61","2c0881fb-3f02-4115-86fa-ef3e1b5c8bf9","2022-01-21 12:27:26.577"
"ABB","36.600","18","36.610","21","-327","36.61","6fb27ab2-39f9-422d-9369-9ccf25bccdac","2022-01-21 12:27:26.577"
"ABB","36.600","11","36.610","25","-327","36.61","de65c98c-5b52-48b6-80d7-8cf04eb6d399","2022-01-21 12:27:41.615"
"ABB","36.600","6","36.610","12","-327","36.61","6e2308df-c14e-4dc7-83d6-95d72b50df8a","2022-01-21 12:27:41.615"
"ABB","36.600","30","36.610","1","328","36.58","ad44c187-1d5f-4868-bf4e-e467df720156","2022-01-21 12:36:43.399"
"ABB","36.600","14","36.610","10","328","36.58","bd0005a2-8015-400d-8bf7-01bb528be436","2022-01-21 12:36:43.399"
"ABB","36.600","6","36.610","13","328","36.58","a3c7af8d-71a7-4972-9a53-0fc936015c95","2022-01-21 12:36:43.399"
"ABB","36.560","8","36.570","12","-328","36.57","685808ac-a8bf-4194-bb70-bd2e2092b5a0","2022-01-21 12:37:31.743"
"ABB","36.560","8","36.570","12","-328","36.57","b723d26a-3168-4263-a723-6f7f31a41b41","2022-01-21 12:37:31.743"
"ABB","36.580","8","36.590","19","-328","36.59","3b2077cf-70e7-4fe4-a52b-c6d3493776e7","2022-01-21 12:38:22.881"
"ABB","36.620","5","36.630","18","327","36.59","e96922e2-7563-4628-b202-0c8530548309","2022-01-21 12:45:03.006"
"ABB","36.610","5","36.620","20","-327","36.62","fbfb8e80-3e95-49b2-ab3b-f35e9425991c","2022-01-21 12:45:51.974"
"ABB","36.630","13","36.630","1","328","36.57","5cc61994-114f-47f9-95d1-e9d1df4bc4ae","2022-01-21 12:46:53.088"
"ABB","36.630","5","36.640","18","328","36.57","6e223de5-a4ae-4478-afac-cf0ba83a1fe4","2022-01-21 12:46:53.088"
"ABB","36.570","10","36.580","8","-328","36.58","df63b55a-0bc7-4074-a8d1-c11f060bc86e","2022-01-21 12:47:31.745"
"ABB","36.570","6","36.580","24","-328","36.58","c15d0cc9-4272-44ba-9eac-70ca3cd563ff","2022-01-21 12:47:31.745"
"ABB","36.590","13","36.600","6","328","36.56","c5279eec-9223-4638-83c3-5eb409fb43c2","2022-01-21 12:49:25.118"
"ABB","36.590","1","36.590","31","328","36.56","97578451-ded9-4ee5-9eb9-949b65caa7a7","2022-01-21 12:49:25.118"
"ABB","36.600","17","36.610","4","328","36.56","455a776e-d82c-486e-97e1-07706757f613","2022-01-21 12:49:25.118"
"ABB","36.620","8","36.630","20","328","36.56","1b916c87-f24f-4bfc-b108-f234de056299","2022-01-21 12:49:25.118"
"ABB","36.580","9","36.590","10","328","36.55","a2465863-6dda-4829-8e3d-f9ea1992e08c","2022-01-21 12:49:31.475"
"ABB","36.590","2","36.600","10","328","36.55","590a66e4-28d4-409b-9e2d-40e84881ccb8","2022-01-21 12:49:31.475"
"ABB","36.590","2","36.600","10","328","36.55","8cb9835b-10fa-4707-9858-21f004063009","2022-01-21 12:49:31.475"
"ABB","36.620","12","36.630","26","328","36.55","632ac7f4-6747-4a1c-bdae-8dc1a3b9bf91","2022-01-21 12:49:31.475"
"ABB","36.620","12","36.630","26","328","36.55","6b220672-9134-4a15-a7a1-e00893d525cc","2022-01-21 12:49:31.475"
"ABB","36.640","8","36.650","9","328","36.55","1d1d0b10-a6aa-4ef9-bba9-c1836b47a98c","2022-01-21 12:49:31.475"
"ABB","36.640","5","36.650","12","328","36.55","ecc7ad86-f370-4029-b9f9-1ffef07d8f42","2022-01-21 12:49:31.475"
"ABB","36.630","2","36.630","38","328","36.55","58316b3e-55a4-4390-a008-8a5792749dd5","2022-01-21 12:49:31.475"
"ABB","36.620","14","36.630","6","328","36.55","fd24963f-732f-4653-856b-308e5db55be5","2022-01-21 12:49:31.475"
"ABB","36.540","6","36.550","35","-328","36.55","5bf69710-c206-4266-86e4-1a4992daa9f2","2022-01-21 12:50:23.311"
"ABB","36.540","6","36.550","35","-328","36.55","a89dd355-e82f-4105-bc70-5e46b0338a68","2022-01-21 12:50:23.311"
"ABB","36.540","6","36.550","35","-328","36.55","fd1a6aad-48ff-4f0d-a660-f99b369091ed","2022-01-21 12:50:23.311"
"ABB","36.540","6","36.550","35","-328","36.55","b0590883-fa2c-4ee6-9e15-228ac301afcf","2022-01-21 12:50:23.311"
"ABB","36.540","6","36.550","35","-328","36.55","75dbfd4a-9672-4ee5-8039-d8de557fa87c","2022-01-21 12:50:23.311"
"ABB","36.540","6","36.550","35","-328","36.55","f0e87d0b-c0fe-43f8-8177-efae73e920c4","2022-01-21 12:50:23.311"
"ABB","36.540","6","36.550","35","-328","36.55","5d0f0356-30da-4529-91bd-e5ebc1ec66ab","2022-01-21 12:50:23.311"
"ABB","36.540","10","36.550","18","-328","36.55","921cb543-031c-4ffe-bac1-e2172cc7b90d","2022-01-21 12:51:14.076"
"ABB","36.540","40","36.540","1","-328","36.54","4dd65f3a-7191-4838-b722-415ab432f095","2022-01-21 12:52:10.006"
"ABB","36.550","5","36.560","18","-328","36.56","a25e7fc4-1d84-4d42-829f-87fed60e775a","2022-01-21 12:52:22.386"
"ABB","36.550","1","36.560","23","-328","36.56","4f067028-6635-4c08-a4d1-54fc6daa7fc5","2022-01-21 12:52:22.386"
"ABB","36.550","1","36.560","23","-328","36.56","475db3b9-0d59-4e0e-a3ce-c3f0935513f2","2022-01-21 12:52:22.386"
"ABB","36.550","32","36.560","15","-328","36.56","27fa59ff-891d-49fd-a655-b4c995d51851","2022-01-21 12:52:22.386"
"ABB","36.600","12","36.610","12","328","36.57","6e62a936-9cb6-46f9-9075-0674cb55b522","2022-01-21 13:19:28.796"
"ABB","36.570","22","36.570","1","-328","36.57","63172a3a-77c7-43d8-94a8-b032b40a18e5","2022-01-21 13:19:40.006"
"ABB","36.600","5","36.610","26","328","36.55","1ab7691a-93e3-47e3-86c9-d87a1337c253","2022-01-21 13:21:14.417"
"ABB","36.640","20","36.650","7","328","36.55","c89c9537-5055-44cd-a339-becd6d1c1dc0","2022-01-21 13:21:14.417"
"ABB","36.640","8","36.650","13","328","36.55","fc6ae5a9-98cb-4b58-8655-4f470c59fc13","2022-01-21 13:21:14.417"
"ABB","36.630","7","36.640","10","328","36.55","e3716ab1-dcb8-44b4-a0c7-7dc9ac5b774d","2022-01-21 13:21:14.417"
"ABB","36.600","8","36.610","16","328","36.54","e8ef2cfe-5ec5-41a5-8e03-382a8ed817fa","2022-01-21 13:21:49.522"
"ABB","36.600","8","36.610","16","328","36.54","1d253a71-4235-4f84-8c1b-feda5aa8b9d3","2022-01-21 13:21:49.522"
"ABB","36.650","28","36.650","4","328","36.54","c35f2f25-210b-4d8f-9c19-cff2535defd8","2022-01-21 13:21:49.522"
"ABB","36.650","2","36.660","18","328","36.54","2049b70c-ccab-4811-b7a6-bb0fea24b0ee","2022-01-21 13:21:49.522"
"ABB","36.650","32","36.660","1","328","36.54","91b6fa9a-0392-4079-8aef-477cc754c6b2","2022-01-21 13:21:49.522"
"ABB","36.650","19","36.660","6","328","36.54","56c60550-e87e-4dce-af7f-2feeca7114f6","2022-01-21 13:21:49.522"
"ABB","36.530","19","36.540","7","-328","36.54","3a33db66-547e-4eff-9395-5a069d2a598e","2022-01-21 13:22:38.376"
"ABB","36.530","19","36.540","7","-328","36.54","90762833-f4d5-41d4-870a-4809dda6c62a","2022-01-21 13:22:38.376"
"ABB","36.530","19","36.540","7","-328","36.54","266b4cf3-8960-447a-b7d5-cc0c2ca295c5","2022-01-21 13:22:38.376"
"ABB","36.530","19","36.540","7","-328","36.54","dfa2fe18-d5ef-4d79-b96a-997f65b5be2d","2022-01-21 13:22:38.376"
"ABB","36.530","15","36.540","20","-328","36.54","5b38ea32-b687-4df0-b04b-560a202bfbd5","2022-01-21 13:22:53.502"
"ABB","36.530","15","36.540","20","-328","36.54","d2d4b5f4-b98f-418e-8522-510227a1419c","2022-01-21 13:22:53.502"
"ABB","36.530","32","36.550","14","-328","36.55","d274fec6-7dcd-454a-96a4-e8475959f5cb","2022-01-21 13:23:07.511"
"ABB","36.530","32","36.550","14","-328","36.55","b1697b11-3dbc-4237-9f10-5e11601459d0","2022-01-21 13:23:07.511"
"ABB","36.530","32","36.550","14","-328","36.55","a6b5606e-3541-46c2-a49e-6d2c2934fec1","2022-01-21 13:23:07.511"
"ABB","36.540","7","36.550","18","-328","36.55","b17f7d5b-dbac-45d4-a4ef-af017c508d90","2022-01-21 13:23:07.511"
"ABB","36.580","11","36.590","12","328","36.58","8887ca1a-5495-40dd-be85-29d9cd0cd1b6","2022-01-21 13:35:11.635"
"ABB","36.590","2","36.600","27","-328","36.60","5c9d7058-3e8d-4a28-aed7-0a81d89a3a9c","2022-01-21 13:37:09.462"
"ABB","36.630","12","36.640","12","327","36.60","fe563017-d46c-4c4c-923c-bf863d4efc37","2022-01-21 13:58:52.885"
"ABB","36.640","31","36.640","1","328","36.58","8377a829-045a-421a-8e73-4c0ddbfdbc46","2022-01-21 13:59:21.366"
"ABB","36.630","4","36.640","23","328","36.58","0df5ad85-5e77-47d2-9045-b6d846f0ecda","2022-01-21 13:59:21.366"
"ABB","36.630","31","36.640","1","328","36.58","2f1e0f8b-4ad0-4bf5-9ba0-e1fe85a1ebe5","2022-01-21 13:59:21.366"
"ABB","36.640","11","36.650","11","328","36.58","97be4380-fc1b-49f7-ab2b-cbb5d3e55043","2022-01-21 13:59:21.366"
"ABB","36.650","8","36.660","12","328","36.58","47599a28-6842-4d8a-ba5f-2f1044ec7c3a","2022-01-21 13:59:21.366"
"ABB","36.650","6","36.660","14","328","36.58","79994b86-1770-4594-88cc-d3657027c994","2022-01-21 13:59:21.366"
"ABB","36.640","12","36.650","6","328","36.58","2bce1491-73b3-4832-b211-185e611bf57e","2022-01-21 13:59:21.366"
"ABB","36.640","13","36.650","10","328","36.58","b147b161-55dd-48df-a5d9-35fb27ed6678","2022-01-21 13:59:21.366"
"ABB","36.640","34","36.650","2","328","36.58","8071cd2c-aab7-4683-8d2a-791c0ff5b3c5","2022-01-21 13:59:21.366"
"ABB","36.650","33","36.650","2","328","36.58","da355731-c213-456b-8fed-6c3e25fd477f","2022-01-21 13:59:21.366"
"ABB","36.640","17","36.650","6","328","36.58","875aff32-d2f5-4d75-be7e-fd1bde85000d","2022-01-21 13:59:21.366"
"ABB","36.640","11","36.650","6","328","36.58","ef14f884-8e91-4c64-938b-7bf3638da194","2022-01-21 13:59:21.366"
"ABB","36.630","6","36.640","14","328","36.58","51408970-ca5b-4d49-8213-6dc87202d61d","2022-01-21 13:59:21.366"
"ABB","36.620","13","36.630","9","328","36.58","c47a3aa4-79f2-41f2-a025-a2795c873d3e","2022-01-21 13:59:21.366"
"ABB","36.610","10","36.620","12","328","36.58","d4b10093-b28b-4343-9fb4-3067b3a4b508","2022-01-21 13:59:21.366"
"ABB","36.610","29","36.620","2","328","36.58","80473eba-0e2c-48bf-9f3b-ac841f8f65ca","2022-01-21 13:59:21.366"
"ABB","36.570","10","36.580","10","-327","36.58","de56f382-c033-460b-82c8-fae24ca60973","2022-01-21 13:59:32.583"
"ABB","36.570","19","36.580","6","-328","36.58","cd73b522-3a7d-4585-b19e-7e9f9be16af4","2022-01-21 13:59:41.106"
"ABB","36.570","19","36.580","6","-328","36.58","2a8fcfad-f4be-4155-8e8c-1a2c6dfcfad7","2022-01-21 13:59:41.106"
"ABB","36.570","19","36.580","6","-328","36.58","324b8638-67d6-4cf7-930e-362252b8279f","2022-01-21 13:59:41.106"
"ABB","36.570","19","36.580","6","-328","36.58","da04e1c5-d4eb-4298-8781-5e527c0992de","2022-01-21 13:59:41.106"
"ABB","36.570","19","36.580","6","-328","36.58","695907a6-3729-40d9-b734-b127f0375404","2022-01-21 13:59:41.106"
"ABB","36.570","19","36.580","6","-328","36.58","94ad4cc1-548a-4b84-93fa-a45acd86009e","2022-01-21 13:59:41.106"
"ABB","36.570","19","36.580","6","-328","36.58","c57209ed-2003-4484-bc42-2aaf5df80138","2022-01-21 13:59:41.106"
"ABB","36.570","19","36.580","6","-328","36.58","82ca5592-f97d-4c87-8a14-8f3e0fe45cb6","2022-01-21 13:59:41.106"
"ABB","36.580","2","36.590","36","-328","36.59","431d68f4-1e88-4f85-8915-84a0108058e9","2022-01-21 13:59:58.295"
"ABB","36.580","2","36.590","36","-328","36.59","aaed5cc1-c3b4-4aa6-baf5-f1d0ba75f429","2022-01-21 13:59:58.295"
"ABB","36.580","2","36.590","36","-328","36.59","031c86f8-7ad6-466b-a30e-1d70ec788ffb","2022-01-21 13:59:58.295"
"ABB","36.580","2","36.590","36","-328","36.59","9b88ab83-f328-4704-9f74-abe2a2bf0e34","2022-01-21 13:59:58.295"
"ABB","36.590","7","36.600","20","-328","36.60","a4a14a34-9eaf-4b0b-b4c2-b003baad5377","2022-01-21 14:00:03.801"
"ABB","36.590","7","36.600","20","-328","36.60","05d8f8f0-4772-4550-bfbc-ddb3436376fc","2022-01-21 14:00:03.801"
"ABB","36.600","22","36.600","1","-328","36.60","c504a6df-ffb5-459b-a425-f9791f46e8aa","2022-01-21 14:00:10.006"
"ABB","36.600","13","36.600","2","-328","36.60","e0ea4e33-c4fa-45b9-b2fd-b11aafbe1e9d","2022-01-21 14:00:40.006"
"ABB","36.600","10","36.610","11","327","36.61","ec3cdfb0-38ec-469c-a715-2b6bc324415a","2022-01-21 14:12:20.006"
"ABB","36.580","16","36.590","8","-327","36.59","047a7d6b-e7d8-4a19-8b0e-e91b8eb75bec","2022-01-21 14:16:23.809"
"ABB","36.660","30","36.670","14","328","36.52","d017abac-b673-4633-a2f7-72d2f22dd553","2022-01-21 14:26:28.823"
"ABB","36.500","15","36.510","9","-328","36.51","6cfe4ae5-b62a-44a4-80b9-a6da0a65f4df","2022-01-21 14:27:38.459"
"ABB","36.610","8","36.620","7","329","36.47","977a945a-9f2a-4e52-b6ca-c558d6f0dfea","2022-01-21 14:30:20.030"
"ABB","36.620","9","36.630","12","329","36.47","b3a2f2c0-7949-46f4-b3be-ded43efb12d2","2022-01-21 14:30:20.030"
"ABB","36.610","1","36.620","10","329","36.47","212c3f44-8fec-49cc-8ebb-94b6dbd68ace","2022-01-21 14:30:20.030"
"ABB","36.590","14","36.600","6","329","36.47","b552bb84-3680-41bd-9e39-a83660473c0c","2022-01-21 14:30:20.030"
"ABB","36.590","16","36.600","2","329","36.47","76a72d65-abea-467c-b9e9-82fd2a7b3973","2022-01-21 14:30:20.030"
"ABB","36.600","4","36.610","46","329","36.47","dd76e95c-c1e7-41f4-bda6-2c1351598e53","2022-01-21 14:30:20.030"
"ABB","36.600","4","36.610","46","329","36.47","9595ad58-b79a-446b-b9de-f7532b484456","2022-01-21 14:30:20.030"
"ABB","36.600","6","36.610","16","329","36.47","9bb40089-2abc-4e63-9c80-ec44ca90ae14","2022-01-21 14:30:20.030"
"ABB","36.600","6","36.610","16","329","36.47","499010e1-49ab-4d95-b729-4953ea15511b","2022-01-21 14:30:20.030"
"ABB","36.590","15","36.600","7","329","36.47","8c74d1b3-979b-4c00-a8f5-fdd199df148b","2022-01-21 14:30:20.030"
"ABB","36.570","5","36.580","16","329","36.47","e8d9f315-f7d0-4d30-bdb0-2f5b9ec14818","2022-01-21 14:30:20.030"
"ABB","36.470","29","36.480","2","-329","36.48","cf827469-d417-4135-bc4a-6a3711ba4df0","2022-01-21 14:31:05.520"
"ABB","36.470","29","36.480","2","-329","36.48","88f6fac1-4ac3-45ce-b3f3-1dc038f11475","2022-01-21 14:31:05.520"
"ABB","36.470","29","36.480","2","-329","36.48","94e20977-0a20-455f-8e03-5e5b55173a7b","2022-01-21 14:31:05.520"
"ABB","36.470","29","36.480","2","-329","36.48","3bd5f048-23b0-4c08-9d8d-92e252d15094","2022-01-21 14:31:05.520"
"ABB","36.470","29","36.480","2","-329","36.48","5384e5a4-f7c7-45c3-966e-47af5c8e1baf","2022-01-21 14:31:05.520"
"ABB","36.470","29","36.480","2","-329","36.48","debfb380-87f7-4626-98df-cbdec35f1c64","2022-01-21 14:31:05.520"
"ABB","36.470","29","36.480","2","-329","36.48","60053434-6511-429c-8f75-74465ae9142e","2022-01-21 14:31:05.520"
"ABB","36.470","29","36.480","2","-329","36.48","995a5f90-f25a-4d82-9676-75d7a83d2072","2022-01-21 14:31:05.520"
"ABB","36.470","29","36.480","2","-329","36.48","e79ae864-87a4-402a-9cfc-f715b0f21f60","2022-01-21 14:31:05.520"
"ABB","36.490","1","36.490","36","-329","36.49","9401bf75-2db4-4faf-8601-4003f71c99dd","2022-01-21 14:31:10.006"
"ABB","36.490","7","36.500","12","-329","36.50","815361cf-5adc-46ff-9ac1-713273ded995","2022-01-21 14:31:38.445"
"ABB","36.510","37","36.520","1","328","36.52","8e7eb513-c098-4b05-95d8-6bd1b506c98a","2022-01-21 14:38:20.006"
"ABB","36.570","1","36.570","31","-328","36.57","a97cdc78-a53e-497b-8004-d836c5115027","2022-01-21 14:48:20.006"
"ABB","36.550","9","36.560","11","328","36.49","b222a42f-d79a-462e-b74f-a43fe78340c1","2022-01-21 14:59:15.404"
"ABB","36.550","9","36.560","11","328","36.49","bb341c0e-d97b-46b2-ad38-f834894e294f","2022-01-21 14:59:15.404"
"ABB","36.550","9","36.560","12","328","36.49","ff711603-2d49-4503-b212-5731e3e83dd4","2022-01-21 14:59:15.404"
"ABB","36.540","83","36.550","14","328","36.49","2e70e961-d9ca-48f6-863f-b76302be9746","2022-01-21 14:59:15.404"
"ABB","36.550","19","36.560","37","328","36.49","fffa1b7c-93da-4bef-b165-de222277058a","2022-01-21 14:59:15.404"
"ABB","36.570","26","36.580","11","328","36.48","2edfe9f7-0ad8-47db-bce3-4ad61658d6d6","2022-01-21 14:59:22.472"
"ABB","36.570","5","36.580","16","328","36.48","504ca3fa-1c5b-4cc9-ba04-dfd9f7224e47","2022-01-21 14:59:22.472"
"ABB","36.560","13","36.570","19","328","36.48","4d5b8842-9f34-4c1b-abde-cba6d70f346b","2022-01-21 14:59:22.472"
"ABB","36.560","13","36.570","19","328","36.48","86d17eec-37c3-4743-978c-40347f0a9ab3","2022-01-21 14:59:22.472"
"ABB","36.580","27","36.590","6","328","36.48","2b855a30-25bc-4c7f-9d28-bc5dc6a806a3","2022-01-21 14:59:22.472"
"ABB","36.580","12","36.590","16","328","36.48","b8a01f2b-05ed-4393-9f59-6140eb74a21e","2022-01-21 14:59:22.472"
"ABB","36.580","6","36.590","13","328","36.48","70c63ec8-ac4c-4d0c-8624-06d6f3b8858f","2022-01-21 14:59:22.472"
"ABB","36.580","11","36.590","5","328","36.48","1b632d50-14f1-4e6c-9152-923203280046","2022-01-21 14:59:22.472"
"ABB","36.570","11","36.580","11","328","36.48","159cfc36-3514-42d6-bbaf-ef93e6ca657d","2022-01-21 14:59:22.472"
"ABB","36.560","77","36.570","24","328","36.48","c92870e6-1d4f-445e-a50d-4b90dfb94a7c","2022-01-21 14:59:22.472"
"ABB","36.560","1","36.570","39","328","36.48","29e4efb5-0c8d-4258-abc9-232368f11ca4","2022-01-21 14:59:22.472"
"ABB","36.560","1","36.570","39","328","36.48","ac053f3e-2b4b-4260-acc9-7162857a3e37","2022-01-21 14:59:22.472"
"ABB","36.560","35","36.570","1","328","36.48","c9fecbec-ecd1-4911-8a5b-bf1de1addf51","2022-01-21 14:59:22.472"
"ABB","36.570","28","36.580","17","328","36.48","64f1912b-22a3-4aa0-a7d7-e20d9c78311f","2022-01-21 14:59:22.472"
"ABB","36.570","28","36.580","17","328","36.48","e3cc9ff6-816a-4e2e-96f2-6e24f3813374","2022-01-21 14:59:22.472"
"ABB","36.550","8","36.560","11","328","36.48","ee8aa38c-fd3b-45c4-9209-ee44baf05da6","2022-01-21 14:59:22.472"
"ABB","36.550","28","36.570","16","328","36.48","f69dd7b4-4737-4ea4-89a8-5bf8f41587e7","2022-01-21 14:59:22.472"
"ABB","36.560","34","36.560","1","328","36.48","f615b68a-9124-482b-a33e-0f658a5fc277","2022-01-21 14:59:22.472"
"ABB","36.550","67","36.560","5","328","36.48","4f4a19fe-dac1-4c6d-98e1-fe2cd8435fc7","2022-01-21 14:59:22.472"
"ABB","36.550","67","36.560","5","328","36.48","03946074-e915-428e-b5dc-2ba5e93d7aa1","2022-01-21 14:59:22.472"
"ABB","36.560","52","36.570","20","328","36.48","cf8bceff-b00c-4a6a-878a-52d949028ae1","2022-01-21 14:59:22.472"
"ABB","36.470","48","36.480","10","-328","36.48","dceb3a7d-4b1b-4f62-83b2-0459a16eab52","2022-01-21 14:59:56.550"
"ABB","36.470","48","36.480","10","-328","36.48","f79678aa-950d-426a-afef-4eac718be6b2","2022-01-21 14:59:56.550"
"ABB","36.470","48","36.480","10","-328","36.48","708410a4-c7cf-4d32-a0b5-dc794050e156","2022-01-21 14:59:56.550"
"ABB","36.470","48","36.480","10","-328","36.48","0fb78e66-460a-4b69-8503-6a00545fdd43","2022-01-21 14:59:56.550"
"ABB","36.470","48","36.480","10","-328","36.48","35a0e087-3d38-4285-806c-8424705c3461","2022-01-21 14:59:56.550"
"ABB","36.470","48","36.480","10","-328","36.48","80cb0555-8aeb-46a8-93f4-f80d3ac04c6a","2022-01-21 14:59:56.550"
"ABB","36.470","2","36.470","11","-328","36.47","5bd8c321-5818-474d-b114-495b21c4cdfb","2022-01-21 15:00:10.006"
"ABB","36.470","2","36.470","11","-328","36.47","457aa434-af9a-4bdd-9c0c-48d097d34b35","2022-01-21 15:00:10.006"
"ABB","36.470","2","36.470","11","-328","36.47","62641464-7088-4655-a36a-33b97785c39d","2022-01-21 15:00:10.006"
"ABB","36.470","2","36.470","11","-328","36.47","fc74625e-9104-4788-9ea7-e518ce0ff5f9","2022-01-21 15:00:10.006"
"ABB","36.470","2","36.470","11","-328","36.47","19be668a-e6a7-4fb6-9792-1a826b885267","2022-01-21 15:00:10.006"
"ABB","36.450","16","36.460","8","-328","36.46","9a89a2b2-a16f-4b1b-90cc-478833b03336","2022-01-21 15:00:21.131"
"ABB","36.450","16","36.460","8","-328","36.46","796bb8d6-2cb0-4221-bbeb-78f88ac11d0a","2022-01-21 15:00:21.131"
"ABB","36.450","16","36.460","8","-328","36.46","229cdbfa-95d0-4c3d-9a92-ddfccde2011f","2022-01-21 15:00:21.131"
"ABB","36.440","21","36.450","14","-328","36.45","2b51e974-4501-4f8a-8ba8-2d6f61669ff0","2022-01-21 15:00:42.453"
"ABB","36.450","10","36.460","16","-328","36.46","894a5288-d6c0-451a-b3d5-016e963aac92","2022-01-21 15:00:48.015"
"ABB","36.470","48","36.480","25","-328","36.48","54173f54-585d-4514-8568-a363ae690c34","2022-01-21 15:03:56.933"
"ABB","36.470","48","36.480","25","-328","36.48","6c170484-776e-42a4-8c23-59789f34bf18","2022-01-21 15:03:56.933"
"ABB","36.470","48","36.480","25","-328","36.48","e1828578-32eb-44b5-9d0a-f6eb295f15bb","2022-01-21 15:03:56.933"
"ABB","36.470","48","36.480","25","-328","36.48","610a61b5-9c29-4761-956c-1f88bb2ed70e","2022-01-21 15:03:56.933"
"ABB","36.470","48","36.480","25","-328","36.48","76064914-6daa-4de5-b384-07831d221dcd","2022-01-21 15:03:56.933"
"ABB","36.470","48","36.480","25","-328","36.48","acdee81b-8e98-4a81-9a46-5f23ae34f23f","2022-01-21 15:03:56.933"
"ABB","36.470","48","36.480","25","-328","36.48","c46e65d3-5b0c-424f-b135-e27931637615","2022-01-21 15:03:56.933"
"ABB","36.470","48","36.480","25","-328","36.48","ebe676f9-4c61-4b69-b66a-78f15853800c","2022-01-21 15:03:56.933"
"ABB","36.470","48","36.480","25","-328","36.48","0a6d889a-d37c-41bd-9242-eed4bc1ebc01","2022-01-21 15:03:56.933"
"ABB","36.470","48","36.480","25","-328","36.48","cf61c70c-ee61-4e90-aa42-507b7f23446a","2022-01-21 15:03:56.933"
"ABB","36.430","11","36.440","13","329","36.40","d06e41b8-5619-438d-9982-2fe7de5695a4","2022-01-21 15:27:51.736"
"ABB","36.380","24","36.390","10","-329","36.39","0f91f3c8-6ab5-4e85-88b3-ae379a51b463","2022-01-21 15:29:41.868"
"ALB","212.050","2","212.530","1","56","212.53","cd2e2f34-6851-407c-b8b3-f17f8473ecb2","2022-01-21 10:06:50.006"
"ALB","210.250","2","210.600","1","-56","210.60","979fd129-814d-4e91-82b8-efb7303240d2","2022-01-21 10:09:42.425"
"ALB","216.900","2","217.500","1","55","216.48","5810f146-627c-4dde-b192-523ea93bb97d","2022-01-21 11:14:06.616"
"ALB","216.890","1","217.230","1","55","216.48","e818117f-d5bb-4af3-8160-c7f4797722dd","2022-01-21 11:14:06.616"
"ALB","216.940","1","217.500","1","55","216.48","e61d5514-2ad9-489f-b5e4-7d7f448f7390","2022-01-21 11:14:06.616"
"ALB","216.940","1","217.510","2","55","216.48","dd752b7b-19cf-4a6b-813c-0161109889f0","2022-01-21 11:14:06.616"
"ALB","216.930","1","217.500","1","55","216.48","f204748d-e96a-4365-90f9-bd74d1a2749b","2022-01-21 11:14:06.616"
"ALB","216.190","1","216.730","1","-55","216.74","988c9aa1-2c75-49f7-8268-c629d320ff31","2022-01-21 11:14:27.406"
"ALB","216.190","1","216.730","1","-55","216.74","ad412703-231c-4771-a21a-8def5797f84a","2022-01-21 11:14:27.406"
"ALB","216.190","1","216.730","1","-55","216.74","703281e2-6a0c-41c2-8f41-4c75bbb8820b","2022-01-21 11:14:27.406"
"ALB","216.820","1","217.390","1","-55","217.55","9406060d-75a9-48de-a897-6d636ce37ee1","2022-01-21 11:15:27.634"
"ALB","216.640","1","217.180","1","-55","217.18","5418b64b-e583-47f5-a7dd-e15c0aa3822d","2022-01-21 11:16:22.897"
"ALB","218.350","1","218.930","2","55","216.59","4af1e4c8-e7b8-4a0a-863b-ca48bc9dad66","2022-01-21 11:31:37.411"
"ALB","218.400","2","218.930","1","55","216.59","8fc286ce-7a4b-410a-acd0-19bd70f84b13","2022-01-21 11:31:37.411"
"ALB","217.820","1","218.570","2","55","216.59","520111db-cfae-45a1-80c3-67cb0b8ddd14","2022-01-21 11:31:37.411"
"ALB","217.820","1","218.460","2","55","216.59","79f96638-c190-49bf-87ef-7a919f04bbbb","2022-01-21 11:31:37.411"
"ALB","217.820","1","218.330","2","55","216.59","2dc1b6fe-2938-4312-9cfe-665778efb645","2022-01-21 11:31:37.411"
"ALB","217.680","2","218.250","2","55","216.59","3ae51616-dd9f-47e5-88a1-49c2884a2abb","2022-01-21 11:31:37.411"
"ALB","217.390","1","218.020","2","55","216.59","c7dd2867-4699-49a3-8d48-e19e3cfd8f40","2022-01-21 11:31:37.411"
"ALB","216.680","1","217.160","1","-55","217.16","c6c1ab0e-c195-4ea8-9912-f2c451a3b759","2022-01-21 11:32:03.203"
"ALB","216.680","1","217.160","1","-55","217.16","5c03a22b-a831-4420-9b72-c7a0987866ab","2022-01-21 11:32:03.203"
"ALB","217.180","2","217.830","2","-55","217.83","86bdb117-1252-41e4-9dab-25a4a0e48a2a","2022-01-21 11:32:10.782"
"ALB","217.180","2","217.830","2","-55","217.83","75eb9538-a114-4717-bef7-8ebbde568d45","2022-01-21 11:32:10.782"
"ALB","217.180","2","217.830","2","-55","217.83","e9f3911a-026b-4974-a7e9-c5c89e0102d0","2022-01-21 11:32:10.782"
"ALB","217.270","1","218.050","1","-55","218.05","db760073-77f1-48a2-b166-4083dcab5661","2022-01-21 11:32:33.996"
"ALB","217.700","1","218.190","2","-55","218.19","db0029be-c205-4d2f-bc5c-0e2c209f91b1","2022-01-21 11:32:43.320"
"ALB","217.740","1","218.240","2","55","217.00","440ca124-f6ab-4e85-beaa-4a5323a34da5","2022-01-21 11:37:35.259"
"ALB","217.730","1","218.240","1","55","217.00","f828e3e6-43b9-47dc-bd0f-b0f930d863c6","2022-01-21 11:37:35.259"
"ALB","217.730","1","218.180","1","55","217.00","e5851a7a-71a8-4bb9-a525-34ddc9bb1da8","2022-01-21 11:37:35.259"
"ALB","217.210","2","217.810","2","55","217.00","39b2c574-c55c-4867-aade-696a3f5770c1","2022-01-21 11:37:35.259"
"ALB","217.160","1","217.720","1","55","217.00","692fbffb-5f31-433a-b8a6-1e9d31e31829","2022-01-21 11:37:35.259"
"ALB","218.190","1","218.640","2","55","216.60","167bf81d-cad1-4d4e-82d3-9e626283cca7","2022-01-21 11:37:38.906"
"ALB","218.190","1","218.610","2","55","216.60","e4a97f44-837e-457c-88ee-4b3b52c568df","2022-01-21 11:37:38.906"
"ALB","218.060","1","218.470","1","55","216.60","80299bea-ca98-4dae-ad88-f4fad7a777ef","2022-01-21 11:37:38.906"
"ALB","217.830","2","218.460","2","55","216.60","9dba11d0-2715-425f-9b30-81a87513f90b","2022-01-21 11:37:38.906"
"ALB","218.310","2","218.830","2","55","216.60","16e5d394-e1ec-4acd-b4f1-69684338c328","2022-01-21 11:37:38.906"
"ALB","217.760","1","218.550","1","55","216.60","a3577a06-657e-42d8-8d96-ba76515c25cf","2022-01-21 11:37:38.906"
"ALB","217.720","1","218.250","1","55","216.60","4e728c1f-bed6-4d21-99cd-cd02f209fce0","2022-01-21 11:37:38.906"
"ALB","217.720","1","218.250","1","55","216.60","804ee7bc-0b02-43ce-9521-3ba17bfb2940","2022-01-21 11:37:38.906"
"ALB","217.720","1","218.240","1","55","216.60","94bec61c-67e0-4bbe-9b86-45ee4e6422bb","2022-01-21 11:37:38.906"
"ALB","216.120","2","216.690","3","-55","216.69","f82c0355-f075-48d4-b40a-6d0964309360","2022-01-21 11:39:04.980"
"ALB","216.120","2","216.690","3","-55","216.69","7fb31b6c-e5d2-40fc-b780-b048b828552b","2022-01-21 11:39:04.980"
"ALB","216.120","2","216.690","3","-55","216.69","48a7f381-acc0-42c6-a899-547f10ac2886","2022-01-21 11:39:04.980"
"ALB","216.120","2","216.690","3","-55","216.69","f11e5383-c421-4a1b-98ec-59e534e6b3fb","2022-01-21 11:39:04.980"
"ALB","216.120","2","216.690","3","-55","216.69","4ce712da-d6bb-4cb5-9a98-ff769e882876","2022-01-21 11:39:04.980"
"ALB","216.160","1","216.650","1","-55","216.65","9e17a96c-e0c8-4a34-9be8-77b0a99c6e0e","2022-01-21 11:40:04.480"
"ALB","216.160","1","216.650","1","-55","216.65","a261993e-f2e9-471f-b8ab-ca75fbb30a0a","2022-01-21 11:40:04.480"
"ALB","216.160","1","216.650","1","-55","216.65","6d1ac1a8-0cc2-4091-9f52-0264362ab84d","2022-01-21 11:40:04.480"
"ALB","216.160","1","216.650","1","-55","216.65","c83c30c0-f9f4-4acd-b11e-d892a9bce389","2022-01-21 11:40:04.480"
"ALB","216.160","1","216.650","1","-55","216.65","2ccdcc80-f346-48e8-a6a9-cff4b2bfbb74","2022-01-21 11:40:04.480"
"ALB","216.570","2","216.900","1","-55","216.90","871250f2-9e2b-4498-9ba8-914299ff14e6","2022-01-21 11:41:04.476"
"ALB","216.570","1","216.890","2","-55","216.90","b01ec98f-cd87-4c9b-99f1-de06ebbdeca1","2022-01-21 11:41:04.476"
"ALB","216.400","2","216.930","3","-55","216.99","251020e4-eeff-4aed-9210-8628e1e9ddfe","2022-01-21 11:41:04.586"
"ALB","216.400","2","216.930","3","-55","216.99","4cf9e1ea-32c7-48a8-a1fb-90d618ce9fdb","2022-01-21 11:41:04.586"
"ALB","216.710","1","217.290","2","55","216.50","839aa163-75c2-4877-a013-6408de61023c","2022-01-21 12:03:08.497"
"ALB","217.120","1","217.580","1","55","216.50","48919938-f2a4-49f3-984c-0b682cb5a09c","2022-01-21 12:03:08.497"
"ALB","217.100","4","217.580","1","55","216.50","aa9353f7-9a58-43ad-8a78-2b11db05b424","2022-01-21 12:03:08.497"
"ALB","217.100","3","217.570","1","55","216.50","32fb799f-b2ad-4167-9425-f7075ac1b3ca","2022-01-21 12:03:08.497"
"ALB","216.660","1","217.460","1","55","216.18","692d1462-8e68-4d2c-a42c-ee6dbe66b817","2022-01-21 12:03:48.695"
"ALB","215.960","2","216.540","3","-55","216.54","6a38bf27-da8e-4f3c-b6b9-b0b4c737ec9a","2022-01-21 12:03:57.649"
"ALB","216.280","1","216.900","1","-55","216.91","85f7351a-f436-4c92-9e69-4754204d5014","2022-01-21 12:04:09.936"
"ALB","216.600","1","216.940","1","-55","216.94","831c100d-9c0a-4cd6-ab10-2f11e699a4cd","2022-01-21 12:06:00.008"
"ALB","216.800","2","217.300","1","-55","217.31","0b076859-a2b1-4953-8f0a-da7e20a84bfc","2022-01-21 12:06:12.088"
"ALB","216.670","2","217.240","2","-55","217.24","5057801d-32d6-4f3b-b5db-5e42b40c04a9","2022-01-21 12:07:26.132"
"ALB","216.280","1","216.960","1","55","216.01","7c901ae7-923c-4206-9a7a-fbfce9879ab0","2022-01-21 12:18:25.991"
"ALB","216.340","1","216.650","1","55","216.01","62071590-2e25-4e67-a483-f94cf2f75514","2022-01-21 12:18:25.991"
"ALB","216.030","2","216.560","1","55","216.01","9c1d3a40-8962-410f-ba97-ed5ba3a2769a","2022-01-21 12:18:25.991"
"ALB","216.030","2","216.560","1","55","216.01","0a3f8106-7f1d-4073-b2d0-d8c310e16eea","2022-01-21 12:18:25.991"
"ALB","215.810","2","216.310","2","-55","216.45","5db1469a-3550-4656-aa62-13e79e3cdfe4","2022-01-21 12:19:43.174"
"ALB","215.810","2","216.310","2","-55","216.45","9d15afd8-81d0-409d-a0dc-201122a90a93","2022-01-21 12:19:43.174"
"ALB","216.000","1","216.410","1","-55","216.45","17e6f6db-7b83-4f82-a239-b44d36abef6d","2022-01-21 12:19:43.174"
"ALB","215.880","1","216.450","2","-55","216.45","7e0fdcd4-6be7-474c-ad21-285bb23f4541","2022-01-21 12:19:43.174"
"ALB","216.680","2","217.240","2","55","215.30","7cef9235-22ec-4ddf-956f-5a1bc3f0791e","2022-01-21 12:20:48.383"
"ALB","216.720","2","217.210","1","55","215.30","894977a4-aa10-4918-8a6c-2d8b9e245c09","2022-01-21 12:20:48.383"
"ALB","216.810","2","217.480","2","55","215.30","e48e43ba-6b7a-4acf-a6d4-c3431e612b4d","2022-01-21 12:20:48.383"
"ALB","216.380","2","216.960","2","55","215.30","ba2428f5-4afb-4cd3-82c5-a1252dfed8a4","2022-01-21 12:20:48.383"
"ALB","215.430","1","215.970","1","-55","216.18","e084d235-66ab-40e7-8b95-db04153ff2f0","2022-01-21 12:22:06.833"
"ALB","215.430","1","215.970","1","-55","216.18","a9706f4d-52b3-40ad-96bc-20d8f0b77fd2","2022-01-21 12:22:06.833"
"ALB","215.280","1","215.900","1","-55","216.18","9c08426f-6426-4020-a49d-4d39924936bc","2022-01-21 12:22:06.833"
"ALB","215.330","1","215.810","1","-55","216.18","06583134-23df-4d22-bfdd-36080a9f3ae1","2022-01-21 12:22:06.833"
"ALB","216.730","2","217.280","1","55","216.18","5b51969d-b4c0-4c79-9bc5-aa372f5db5a6","2022-01-21 12:27:03.820"
"ALB","216.050","1","216.470","2","-55","216.50","d6d95971-0da6-43a6-8f34-76464624387c","2022-01-21 12:27:26.542"
"ALB","216.320","2","216.890","2","55","216.06","cf7179c6-0c28-4bd3-a9b1-7b2dc1946548","2022-01-21 12:30:06.795"
"ALB","216.320","2","216.800","1","55","216.06","ad5b9ba8-aa6d-4029-915c-e400458acfea","2022-01-21 12:30:06.795"
"ALB","216.210","1","216.600","1","55","216.06","347d969a-eb31-4ebe-ac28-6f6d761ccbd5","2022-01-21 12:30:06.795"
"ALB","215.700","4","216.260","1","-55","216.27","3e423634-a0ec-4e2b-aa47-034996ff1b94","2022-01-21 12:31:15.331"
"ALB","215.910","2","216.390","1","-55","216.39","26e608e9-c87d-44ca-b5de-51bc9d3a251b","2022-01-21 12:33:08.993"
"ALB","215.740","3","216.230","2","-55","216.23","8bcd5753-ba03-4ab1-897a-b5758fd7c264","2022-01-21 12:34:07.097"
"ALB","216.230","1","216.940","2","55","215.91","6a63a493-f03e-49f2-b7b1-5b8c6bf91be9","2022-01-21 12:36:35.833"
"ALB","216.810","2","217.200","1","55","215.91","af319376-3dca-4004-a7a5-c284e81906bf","2022-01-21 12:36:35.833"
"ALB","215.360","1","215.850","1","-55","215.93","0d26f986-5934-4ac0-9c7b-518255eef6f0","2022-01-21 12:37:10.207"
"ALB","215.380","1","215.850","1","-55","215.93","e5c87a91-3429-440b-862c-89d9cf3f4663","2022-01-21 12:37:10.207"
"ALB","216.110","1","216.470","2","55","215.87","ef03208f-9114-4733-b88b-02be835f818b","2022-01-21 12:43:25.749"
"ALB","216.150","1","216.460","2","55","215.50","01bca17b-89c0-48d0-83d0-934e490f6b03","2022-01-21 12:45:30.909"
"ALB","216.410","1","216.820","1","55","215.50","078c99ed-899b-43e9-adb3-a6b8f8385de6","2022-01-21 12:45:30.909"
"ALB","216.290","2","216.810","2","55","215.50","37494bdf-72b9-4618-8406-77ea8cf02f76","2022-01-21 12:45:30.909"
"ALB","216.310","1","216.760","2","55","215.50","ba768ea2-188c-45eb-ad1b-0bef725a2182","2022-01-21 12:45:30.909"
"ALB","216.160","1","216.590","1","55","215.50","adea523b-6c51-48a9-8127-6bc8a3e72795","2022-01-21 12:45:30.909"
"ALB","216.160","2","216.640","1","55","215.50","194f2b2d-e660-4cc9-8535-b2460363ddeb","2022-01-21 12:45:30.909"
"ALB","216.170","1","216.630","2","55","215.50","12356299-fbfb-4347-b558-69eb0d66b2d3","2022-01-21 12:45:30.909"
"ALB","216.210","1","216.560","2","55","215.50","470a46e4-2b3d-4eba-a3af-52979dcd4bd7","2022-01-21 12:45:30.909"
"ALB","216.110","1","216.450","1","55","215.50","275b91c0-ca06-44f9-b835-e46ba03c7d9b","2022-01-21 12:45:30.909"
"ALB","215.480","2","216.150","2","-55","216.15","dd85ed1c-b055-4eff-afa3-58ccc0098564","2022-01-21 12:45:51.430"
"ALB","216.000","4","216.470","1","-55","216.47","9ced47b9-3209-4121-afe3-e35c246e6989","2022-01-21 12:46:20.027"
"ALB","216.000","4","216.470","1","-55","216.47","acb22753-2102-4866-a08e-e6a401aaa138","2022-01-21 12:46:20.027"
"ALB","215.170","2","215.550","2","-55","215.56","2676bb30-8421-4e19-bf39-06c814403421","2022-01-21 12:47:08.545"
"ALB","215.400","2","215.690","1","-55","215.69","8b18085a-b58d-427f-a93a-6b696b0b3c98","2022-01-21 12:47:10.009"
"ALB","215.530","1","215.910","1","-55","215.92","37116e91-e924-40d5-9f96-a14b0e14000d","2022-01-21 12:47:38.578"
"ALB","215.530","1","215.910","1","-55","215.92","da0cf4e2-adc1-4257-a311-c04e064d9133","2022-01-21 12:47:38.578"
"ALB","215.530","1","215.910","1","-55","215.92","d3fc8d75-c189-491a-8781-8f73ebffab19","2022-01-21 12:47:38.578"
"ALB","215.530","1","215.970","1","-55","215.97","10b305cb-338a-4aa9-b393-ec49c07121de","2022-01-21 12:47:38.578"
"ALB","214.920","2","215.270","1","-55","215.27","a178f812-caf2-4704-86f8-9efe29e94d9d","2022-01-21 12:50:55.781"
"ALB","215.520","1","215.870","1","55","215.70","d5a3490e-009b-4791-a095-cc30074575c7","2022-01-21 13:00:24.312"
"ALB","215.490","1","215.690","1","-55","215.70","180338c7-0910-4cbd-b5c2-a2a2f1dba6a9","2022-01-21 13:02:46.403"
"ALB","215.940","1","216.260","1","55","215.24","08f231ea-2a96-45d3-8418-4d1edc829057","2022-01-21 13:18:54.183"
"ALB","216.230","2","216.730","2","55","215.24","b1f1c70b-5f19-461f-aa2c-57ca661e0382","2022-01-21 13:18:54.183"
"ALB","216.230","2","216.730","2","55","215.24","5aa2e9a6-0029-4d9d-a5e0-cc3e6578ef63","2022-01-21 13:18:54.183"
"ALB","216.230","2","216.700","2","55","215.24","2a3dd336-b37c-41ef-9fef-b7a89ca62631","2022-01-21 13:18:54.183"
"ALB","216.230","2","216.700","2","55","215.24","bf53291e-db43-4f1b-9188-59dcf65a3da1","2022-01-21 13:18:54.183"
"ALB","215.750","2","216.360","3","55","215.24","552bd5d1-b5f0-4267-a6b8-ae74bff2286d","2022-01-21 13:18:54.183"
"ALB","216.090","1","216.530","1","55","215.24","4de3c0e7-1bd5-44a7-82cf-b9506d632352","2022-01-21 13:18:54.183"
"ALB","216.070","2","216.530","1","55","215.24","2882dd9a-5a29-4fcf-92e6-e6e0ced59ebb","2022-01-21 13:18:54.183"
"ALB","215.780","1","216.140","1","55","215.24","a67758df-9ca3-427a-9554-96a1d60dd01b","2022-01-21 13:18:54.183"
"ALB","215.840","1","216.390","4","55","215.24","cea53bb6-577c-4254-97f1-5b5952e1cc77","2022-01-21 13:18:54.183"
"ALB","215.690","2","215.990","1","55","215.24","3c2e4935-d2f5-4d49-af9b-664651cee69d","2022-01-21 13:18:54.183"
"ALB","215.240","3","215.550","2","55","214.91","5b530056-9150-477a-ae2e-e124deba9cef","2022-01-21 13:19:28.708"
"ALB","214.310","2","214.930","1","-55","214.93","ea0f6acb-b959-4b74-998d-fc344bb5c307","2022-01-21 13:20:10.499"
"ALB","214.310","2","214.930","1","-55","214.93","2467207d-962b-40e8-b2c7-68075673173f","2022-01-21 13:20:10.499"
"ALB","214.310","2","214.930","1","-55","214.93","85007f71-ed0c-4a55-841b-7b53edbf37c4","2022-01-21 13:20:10.499"
"ALB","214.330","1","214.710","1","-55","214.71","002256d8-c5c0-40c6-814a-dcfd5a0d1ad6","2022-01-21 13:21:08.766"
"ALB","214.330","1","214.710","1","-55","214.71","743fafde-2560-4992-8f90-947ce5900a83","2022-01-21 13:21:08.766"
"ALB","214.330","1","214.710","1","-55","214.71","559f7871-bad4-4209-a095-c1527ffca667","2022-01-21 13:21:08.766"
"ALB","213.840","2","214.280","1","-55","214.29","e6598b8f-0ade-4149-ab16-665add0ca977","2022-01-21 13:22:39.646"
"ALB","213.840","2","214.280","1","-55","214.29","01c347c0-4211-44df-8249-c809e675361d","2022-01-21 13:22:39.646"
"ALB","213.970","1","214.320","1","-55","214.32","0a0ea020-b252-440d-82f5-e0a54d118ca1","2022-01-21 13:23:02.416"
"ALB","213.970","1","214.320","1","-55","214.32","1762d308-882a-466f-92ac-e308d94fa3eb","2022-01-21 13:23:02.416"
"ALB","214.050","1","214.320","2","-55","214.32","12ded262-6fca-4b63-8d66-7f630146a002","2022-01-21 13:23:02.416"
"ALB","214.070","1","214.320","1","-55","214.32","0dc8ccfe-12c9-452c-9ed2-a4279f34d27f","2022-01-21 13:23:02.416"
"ALB","214.540","2","215.020","2","55","215.02","f64c12cf-8da5-4dff-b36c-1768abcf2baf","2022-01-21 13:32:10.006"
"ALB","215.010","2","215.520","2","-55","215.60","9fb6df13-4e4b-4318-a3fb-c15ce66e9cbb","2022-01-21 13:37:46.771"
"ALB","215.550","2","215.930","2","55","215.00","9ccbdce9-3a6e-46de-8f92-92c69cfbc5ca","2022-01-21 13:58:31.278"
"ALB","215.550","1","215.840","1","55","215.00","3e545ecf-5c8f-4e26-8fa9-bd55fc45ef87","2022-01-21 13:58:31.278"
"ALB","215.470","1","215.790","2","55","215.00","6a725c6e-94b1-4219-9aec-b19e3606609e","2022-01-21 13:58:31.278"
"ALB","215.470","1","215.780","2","55","215.00","ba36852c-fa15-4ccb-b86d-df9e11cb2b9a","2022-01-21 13:58:31.278"
"ALB","215.260","1","215.690","3","55","215.00","19c149ce-db21-4300-a257-4e5cd57d0404","2022-01-21 13:58:31.278"
"ALB","215.030","1","215.270","1","55","214.67","dca8f5fb-e497-4c6a-8b61-dadaf1e958e3","2022-01-21 13:58:46.663"
"ALB","215.020","1","215.440","5","55","214.67","487da3e3-23f2-401c-a9ff-e1c6945d09fe","2022-01-21 13:58:46.663"
"ALB","214.880","1","215.260","1","55","214.67","77e2302a-fd6d-4e63-98da-8ec882a34443","2022-01-21 13:58:46.663"
"ALB","215.300","1","215.680","1","55","214.67","6f506215-33b9-49e1-84da-e4fc6a32ff77","2022-01-21 13:58:46.663"
"ALB","215.520","2","215.950","1","55","214.67","21a28a67-6cd9-4ff2-9e71-90e31586c370","2022-01-21 13:58:46.663"
"ALB","215.680","1","216.120","1","55","214.67","c7a3d53f-ee2a-41f0-b039-8d475045c930","2022-01-21 13:58:46.663"
"ALB","215.710","1","216.080","2","55","214.67","1e41d16f-3957-412e-a5a4-a5ed07be6482","2022-01-21 13:58:46.663"
"ALB","215.710","1","216.070","1","55","214.67","6936eb87-d880-43b0-a0d8-b5bf11c05f78","2022-01-21 13:58:46.663"
"ALB","215.270","1","215.750","2","55","214.67","719a9f36-ee29-4159-a728-8234462b46fc","2022-01-21 13:58:46.663"
"ALB","214.470","1","214.650","1","-55","214.71","9e66573d-4c2d-4a90-8e37-5bae01164a54","2022-01-21 13:59:00.562"
"ALB","214.470","1","214.650","1","-55","214.71","624bf749-5ae9-47e4-b702-c8131c0f67d6","2022-01-21 13:59:00.562"
"ALB","214.470","1","214.650","1","-55","214.71","91a61d24-653b-4d28-92bb-b999c50f24a4","2022-01-21 13:59:00.562"
"ALB","214.470","1","214.650","1","-55","214.71","7ffef1ee-ecab-4969-8ec5-80a39c7803b4","2022-01-21 13:59:00.562"
"ALB","214.470","1","214.650","1","-55","214.71","04e04686-2a75-46da-87d1-24ffa507c269","2022-01-21 13:59:00.562"
"ALB","214.470","1","214.650","1","-55","214.71","ade35e98-f12d-43f9-ae7a-0a89b3059f45","2022-01-21 13:59:00.562"
"ALB","214.370","1","214.700","1","-55","214.94","fa7ad6c4-fc2b-4461-a374-c53b516d795f","2022-01-21 13:59:39.066"
"ALB","214.370","1","214.700","1","-55","214.94","8c7590d1-2d70-4292-b29b-f0de0203892a","2022-01-21 13:59:39.066"
"ALB","214.370","1","214.700","1","-55","214.94","554fc770-6fd1-44aa-a247-7b6a22be38df","2022-01-21 13:59:39.066"
"ALB","214.680","2","215.210","1","-55","215.22","b15e76b1-96c9-46c1-9835-091c8b7b28bf","2022-01-21 14:00:04.030"
"ALB","214.680","2","215.210","1","-55","215.22","60f7993a-17cb-4a8a-a4c0-abf9d16402a2","2022-01-21 14:00:04.030"
"ALB","214.260","1","214.890","2","-55","214.90","faf6259c-0542-48cf-b447-8addf4bc6e0b","2022-01-21 14:01:44.327"
"ALB","214.260","1","214.890","2","-55","214.90","da305fe1-c0da-4375-9fea-94805c087f62","2022-01-21 14:01:44.327"
"ALB","214.270","2","214.670","2","-55","214.82","d5040d51-7c3d-44cf-8410-9fda005e0df3","2022-01-21 14:02:42.493"
"ALB","214.820","1","215.080","2","55","214.60","32d23b81-e84a-485b-91e2-cde1960e8d80","2022-01-21 14:19:22.721"
"ALB","214.710","2","215.080","2","55","214.60","ae9bcb22-0813-4a86-8ed1-2802f90646d5","2022-01-21 14:19:22.721"
"ALB","214.710","2","215.080","2","55","214.60","e1c7908d-0291-4591-8a5d-4e42fb3d545a","2022-01-21 14:19:22.721"
