"Symbol","Bid","Bid Sz","Ask","Ask Sz","Shares","Price","Order ID","Timestamp"
"AA","60.790","13","60.920","1","6","60.92","add313da-5c9c-44f9-8f20-43f857a83142","2022-01-20 09:55:20.006"
"AA","60.810","1","60.920","1","-6","60.92","d1ae096d-5461-4c7a-bf20-78d2debf4045","2022-01-20 09:55:42.176"
"AA","60.730","2","60.780","1","6","60.47","ede8a762-e0b0-4a54-996b-66a072855175","2022-01-20 10:10:18.977"
"AA","60.310","1","60.460","3","-6","60.47","435e98e6-2776-4171-86cc-63bbba9699f4","2022-01-20 10:13:05.008"
"AA","60.450","1","60.510","3","6","60.51","cde05b5b-46a4-4fa9-a3c4-13e1c9b60959","2022-01-20 10:36:30.006"
"AA","60.000","8","60.040","3","-6","60.04","8d19bb09-3fee-4fe9-b610-a21ede791d83","2022-01-20 10:39:22.927"
"AA","62.000","10","62.050","1","6","61.94","1f9f0019-9f4f-4d28-8eab-c80b2c9cc789","2022-01-20 11:19:12.612"
"AA","62.010","1","62.050","1","6","61.94","a008dd06-aac2-453f-ad87-722b2f3d019b","2022-01-20 11:19:12.612"
"AA","61.910","1","61.950","1","-6","61.95","8ca035b5-326e-412d-95c2-2a7e8e68c559","2022-01-20 11:19:30.113"
"AA","61.900","1","61.930","1","-6","61.93","25b7f235-9b94-4b37-8522-7cd3825966a0","2022-01-20 11:19:42.948"
"AA","62.220","1","62.290","2","6","62.13","679f90f2-f856-4c27-a7a3-e09c4f6ab798","2022-01-20 11:22:57.238"
"AA","62.170","1","62.250","1","-6","62.27","99f840ad-c056-49d9-8764-f28e21f7438f","2022-01-20 11:23:55.276"
"AA","62.170","1","62.240","1","6","61.99","1f91bf42-b6a1-4f15-a326-d27c1ae01769","2022-01-20 11:30:13.759"
"AA","62.190","1","62.240","1","-6","62.24","ad46ce17-fd2e-45b2-a782-51cb050281ca","2022-01-20 11:32:03.171"
"AA","63.470","2","63.500","1","6","63.35","e9ca4a4a-8731-49d5-a1a7-03bb6c800ff2","2022-01-20 12:48:44.506"
"AA","63.440","1","63.490","2","6","63.35","cd728b07-dfe5-4aa7-b076-ddc96ea7e0e4","2022-01-20 12:48:44.506"
"AA","63.390","8","63.440","1","-6","63.44","bdeab347-1418-4274-9594-f5bb9cb30b9d","2022-01-20 12:49:06.429"
"AA","63.460","3","63.510","1","-6","63.51","d64d1798-6f11-4c73-b607-749093deb319","2022-01-20 12:49:10.690"
"AA","63.630","4","63.690","2","6","63.64","7456cfd5-0c39-4bcb-973e-7d7a520ca78d","2022-01-20 12:59:02.329"
"AA","63.830","1","63.880","1","-6","63.88","44e5deae-ba74-4da8-ab5b-c667862dfa56","2022-01-20 12:59:32.530"
"AA","63.830","3","63.880","1","6","63.65","023c1c9d-18af-47be-97b6-4f6db002c161","2022-01-20 13:00:48.381"
"AA","63.830","3","63.870","1","6","63.65","d7cbfee6-ea5d-490d-ad35-95801ac4c3cb","2022-01-20 13:00:48.381"
"AA","63.800","7","63.860","1","6","63.65","f82e645c-bbdd-410b-a923-f47fe1b6deeb","2022-01-20 13:00:48.381"
"AA","63.810","5","63.870","1","6","63.65","6ca2eb0d-e321-44ff-bb98-cbc181624e23","2022-01-20 13:00:48.381"
"AA","63.770","1","63.830","1","6","63.65","b431d323-4481-4aab-9b01-f7eba6b16d4f","2022-01-20 13:00:48.381"
"AA","63.720","4","63.780","10","6","63.65","9494305c-2fa8-4c9d-a971-14894e0a6c38","2022-01-20 13:00:48.381"
"AA","63.680","4","63.710","2","-6","63.71","130efa81-c8db-4ed3-a094-ec43a136a7db","2022-01-20 13:01:10.642"
"AA","63.680","4","63.710","2","-6","63.71","63966424-3911-4fe7-a0b9-f60e029ae4e6","2022-01-20 13:01:10.642"
"AA","63.680","4","63.710","2","-6","63.71","c82bdaa6-f1a3-4dbe-bac3-bf714ecfe834","2022-01-20 13:01:10.642"
"AA","63.530","2","63.580","3","-6","63.58","9b3b1150-f0a0-43ef-84c7-538d25ebcce2","2022-01-20 13:02:19.146"
"AA","63.550","1","63.600","1","-6","63.61","b9f57342-0aba-477c-84be-5f934176b5c4","2022-01-20 13:02:35.964"
"AA","63.520","3","63.580","3","-6","63.58","a4ec46d9-374f-4b3d-956c-5e4c248078e5","2022-01-20 13:03:01.106"
"AA","63.530","1","63.580","1","6","63.45","f23b6fb8-cb6c-4975-9980-109227a3209b","2022-01-20 13:03:47.672"
"AA","63.350","1","63.400","1","-6","63.40","22e648da-6d3d-4eaf-8dd0-11c66a70fd4d","2022-01-20 13:04:21.119"
"AA","63.450","3","63.490","3","6","63.25","3d874e25-b10a-4d0a-a850-7c475a40ab6d","2022-01-20 13:04:33.520"
"AA","63.440","3","63.470","1","6","63.25","faf9ea08-7886-4361-942f-42aad5b76c31","2022-01-20 13:04:33.520"
"AA","63.280","2","63.320","1","-6","63.32","65f2e8ff-5cae-4035-9f72-73fb659b6b88","2022-01-20 13:05:00.445"
"AA","63.310","12","63.360","2","-6","63.36","0eb12280-6209-415b-9558-0883104e654a","2022-01-20 13:05:36.235"
"AA","63.480","1","63.540","1","6","63.38","798358f0-fa5a-495d-bd1e-b65a5e5ac8f2","2022-01-20 13:10:33.367"
"AA","63.540","2","63.580","2","6","63.38","8cd54654-963c-41dd-a1b8-f2a440c69610","2022-01-20 13:10:33.367"
"AA","63.490","9","63.540","2","6","63.38","54d9b775-6a66-428a-a2ea-48c303395dfc","2022-01-20 13:10:33.367"
"AA","63.500","1","63.550","20","6","63.38","a1b8a519-7b49-42ff-85df-2055ed3188c9","2022-01-20 13:10:33.367"
"AA","63.380","1","63.430","5","-6","63.43","fd4a4b87-97c8-460c-a1c2-5744f4d0f7b1","2022-01-20 13:10:56.755"
"AA","63.380","1","63.430","5","-6","63.43","70ce6113-399b-4caf-a7de-de81f0958bbb","2022-01-20 13:10:56.755"
"AA","63.410","1","63.440","1","-6","63.44","b70d8103-96f7-4622-9244-0837a8dbd689","2022-01-20 13:11:00.068"
"AA","63.430","1","63.460","2","-6","63.46","eb213d63-4f35-4926-89d6-7b8807f3708b","2022-01-20 13:13:43.486"
"AA","63.770","1","63.820","1","6","62.97","a094d7ae-fda1-41cd-b6ea-5817a1a0aa61","2022-01-20 13:23:35.154"
"AA","62.760","2","62.810","1","-6","62.83","23865d79-cc2e-4372-b34e-1c25688da8f4","2022-01-20 13:30:10.806"
"AA","62.940","1","62.990","2","6","62.99","bfd6d302-e479-4aa5-af5c-927b74c9c8ca","2022-01-20 13:35:10.006"
"AA","62.920","1","62.960","1","-6","62.96","7b2c33a9-b9fd-4895-ad72-8a96b440e137","2022-01-20 13:37:20.521"
"AA","62.990","1","63.040","1","6","62.83","bb22f73a-d47f-4496-8717-b1976f2b8c82","2022-01-20 13:45:41.858"
"AA","63.000","1","63.030","2","6","62.83","393a4e93-a8be-4291-ba2d-054d1f93b12a","2022-01-20 13:45:41.858"
"AA","62.990","6","63.030","2","6","62.83","fbc0b62a-c761-46c7-8c53-9b9d53d52d0d","2022-01-20 13:45:41.858"
"AA","63.000","2","63.040","2","6","62.83","9ef18ebd-3b5d-4ecf-ab07-c2f90218c894","2022-01-20 13:45:41.858"
"AA","63.120","1","63.160","1","6","62.79","2320ce27-4f93-45ef-81f3-e10b4a4aeeeb","2022-01-20 13:45:41.872"
"AA","62.890","4","62.940","2","-6","62.94","0218214a-24be-46ec-924e-bbc14b293067","2022-01-20 13:46:07.613"
"AA","62.890","4","62.940","2","-6","62.94","2323182b-91e3-4fa4-ac9d-a781b13e1dca","2022-01-20 13:46:07.613"
"AA","62.890","4","62.940","2","-6","62.94","89edc7be-2d17-4efe-a081-caf61dfd7b30","2022-01-20 13:46:07.613"
"AA","62.900","1","62.950","1","-6","62.95","531ca2dd-692e-4268-91c2-85dc8de86a51","2022-01-20 13:46:23.258"
"AA","62.870","4","62.930","2","-6","62.93","ba3d9e09-580e-491d-991d-7a7ed8523f79","2022-01-20 13:47:17.321"
"AA","62.990","5","63.020","3","6","62.89","7901a1a3-cce1-4e32-9fdb-8fb35317d53a","2022-01-20 13:57:09.626"
"AA","62.970","1","63.020","3","6","62.89","9910ecf9-8739-4ab6-81ec-de68cfae9e44","2022-01-20 13:57:09.626"
"AA","62.870","3","62.910","2","-6","62.91","ade484ee-730e-4423-8182-21b49d18177b","2022-01-20 13:58:15.980"
"AA","62.870","3","62.910","2","-6","62.91","dc1f7252-e161-4a1f-95b7-4ec92c61c870","2022-01-20 13:58:15.980"
"AA","62.990","5","63.020","3","6","62.83","50d0b487-db42-4de8-90de-53dc1204f1fa","2022-01-20 13:58:29.960"
"AA","62.990","1","63.030","3","6","62.77","ebd7989d-99a2-466c-ba18-495bca2f93fe","2022-01-20 13:58:42.156"
"AA","62.980","3","63.010","1","6","62.77","23fbf9c3-5a62-4ff8-9553-afb1ef0d7cb3","2022-01-20 13:58:42.156"
"AA","62.980","1","63.020","1","6","62.74","e0bda675-592f-4a84-9028-23844db15693","2022-01-20 13:58:43.713"
"AA","62.960","1","63.020","3","6","62.74","31535823-918b-4f74-9077-d531f479f3bd","2022-01-20 13:58:43.713"
"AA","62.920","1","62.980","4","6","62.74","6bc3ad6b-fbde-4e41-8d92-be7ba017ce6b","2022-01-20 13:58:43.713"
"AA","63.010","1","63.050","2","6","62.74","fa0840c7-63b7-4058-83d5-efa68a095f15","2022-01-20 13:58:43.713"
"AA","62.800","1","62.840","1","-6","62.84","de66d9c0-4017-47b6-bed0-072ab9b4c2f2","2022-01-20 13:59:04.221"
"AA","62.800","1","62.840","1","-6","62.84","1315438c-2c1f-4b2b-ac1b-98893b47e4eb","2022-01-20 13:59:04.221"
"AA","62.800","1","62.840","1","-6","62.84","f8c8f593-289d-4000-aaf1-4af4fa0e9862","2022-01-20 13:59:04.221"
"AA","62.800","1","62.840","1","-6","62.84","b349938c-f69f-46b9-8c35-7e65e2fa1216","2022-01-20 13:59:04.221"
"AA","62.830","1","62.870","2","-6","62.87","e140ca07-320e-4369-95a9-9b161f3caf1b","2022-01-20 13:59:13.787"
"AA","62.830","1","62.870","2","-6","62.87","a7c16107-0cb8-492f-af1e-aba1d26be68d","2022-01-20 13:59:13.787"
"AA","62.800","3","62.840","1","-6","62.84","4cab7703-3d5d-46d3-8924-c52e2b903943","2022-01-20 13:59:22.416"
"AA","63.070","2","63.110","1","6","62.85","c949d23a-99c0-4e22-a2a8-c80970ce291a","2022-01-20 14:11:16.784"
"AA","63.050","2","63.100","1","6","62.85","c5b45668-478a-4e9d-abd1-7f34e850b1a3","2022-01-20 14:11:16.784"
"AA","62.960","1","63.000","3","6","62.85","b2de057f-efc6-4dfb-a6c0-b9caf34c6542","2022-01-20 14:11:16.784"
"AA","63.010","3","63.040","1","6","62.85","08ecde59-ad22-4850-9748-29386b544a08","2022-01-20 14:11:16.784"
"AA","63.000","3","63.030","2","6","62.85","dcdfda61-54dc-41fd-a07c-6380eeb531ec","2022-01-20 14:11:16.784"
"AA","62.660","3","62.700","2","-6","62.70","966e63b0-949a-4d1f-aafa-4d6550acace6","2022-01-20 14:12:45.995"
"AA","62.660","5","62.690","2","-6","62.69","2fb072ca-3fe2-472f-8736-7d28cf6b86ae","2022-01-20 14:12:52.217"
"AA","62.660","5","62.690","2","-6","62.69","def74705-2e3e-44bf-828b-3f181b8d9b1f","2022-01-20 14:12:52.217"
"AA","62.690","1","62.720","2","-6","62.72","20b0de04-b503-4996-99c9-45008a6c9769","2022-01-20 14:13:00.095"
"AA","62.560","3","62.600","1","-6","62.60","fc1eb580-4eb4-4dff-855a-38913213d2cd","2022-01-20 14:13:31.110"
"AA","62.180","1","62.200","2","6","62.10","a7c03f48-b580-4e71-9e6e-42bcd9d6bef3","2022-01-20 15:16:28.487"
"AA","62.100","2","62.140","1","-6","62.14","87695d86-34f9-4e70-8126-98176b36fd99","2022-01-20 15:17:29.359"
"AA","62.190","1","62.250","1","6","62.08","1430268b-9a58-49db-9c4a-319cef23f300","2022-01-20 15:21:23.699"
"AA","62.240","1","62.280","1","6","62.07","6a4c363e-0755-4d46-af4f-979272ef0668","2022-01-20 15:21:26.710"
"AA","62.100","2","62.130","2","-6","62.13","9cee9d7d-13d8-4447-b4c8-59dd014ff007","2022-01-20 15:21:50.849"
"AA","62.120","10","62.150","1","-6","62.15","9d983996-9df4-4afb-bf8a-53eca0377504","2022-01-20 15:22:00.297"
"AG","11.910","16","11.920","20","27","11.92","a92cf05d-344d-4c0f-afd5-655fc6686319","2022-01-20 09:54:30.006"
"AG","11.940","19","11.950","10","27","11.90","9e525792-0862-407e-aba8-885c02b537e4","2022-01-20 09:54:38.942"
"AG","11.840","26","11.850","579","-27","11.85","41ddfee7-c7f9-42f5-83a3-5b3e38292c7f","2022-01-20 09:55:44.000"
"AG","11.840","24","11.850","525","-27","11.85","a56ce2a0-8216-4026-9eab-5076ab56d1ee","2022-01-20 09:55:54.850"
"AG","12.000","12","12.010","20","27","11.86","b7a03253-ee87-4552-838c-a445cc0646ad","2022-01-20 10:01:36.597"
"AG","11.900","13","11.910","38","-27","11.91","4f86bdaf-df12-4dcf-95c3-80c803d901bc","2022-01-20 10:02:23.371"
"AG","12.070","19","12.080","57","27","12.01","0110fa9c-e212-4ad1-b4e8-5e443694d940","2022-01-20 10:53:44.378"
"AG","12.070","30","12.080","39","27","12.01","40de3055-4296-4a4e-99f5-3fab7516715a","2022-01-20 10:53:44.378"
"AG","12.080","36","12.090","54","27","12.01","a357fd1d-f945-4230-9650-2c7016a18166","2022-01-20 10:53:44.378"
"AG","12.100","25","12.110","42","27","12.01","866eba06-f3ab-4eea-acd8-a92ed81d48d8","2022-01-20 10:53:44.378"
"AG","12.100","33","12.110","23","27","12.01","dd1aa209-1170-42ab-a56b-099c9e4b5093","2022-01-20 10:53:44.378"
"AG","12.070","47","12.080","17","27","12.01","82ea5a33-e2a5-4b4c-8cf4-c42831f1245a","2022-01-20 10:53:44.378"
"AG","12.000","20","12.010","33","-27","12.01","c8ea8c5a-a726-4848-bb36-1b9fd2b13868","2022-01-20 10:54:24.993"
"AG","12.000","20","12.010","33","-27","12.01","598be126-d590-4215-b446-9ccb3a894209","2022-01-20 10:54:24.993"
"AG","12.000","20","12.010","33","-27","12.01","0b6a71e1-3c50-4da6-92ae-9bb264bb0624","2022-01-20 10:54:24.993"
"AG","12.000","41","12.010","17","-27","12.01","bbd9c13c-3b8b-4d1f-9e2c-c2950ab2f338","2022-01-20 10:54:30.331"
"AG","12.000","41","12.010","17","-27","12.01","7c859bad-01e2-4fd2-a4a0-8fb88e74aa7f","2022-01-20 10:54:30.331"
"AG","12.000","35","12.010","7","-27","12.01","43729608-d0eb-4458-8913-6e2710dd7f4b","2022-01-20 10:54:44.669"
"AG","12.060","67","12.070","1","27","11.99","e48f0287-0724-45f0-ac9d-d8e6b44cf482","2022-01-20 10:56:50.296"
"AG","12.070","49","12.080","41","27","11.99","3152a697-aa8e-40a9-9b08-58d0dbcdc1a1","2022-01-20 10:56:50.296"
"AG","12.070","19","12.080","48","27","11.99","5609fd9e-7f1a-4fd2-b649-fe49db1a1c64","2022-01-20 10:56:50.296"
"AG","12.070","35","12.080","15","27","11.99","ab24b53a-aefc-4c37-ba87-85af7268bc88","2022-01-20 10:56:50.296"
"AG","12.070","61","12.080","3","27","11.99","cc6357a7-6a5c-4196-9138-77455653fd1d","2022-01-20 10:56:50.296"
"AG","12.060","29","12.070","26","27","11.99","c89a17c6-1293-4803-a611-40153d7f3d57","2022-01-20 10:56:50.296"
"AG","12.010","15","12.020","29","-27","12.02","ddeec512-7f74-4b54-b54e-81547db68402","2022-01-20 10:57:20.082"
"AG","12.010","15","12.020","29","-27","12.02","b8474bec-be88-4494-9de0-cde0ff845b02","2022-01-20 10:57:20.082"
"AG","12.010","15","12.020","29","-27","12.02","33113fda-2442-4d3b-ba04-c9cda8da584b","2022-01-20 10:57:20.082"
"AG","12.010","12","12.020","50","-27","12.02","f9a8418e-5e3f-448b-9bbd-ad502b2c0c96","2022-01-20 10:57:47.278"
"AG","12.010","36","12.020","15","-27","12.02","8873bcac-5d40-4dd8-a36b-bc457c60690e","2022-01-20 10:57:53.098"
"AG","12.010","35","12.020","16","-27","12.02","622455bd-93fa-4891-9c15-a428fd63ac08","2022-01-20 10:58:01.958"
"AG","12.030","29","12.040","13","27","12.00","35b6b156-c20b-41ac-985e-ae0f2c11c13a","2022-01-20 11:05:47.030"
"AG","12.030","31","12.040","39","27","12.00","ed676e4a-4433-4165-8e61-91724c8b20a0","2022-01-20 11:05:47.030"
"AG","12.030","51","12.040","11","27","11.99","261b0e4b-c56d-4a94-ae65-7172e83d84a2","2022-01-20 11:05:52.112"
"AG","12.050","29","12.060","28","27","11.99","14c61606-b391-455d-b79b-a30bd50cbe34","2022-01-20 11:05:52.112"
"AG","11.980","38","11.990","18","-27","11.99","e9b94498-9cf2-40fb-9c9c-95ef60d4d37f","2022-01-20 11:06:28.628"
"AG","11.980","38","11.990","18","-27","11.99","15591bac-4b82-467c-a55a-5d996123c661","2022-01-20 11:06:28.628"
"AG","12.030","17","12.040","38","27","11.96","092ffc5c-c8d3-44d9-a12e-fab64edab857","2022-01-20 11:07:01.065"
"AG","12.030","10","12.040","51","27","11.96","16b58292-5dc7-4bcc-a683-6015208af868","2022-01-20 11:07:01.065"
"AG","12.030","3","12.040","65","27","11.96","d98b0698-515e-4f59-94a8-6a2c21341589","2022-01-20 11:07:01.065"
"AG","12.020","36","12.030","33","27","11.96","946ca427-bd26-43a2-a0c5-e11d4497d1d1","2022-01-20 11:07:01.065"
"AG","12.020","54","12.030","12","27","11.96","f3febdbb-f2f2-4dde-97fc-d3c0cd3decc0","2022-01-20 11:07:01.065"
"AG","12.020","53","12.030","12","27","11.96","e5fbcf35-6534-44af-a376-bbd60f7bfcb8","2022-01-20 11:07:01.065"
"AG","12.030","22","12.040","32","27","11.95","ec2e3f7f-f908-40bc-9e58-8fc49735765d","2022-01-20 11:07:23.145"
"AG","12.020","26","12.030","46","27","11.95","9724c1e2-6840-4abc-9bc8-15a7cfc35eda","2022-01-20 11:07:23.145"
"AG","12.020","42","12.030","14","27","11.95","c16b5932-5c4d-47a3-8380-4a2527552a80","2022-01-20 11:07:23.145"
"AG","12.020","39","12.030","18","27","11.95","f3fe0817-c93f-4a36-b499-a5b93b7e975b","2022-01-20 11:07:23.145"
"AG","11.940","19","11.950","51","-27","11.95","248540b9-ce3a-4946-a443-dbb13a5cb17e","2022-01-20 11:07:33.662"
"AG","11.940","19","11.950","51","-27","11.95","d665c70e-ad7c-4e41-b43b-8fde857b11a5","2022-01-20 11:07:33.662"
"AG","11.940","18","11.950","31","-27","11.95","712e9a46-7ca5-4720-8822-2ac9943be861","2022-01-20 11:08:13.291"
"AG","11.940","21","11.950","32","-27","11.95","474f51c4-1bab-4b7a-9bba-30da1b967c8b","2022-01-20 11:08:13.291"
"AG","11.950","30","11.960","27","-27","11.96","a39eb54e-6c86-46f6-90dd-75923fb63018","2022-01-20 11:09:25.706"
"AG","11.950","30","11.960","27","-27","11.96","c3cd564a-764e-4323-b3f1-0006640a1303","2022-01-20 11:09:25.706"
"AG","11.950","30","11.960","27","-27","11.96","07478cd9-377d-4cae-ac7a-d60880920264","2022-01-20 11:09:25.706"
"AG","11.950","30","11.960","27","-27","11.96","3c9d46b4-5005-49ea-924e-0e6609df9454","2022-01-20 11:09:25.706"
"AG","11.950","47","11.960","8","-27","11.96","3e44ab4c-cc00-49f7-b6a9-6a38b9055f56","2022-01-20 11:09:30.327"
"AG","11.950","47","11.960","8","-27","11.96","44e0569c-156d-43e4-83d0-7eb88d247d09","2022-01-20 11:09:30.327"
"AG","11.930","67","11.940","29","-27","11.94","6c20860a-d1a5-43cc-9026-0bc6fbf74333","2022-01-20 11:10:29.987"
"AG","11.930","68","11.940","12","-27","11.94","618e1b04-5f87-4493-a329-92bf678fc158","2022-01-20 11:11:26.492"
"AG","12.010","21","12.020","20","27","11.88","68043e64-593a-42bf-96a3-94cfc04fd2d9","2022-01-20 11:12:54.455"
"AG","11.890","28","11.900","41","-27","11.90","8ca924af-7ee5-41c6-895f-1d691c318011","2022-01-20 11:14:00.347"
"AG","11.950","2","11.960","15","27","11.78","9c0459bf-a59b-4c00-96d8-65cc66be3283","2022-01-20 11:35:36.636"
"AG","11.950","7","11.960","18","27","11.78","603e2492-f739-49cb-a20a-e400183f2f56","2022-01-20 11:35:36.636"
"AG","11.950","2","11.960","38","27","11.78","2856ff72-8fd5-42c1-b9d3-e1d198618b5e","2022-01-20 11:35:36.636"
"AG","11.960","22","11.970","13","27","11.78","090c6cb8-b310-4b96-865e-5a6984849dce","2022-01-20 11:35:36.636"
"AG","11.960","21","11.970","22","27","11.78","2987671d-883b-41fb-a35d-3a3d561acf1c","2022-01-20 11:35:36.636"
"AG","11.960","8","11.970","40","27","11.78","f00aa4ed-7747-4f3b-a5c9-f1e826dad50a","2022-01-20 11:35:36.636"
"AG","11.980","4","11.990","19","27","11.78","9c77a3e6-2aeb-47f3-9b4c-4c25ff8a7151","2022-01-20 11:35:36.636"
"AG","11.970","2","11.980","24","27","11.78","99f4f001-393a-4ccf-9af1-fdb113c67374","2022-01-20 11:35:36.636"
"AG","11.970","2","11.980","23","27","11.78","7ea48d9d-69f0-44cf-b4ec-8eac9bae6df7","2022-01-20 11:35:36.636"
"AG","11.990","15","12.000","60","27","11.78","b8dcd8ed-33c4-4241-9f56-e60979a41b1e","2022-01-20 11:35:36.636"
"AG","11.990","2","12.000","62","27","11.78","5e0ece0e-3ee6-4c68-a2e6-6d146792d3a5","2022-01-20 11:35:36.636"
"AG","11.750","24","11.760","20","-27","11.76","4c35986e-0162-42c7-abe4-9a199a25749f","2022-01-20 11:36:01.072"
"AG","11.750","24","11.760","20","-27","11.76","783fc3ab-2dde-4a68-b4c8-f88bb0ad720a","2022-01-20 11:36:01.072"
"AG","11.750","24","11.760","20","-27","11.76","f296fc72-1b9a-47a6-a966-e9b9a79b27fa","2022-01-20 11:36:01.072"
"AG","11.750","24","11.760","20","-27","11.76","1aa8d8c1-c553-480d-84fd-c4157a20bb02","2022-01-20 11:36:01.072"
"AG","11.750","24","11.760","20","-27","11.76","78ad6230-19de-474e-8758-d41f678406ac","2022-01-20 11:36:01.072"
"AG","11.750","24","11.760","20","-27","11.76","a9be9174-b29d-44e0-850b-19429097683d","2022-01-20 11:36:01.072"
"AG","11.770","32","11.780","39","-27","11.78","17bec7c4-8900-4f14-8100-2797f9017e9c","2022-01-20 11:36:18.137"
"AG","11.770","32","11.780","39","-27","11.78","213c73f8-211b-4172-bc3d-31302504d204","2022-01-20 11:36:18.137"
"AG","11.770","32","11.780","39","-27","11.78","5d1abebf-d90f-4525-ada5-566a9074fb5d","2022-01-20 11:36:18.137"
"AG","11.770","39","11.780","13","-27","11.78","f10fd623-3b59-4b5f-9d0e-01ce8c993332","2022-01-20 11:36:21.685"
"AG","11.770","23","11.780","14","-27","11.78","0d155594-d950-464d-93e0-a9855777ef0d","2022-01-20 11:37:03.795"
"AG","11.990","37","12.000","19","27","12.00","b9d975dd-8b07-46b9-81a4-3f61a420f89b","2022-01-20 12:37:10.006"
"AG","11.990","6","12.000","80","-27","12.00","56228dd3-a975-47e7-9871-4534bdc354d7","2022-01-20 12:38:12.814"
"AG","11.990","49","12.000","11","27","11.98","fb71e692-7d75-4631-b8bd-2bae7aac8418","2022-01-20 13:02:32.051"
"AG","11.970","53","11.980","13","-27","11.98","9072b1ba-b024-45a1-9459-c950f8c5d0ed","2022-01-20 13:03:26.350"
"AG","12.030","22","12.040","62","27","11.97","41780e3d-2943-4ddd-af80-dc5dc9fd157c","2022-01-20 13:03:29.036"
"AG","12.030","30","12.040","39","27","11.97","d6f2a979-530e-4cd7-9ddf-ddf9004ac9cb","2022-01-20 13:03:29.036"
"AG","12.030","30","12.040","39","27","11.97","00a63926-efa9-47e8-824f-38e894804a1b","2022-01-20 13:03:29.036"
"AG","12.030","75","12.040","1","27","11.97","c1858bcb-b17b-44f6-9abd-36043edb22a1","2022-01-20 13:03:29.036"
"AG","12.030","52","12.040","11","27","11.97","8e23be3b-9f8f-4015-821e-8e394885e969","2022-01-20 13:03:29.036"
"AG","12.030","37","12.040","14","27","11.97","e6ca6c99-3ec7-4eb4-ac29-548d1982e5bc","2022-01-20 13:03:29.036"
"AG","12.030","30","12.040","28","27","11.97","7293abb3-e2e4-4ad2-ae17-3fe87814445b","2022-01-20 13:03:29.036"
"AG","12.030","35","12.040","29","27","11.97","eabb6303-289c-48e5-ab09-fef635eba3d4","2022-01-20 13:03:29.036"
"AG","12.020","36","12.030","52","27","11.97","b57d68a8-5d0d-4806-b15e-0eb55d091f90","2022-01-20 13:03:29.036"
"AG","12.020","44","12.030","26","27","11.97","9e081dc2-62ee-4934-81ca-78e9f40126f8","2022-01-20 13:03:29.036"
"AG","12.020","18","12.030","58","27","11.97","333909ae-e433-42ed-ab0e-747bff248c72","2022-01-20 13:03:29.036"
"AG","12.020","3","12.030","78","27","11.97","b33b5b68-a4fc-4c3d-a88a-6c44cf7cb97e","2022-01-20 13:03:29.036"
"AG","12.000","28","12.010","38","27","11.97","833fed99-815f-420f-8aff-a4869e583242","2022-01-20 13:03:29.036"
"AG","11.940","58","11.950","12","-27","11.95","3c5bb000-0c4d-4dea-a3fc-b48a3c0be5c5","2022-01-20 13:04:01.032"
"AG","11.940","58","11.950","12","-27","11.95","c4f70406-bd97-4d4b-86ae-04146ce3d27e","2022-01-20 13:04:01.032"
"AG","11.940","58","11.950","12","-27","11.95","ac982145-440f-45bd-a3ee-e197f833ebd7","2022-01-20 13:04:01.032"
"AG","11.940","58","11.950","12","-27","11.95","d74955c2-7ada-4054-bc13-65402889b7c6","2022-01-20 13:04:01.032"
"AG","11.940","58","11.950","12","-27","11.95","6f189550-f2af-4b25-b757-2fd5a2b8b853","2022-01-20 13:04:01.032"
"AG","11.940","58","11.950","13","-27","11.95","f53f1268-bb42-4fd5-9f30-085b318007c9","2022-01-20 13:04:14.576"
"AG","11.940","58","11.950","13","-27","11.95","868f4d76-6496-4d7b-a50e-7b9e692cf544","2022-01-20 13:04:14.576"
"AG","11.940","58","11.950","13","-27","11.95","e2266475-39c7-4f84-bbba-33bbe41605d7","2022-01-20 13:04:14.576"
"AG","11.940","58","11.950","13","-27","11.95","708defed-2e0c-4fd2-b612-3b6e3b0ed0d8","2022-01-20 13:04:14.576"
"AG","11.940","73","11.950","5","-27","11.95","b7aa630d-410b-46db-9e8e-7dd02e408497","2022-01-20 13:04:26.144"
"AG","11.940","73","11.950","5","-27","11.95","f37663cc-5b22-42a2-acaa-a0e714ef441f","2022-01-20 13:04:26.144"
"AG","11.940","67","11.950","5","-27","11.95","880460c9-0781-45a0-bc32-faf0c4b60314","2022-01-20 13:04:31.116"
"AG","11.950","49","11.960","17","-27","11.96","f6580fe2-d4ff-463b-84bb-d5c321f7c68c","2022-01-20 13:04:49.906"
"AG","11.980","12","11.990","50","27","11.95","e1ff9cf6-94e3-4b22-9037-516b818a7601","2022-01-20 13:32:35.984"
"AG","11.990","59","12.000","4","27","11.95","5578b218-f1c7-4d4d-b5af-40407794fa15","2022-01-20 13:32:35.984"
"AG","11.990","8","12.000","58","27","11.95","7da30c18-8ff0-419c-a811-786e29c42967","2022-01-20 13:32:35.984"
"AG","11.990","6","12.000","66","27","11.95","e5aca500-9896-44dd-ac1a-099faae7104e","2022-01-20 13:32:35.984"
"AG","11.990","4","12.000","64","27","11.95","39806ea8-3faf-437f-b64d-205983e331fb","2022-01-20 13:32:35.984"
"AG","11.980","2","11.990","70","27","11.95","2357c96f-7dd9-4c87-a4e4-c7dea5df6040","2022-01-20 13:32:35.984"
"AG","11.980","2","11.990","70","27","11.95","b0b72870-e55b-4685-94b5-561e01d61d36","2022-01-20 13:32:35.984"
"AG","11.980","2","11.990","70","27","11.95","d49f6722-3601-4816-8ec8-c0a4f7b3ccef","2022-01-20 13:32:35.984"
"AG","11.980","45","11.990","28","27","11.95","23b332f4-f44a-4bfd-a0d9-26aaac45bd79","2022-01-20 13:32:35.984"
"AG","11.990","44","12.000","10","27","11.93","936fb6c9-ab18-4086-bf4f-4093384ef846","2022-01-20 13:33:11.715"
"AG","11.920","29","11.930","31","-27","11.93","4f1144ee-edb3-4a7e-b26b-fe1a19118d1f","2022-01-20 13:35:11.836"
"AG","11.930","24","11.940","21","-27","11.94","ece6ed04-a28b-44b3-8c34-b7a18ca2aa9a","2022-01-20 13:35:14.379"
"AG","11.930","24","11.940","21","-27","11.94","1f52a550-f761-4396-aa94-ef1d6449dbe8","2022-01-20 13:35:14.379"
"AG","11.930","24","11.940","21","-27","11.94","2284ad72-fa55-41b5-8c24-b923669e65f4","2022-01-20 13:35:14.379"
"AG","11.930","24","11.940","21","-27","11.94","1736ed6d-2cbe-4973-8b8f-353c8a6ca243","2022-01-20 13:35:14.379"
"AG","11.930","24","11.940","21","-27","11.94","02e50e7b-8dec-4ece-831f-e790105f7e33","2022-01-20 13:35:14.379"
"AG","11.930","24","11.940","21","-27","11.94","76063988-33aa-4afa-a59b-139e69f093f2","2022-01-20 13:35:14.379"
"AG","11.930","24","11.940","21","-27","11.94","7d7a7b81-dbf0-448c-a806-eb9877ead03f","2022-01-20 13:35:14.379"
"AG","11.930","24","11.940","21","-27","11.94","3b57e9c3-54f5-4980-b729-36a7bdeca309","2022-01-20 13:35:14.379"
"AG","11.930","40","11.940","10","-27","11.94","2edaf953-e4a2-4bd1-bf9c-80c2447f849a","2022-01-20 13:35:56.855"
"AG","11.940","29","11.950","33","27","11.95","38b3478b-c252-4c00-abfe-8bca29fa196c","2022-01-20 13:43:30.006"
"AG","11.930","25","11.940","35","-27","11.94","d2508b3d-9b8b-40d1-b76f-737cab504845","2022-01-20 13:46:30.926"
"AG","11.970","45","11.980","15","27","11.96","1030ebd5-554e-432b-b1a6-646a36d43114","2022-01-20 14:12:15.476"
"AG","11.980","68","11.990","16","27","11.96","472f0e62-4abd-4f86-9168-35151acafb3d","2022-01-20 14:12:15.476"
"AG","11.980","19","11.990","61","27","11.96","9840ebd8-a304-4cc9-aef8-f15c38aab18c","2022-01-20 14:12:15.476"
"AG","11.970","44","11.990","73","27","11.96","091844c1-e42a-4d9e-b88d-0e20564d3a6d","2022-01-20 14:12:15.476"
"AG","11.970","44","11.990","73","27","11.96","eed94d1d-e40f-4858-99c6-ee43a56c13cf","2022-01-20 14:12:15.476"
"AG","11.970","11","11.980","46","27","11.96","f4f6a405-1a7e-4005-9948-ca91686d7150","2022-01-20 14:12:15.476"
"AG","11.990","5","12.000","61","27","11.94","febb184c-07b1-4e11-9e61-54909c40754c","2022-01-20 14:12:37.966"
"AG","11.990","35","12.000","33","27","11.94","7958156e-57c6-4f80-8edd-f086d318721a","2022-01-20 14:12:37.966"
"AG","11.990","16","12.000","38","27","11.94","c82eca4b-812c-4681-8739-337fb7ab4588","2022-01-20 14:12:37.966"
"AG","11.990","56","12.000","25","27","11.94","d6f2c936-751c-47e5-8b4a-db62a3c42209","2022-01-20 14:12:37.966"
"AG","11.990","56","12.000","25","27","11.94","5f26b3ef-85a7-423e-b1aa-a9c37c1e0e79","2022-01-20 14:12:37.966"
"AG","11.990","34","12.000","22","27","11.94","f7eeb001-4733-4f95-8bf0-3d246d320d91","2022-01-20 14:12:37.966"
"AG","11.930","42","11.940","19","-27","11.94","a01d5437-ba32-45b5-a054-0db701ab538e","2022-01-20 14:12:59.776"
"AG","11.930","34","11.940","31","-27","11.94","9202c2a1-48e7-4c85-ad2e-bb4be0cf2c1a","2022-01-20 14:13:10.681"
"AG","11.930","34","11.940","31","-27","11.94","2770095c-be2d-43f4-b98e-d5561f6835e5","2022-01-20 14:13:10.681"
"AG","11.930","34","11.940","31","-27","11.94","053419ee-20ad-447f-8cad-badeecff862f","2022-01-20 14:13:10.681"
"AG","11.930","34","11.940","31","-27","11.94","08d183c7-f70d-4b09-9e79-06eda5ac742c","2022-01-20 14:13:10.681"
"AG","11.930","34","11.940","31","-27","11.94","2b58f74e-87f8-4f78-9e6d-6e0074a1ba9e","2022-01-20 14:13:10.681"
"AG","11.930","34","11.940","31","-27","11.94","2bb1187b-4067-4884-b109-a01d1c08c06e","2022-01-20 14:13:10.681"
"AG","11.910","27","11.920","25","-27","11.92","04d426d7-59c2-490b-93fd-954b3f078a8f","2022-01-20 14:13:36.818"
"AG","11.910","86","11.920","1","-27","11.92","ec8f4eb8-5754-448b-a2b2-ffdb120c37b2","2022-01-20 14:13:43.829"
"AG","11.910","86","11.920","1","-27","11.92","6c00a755-202b-48d5-8a27-e75b45813c65","2022-01-20 14:13:43.829"
"AG","11.890","42","11.900","13","-27","11.90","c2d539ab-6502-45e0-9283-cf4826ea9d4b","2022-01-20 14:15:10.133"
"AG","11.900","39","11.910","58","-27","11.91","c4d0787f-1f1b-4a5c-a546-8a2cc9ee2915","2022-01-20 14:15:26.802"
"AG","11.940","14","11.950","59","27","11.95","ad6faa90-5a8a-4b3c-afc0-cafe3a7580d8","2022-01-20 14:25:00.006"
"AG","11.910","35","11.920","16","-27","11.92","43d1d50a-743d-4b0a-87bf-c1ee7de57e2b","2022-01-20 14:28:23.828"
"AG","11.920","22","11.930","55","27","11.90","5dbb1b6c-640a-455e-87ce-082e6a752865","2022-01-20 14:41:25.161"
"AG","11.920","29","11.930","25","27","11.90","98663a39-f75a-4d71-a960-747bda9f92cd","2022-01-20 14:41:25.161"
"AG","11.940","85","11.950","23","27","11.89","49aba3a0-0988-4150-9479-41e27c6a77bd","2022-01-20 14:42:01.979"
"AG","11.930","35","11.940","51","27","11.89","954534ae-b6f4-4ad7-9492-ec9eb02dfcc1","2022-01-20 14:42:01.979"
"AG","11.930","21","11.940","42","27","11.89","e7f0defd-3a35-4679-8b88-cae9752e48d8","2022-01-20 14:42:01.979"
"AG","11.940","37","11.950","34","27","11.89","5aaf8384-8e95-4ff2-ba5a-e8f681aedc44","2022-01-20 14:42:01.979"
"AG","11.940","3","11.950","65","27","11.89","c218b603-054a-40ef-9636-bc1b4fcb6a71","2022-01-20 14:42:01.979"
"AG","11.920","20","11.930","39","27","11.89","0d9bd9fd-2782-4187-a514-c55be017a368","2022-01-20 14:42:01.979"
"AG","11.930","11","11.940","61","27","11.89","45d32349-a429-42af-96eb-6c624a151082","2022-01-20 14:42:01.979"
"AG","11.930","22","11.940","53","27","11.89","78acdbb3-8211-4dad-963b-5fe6cb712378","2022-01-20 14:42:01.979"
"AG","11.930","11","11.940","61","27","11.89","a5410391-7b44-40df-9cb3-96daac52c68e","2022-01-20 14:42:01.979"
"AG","11.930","11","11.940","61","27","11.89","3f4a5602-9b41-473a-b000-3fdac2afcdfa","2022-01-20 14:42:01.979"
"AG","11.930","27","11.940","30","27","11.89","19ffa370-3d9c-488c-8d4a-69d46fca2a74","2022-01-20 14:42:01.979"
"AG","11.930","30","11.940","31","27","11.89","031b7d9e-19ac-45db-99b4-5de50721d486","2022-01-20 14:42:01.979"
"AG","11.920","33","11.930","36","27","11.89","35905455-4fa9-45a1-a296-ff30ef3245e7","2022-01-20 14:42:01.979"
"AG","11.910","53","11.920","15","27","11.89","8d5b3b7c-53d3-4247-bdf3-1c82f0d423fc","2022-01-20 14:42:01.979"
"AG","11.880","38","11.890","35","-27","11.89","151a30c2-e53d-4af8-8bb3-b4df2f0cfe69","2022-01-20 14:42:42.532"
"AG","11.880","38","11.890","35","-27","11.89","886bf87e-d501-4ccd-9ec3-6a47e7a6af6b","2022-01-20 14:42:42.532"
"AG","11.880","38","11.890","35","-27","11.89","f1053509-49e9-4f6e-b9fc-92a876751c47","2022-01-20 14:42:42.532"
"AG","11.880","38","11.890","35","-27","11.89","c0875503-edcf-478c-9eb1-89d48a342785","2022-01-20 14:42:42.532"
"AG","11.880","38","11.890","35","-27","11.89","6a0c235f-6d3e-4710-bd21-18f6fdf5b60e","2022-01-20 14:42:42.532"
"AG","11.880","38","11.890","35","-27","11.89","bd9f820f-55b9-432e-8c67-6e8d79db4569","2022-01-20 14:42:42.532"
"AG","11.880","38","11.890","35","-27","11.89","248df2e8-6b23-4115-a4d8-5416d684c66a","2022-01-20 14:42:42.532"
"AG","11.880","38","11.890","35","-27","11.89","8132449a-da68-4018-8a49-e48487a81b72","2022-01-20 14:42:42.532"
"AG","11.880","40","11.890","27","-27","11.89","02d10088-0928-4e0c-9f39-db61b9ec2cf9","2022-01-20 14:43:04.554"
"AG","11.880","40","11.890","27","-27","11.89","7447206e-cb82-4a63-9e49-ba42780ec1a9","2022-01-20 14:43:04.554"
"AG","11.880","40","11.890","27","-27","11.89","9c73074b-54a7-46dd-a780-36901a397519","2022-01-20 14:43:04.554"
"AG","11.880","40","11.890","27","-27","11.89","7cb262fd-b5ba-4cff-addf-b79083725c52","2022-01-20 14:43:04.554"
"AG","11.880","21","11.890","51","-27","11.89","cc75f9ef-6e00-4ada-a0b8-d60332288b31","2022-01-20 14:43:04.554"
"AG","11.880","21","11.890","51","-27","11.89","1cba3be8-6489-4945-801d-ba83ae4eab01","2022-01-20 14:43:04.554"
"AG","11.880","65","11.890","14","-27","11.89","815a054c-9871-460e-a803-228392473999","2022-01-20 14:43:10.415"
"AG","11.880","67","11.890","6","-27","11.89","8fec89d0-54da-489e-9e3e-2f37fbb8904b","2022-01-20 14:45:19.998"
"AG","11.900","51","11.910","14","27","11.90","62c40eb5-633c-47f6-9801-c0879f4f724f","2022-01-20 14:58:11.031"
"AG","11.910","10","11.920","55","27","11.90","8192b2d0-8b36-47e0-8b2e-3776cd64c99c","2022-01-20 14:58:11.031"
"AG","11.910","57","11.920","40","-27","11.92","dff6f2d0-6136-4a15-a27e-c86f9ffbdc08","2022-01-20 14:59:35.136"
"AG","11.920","37","11.930","32","-27","11.93","1e192502-d7ce-4c99-ab3c-ffbb25161429","2022-01-20 14:59:40.536"
"AG","11.910","31","11.920","24","27","11.88","7248024e-f973-4717-a160-106ec8706633","2022-01-20 15:05:49.947"
"AG","11.910","69","11.920","9","27","11.87","e1b8eb79-13f3-4591-8eb7-e4c9b01c5ca9","2022-01-20 15:06:41.571"
"AG","11.930","47","11.940","23","27","11.87","1477cf26-2f4e-4bb7-97c1-f04b508227c1","2022-01-20 15:06:41.571"
"AG","11.930","10","11.940","54","27","11.87","fdad4343-471d-4e90-af6f-995b82b856e5","2022-01-20 15:06:41.571"
"AG","11.920","43","11.930","23","27","11.87","97deb29c-9ce7-4437-835d-8029d8feb9fe","2022-01-20 15:06:41.571"
"AG","11.920","35","11.930","37","27","11.87","7efb31ac-6747-49b9-86e4-570d64203df0","2022-01-20 15:06:41.571"
"AG","11.930","11","11.940","63","27","11.87","c965fd54-5723-4855-98c8-a76055656b96","2022-01-20 15:06:41.571"
"AG","11.930","42","11.940","32","27","11.87","af8d6772-6cc9-44d4-99ad-d8a4af42081e","2022-01-20 15:06:41.571"
"AG","11.900","23","11.910","38","27","11.87","b75e0763-4cc3-469b-9992-2f276146e252","2022-01-20 15:06:41.571"
"AG","11.890","46","11.900","82","27","11.86","0a64214c-1031-4cb2-affc-ab90e3e84ee3","2022-01-20 15:07:19.691"
"AG","11.890","32","11.900","82","27","11.86","4ed95f66-98f0-4db6-ba3f-2eaabd6be0b2","2022-01-20 15:07:19.691"
"AG","11.890","19","11.900","82","27","11.86","ed52a841-d35e-467e-bde4-88a33ca6a0d3","2022-01-20 15:07:19.691"
"AG","11.850","47","11.860","32","-27","11.86","a6f48362-0cc8-487a-bda1-4db958f9e1f6","2022-01-20 15:07:41.229"
"AG","11.850","47","11.860","32","-27","11.86","821ceedd-5911-4464-8e0b-40841cb5e102","2022-01-20 15:07:41.229"
"AG","11.850","47","11.860","32","-27","11.86","df2a586e-e91b-4b0e-b499-da9b057bcf11","2022-01-20 15:07:41.229"
"AG","11.850","47","11.860","32","-27","11.86","1f44c61a-b2c2-478e-bbbd-69ef05dc6437","2022-01-20 15:07:41.229"
"AG","11.850","47","11.860","32","-27","11.86","e4793211-5b79-4855-9c26-c9fca01a7fc8","2022-01-20 15:07:41.229"
"AG","11.850","47","11.860","32","-27","11.86","0cf98dea-b3be-404e-8b8f-7e8b21029176","2022-01-20 15:07:41.229"
"AG","11.840","52","11.850","17","-27","11.85","f42533d1-683d-4e31-83fb-b76e6905fa73","2022-01-20 15:08:00.524"
"AG","11.840","52","11.850","17","-27","11.85","b3964f01-6cd5-4550-9e9e-b63aec1faa19","2022-01-20 15:08:00.524"
"AG","11.840","74","11.850","1","-27","11.85","5ca62452-bcc4-425a-891b-850eca3637c1","2022-01-20 15:08:11.364"
"AG","11.840","74","11.850","1","-27","11.85","4e2e1a26-9d44-4d32-a8db-cdc1071ccbb7","2022-01-20 15:08:11.364"
"AG","11.870","52","11.880","39","27","11.83","8936fd15-b1d5-4039-8875-c835ed56ec4d","2022-01-20 15:08:29.838"
"AG","11.890","46","11.900","31","27","11.83","ff59040a-1b41-4063-8244-1f5028ae9736","2022-01-20 15:08:29.838"
"AG","11.890","10","11.900","48","27","11.83","97e169fc-61fc-4de0-9b4c-a472523d8c01","2022-01-20 15:08:29.838"
"AG","11.880","60","11.890","72","27","11.83","d0e28af5-cf60-4f95-bbfe-e5966e4e32a1","2022-01-20 15:08:29.838"
"AG","11.820","29","11.830","28","-27","11.83","000c0cc9-51b6-44de-b95c-ce74bb91809f","2022-01-20 15:08:55.953"
"AG","11.820","29","11.830","28","-27","11.83","ef39a9cf-aed3-4120-920e-465baa432865","2022-01-20 15:08:55.953"
"AG","11.820","29","11.830","28","-27","11.83","e122758c-9882-404b-b70b-8813ce3dd889","2022-01-20 15:08:55.953"
"AG","11.820","31","11.830","17","-27","11.83","37eabe53-7a29-4018-b0b7-4e4347f02f26","2022-01-20 15:08:55.953"
"AG","11.810","63","11.820","20","-27","11.82","d2ed5b7b-4985-4017-a874-cfdd4b2242f3","2022-01-20 15:09:00.145"
"AG","11.850","34","11.860","33","27","11.81","22b5311b-a637-4430-a483-452862852219","2022-01-20 15:09:31.299"
"AG","11.850","43","11.860","82","27","11.81","3375b577-046d-4b6b-ab45-24f51d5dc527","2022-01-20 15:09:31.299"
"AG","11.850","27","11.860","82","27","11.81","84e284fd-963c-4751-9ee7-db8ff704b22b","2022-01-20 15:09:31.299"
"AG","11.850","56","11.860","1","27","11.81","c1f13b2a-fdcc-4e49-b953-2bf7c43e9bfd","2022-01-20 15:09:31.299"
"AG","11.840","17","11.850","37","27","11.80","cc8e75f1-6f27-4e6d-9ef7-b165a82b61be","2022-01-20 15:10:30.953"
"AG","11.860","23","11.870","33","27","11.80","aa29d30b-f376-4e1e-8385-bafbd4194db1","2022-01-20 15:10:30.953"
"AG","11.850","1","11.850","60","27","11.80","824291bf-e2ef-47a8-952d-adec033e5200","2022-01-20 15:10:30.953"
"AG","11.820","30","11.830","37","-27","11.83","163ef5db-e88d-43b6-9fad-33d9747f6e98","2022-01-20 15:11:40.254"
"AG","11.820","30","11.830","37","-27","11.83","4dd3a7a4-dc4a-4c4e-8b52-2bef771abd99","2022-01-20 15:11:40.254"
"AG","11.820","30","11.830","37","-27","11.83","1b3dd3e8-c01b-40a1-91a0-7a101f7f5d5b","2022-01-20 15:11:40.254"
"AG","11.820","30","11.830","37","-27","11.83","abd35f6d-1e25-4d8c-b008-c85e8b5a8a58","2022-01-20 15:11:40.254"
"AG","11.820","60","11.830","9","-27","11.83","37f1b155-26d6-42a6-841a-8aeb13ff5cab","2022-01-20 15:11:53.569"
"AG","11.820","60","11.830","9","-27","11.83","03181174-e7bb-49ee-aa03-4575affcb111","2022-01-20 15:11:53.569"
"AG","11.820","32","11.830","33","-27","11.83","6d2e4c9c-e9bb-4d1c-9ac2-3b9310599ffe","2022-01-20 15:12:19.023"
"AG","11.810","24","11.820","55","-27","11.82","bc5f522b-022b-4105-a287-a0649494620b","2022-01-20 15:12:40.075"
"ABB","37.490","8","37.500","13","9","37.47","b3bbbd40-7168-42c3-8d7a-e78598776304","2022-01-20 10:18:55.240"
"ABB","37.480","12","37.490","6","-9","37.49","645c908b-9dbb-4b1f-bbf0-fb0018479a6d","2022-01-20 10:20:46.955"
"ABB","37.500","42","37.520","47","9","37.49","0deca9fd-a423-45b9-b259-bd257583f2ef","2022-01-20 10:22:41.296"
"ABB","37.500","42","37.520","47","9","37.49","3d3bd508-55ba-43bb-a038-7979cab7be1e","2022-01-20 10:22:41.296"
"ABB","37.470","13","37.480","23","-9","37.48","320f972e-1657-462f-a44c-01c038901915","2022-01-20 10:23:43.094"
"ABB","37.470","47","37.480","1","-9","37.48","b6b3d75c-8f48-4915-a77c-69c8ceeddbba","2022-01-20 10:24:34.828"
"ABB","37.610","1","37.620","25","9","37.57","d6493635-79d6-4bcd-95d9-2eb883e36ac3","2022-01-20 11:24:25.964"
"ABB","37.570","2","37.580","35","-9","37.58","92166562-9e00-4b82-b250-571b15fede9a","2022-01-20 11:24:41.367"
"ABB","37.650","54","37.660","15","9","37.56","be50306b-7efe-4958-b93b-dde773d92fab","2022-01-20 11:24:53.858"
"ABB","37.580","55","37.590","8","-9","37.59","9f81e452-dba9-4430-9e17-1131ac840183","2022-01-20 11:28:15.748"
"ABB","37.590","20","37.600","20","9","37.54","ed65b46c-14f3-4b81-80ef-220dd2cc6c29","2022-01-20 11:42:35.305"
"ABB","37.590","22","37.600","8","9","37.54","77ffb235-707b-40b2-9026-42a4843332d4","2022-01-20 11:42:35.305"
"ABB","37.580","12","37.590","16","9","37.54","e0d9f748-2b2e-4691-8bfc-211e0b2edd75","2022-01-20 11:42:35.305"
"ABB","37.600","48","37.610","13","9","37.54","d5ec7f2c-617b-49e1-a4fd-1c8e91028c16","2022-01-20 11:42:35.305"
"ABB","37.600","43","37.610","16","9","37.54","801c7874-5cc1-4ac4-a73f-0315f4a1e77e","2022-01-20 11:42:35.305"
"ABB","37.600","43","37.610","16","9","37.54","b34ca89b-bad0-44b3-bc5b-a344f291ba58","2022-01-20 11:42:35.305"
"ABB","37.590","54","37.600","35","9","37.54","ac9e6a68-1549-46d4-b20a-dbf96a27da22","2022-01-20 11:42:35.305"
"ABB","37.590","1","37.600","38","9","37.54","b10ca97a-7b87-4e2c-8918-78de58dd9d76","2022-01-20 11:42:35.305"
"ABB","37.590","1","37.600","38","9","37.54","823f78f0-f962-4071-bc1a-1822b196fcd9","2022-01-20 11:42:35.305"
"ABB","37.590","49","37.600","1","9","37.54","1c8c8b26-0e24-434a-b4ff-35eef88134af","2022-01-20 11:42:35.305"
"ABB","37.590","49","37.600","1","9","37.54","bedb2def-af6f-4121-9d32-425b4053c7a4","2022-01-20 11:42:35.305"
"ABB","37.590","14","37.600","11","9","37.54","1a69d9fa-05be-4dce-9967-4527eb9f3d67","2022-01-20 11:42:35.305"
"ABB","37.540","6","37.550","25","-9","37.55","de1bdee4-9344-4e8e-b896-7c24afb75370","2022-01-20 11:42:50.855"
"ABB","37.540","6","37.550","25","-9","37.55","d4c1e275-3345-4a73-b596-a58715f28e34","2022-01-20 11:42:50.855"
"ABB","37.540","6","37.550","25","-9","37.55","8b625474-a3df-4f18-9b86-e491ab13bb93","2022-01-20 11:42:50.855"
"ABB","37.540","6","37.550","25","-9","37.55","12edaf70-67b9-4daa-9794-b668d2092440","2022-01-20 11:42:50.855"
"ABB","37.540","6","37.550","25","-9","37.55","c8f32744-5727-43a5-a84e-d473ee65af1c","2022-01-20 11:42:50.855"
"ABB","37.540","6","37.550","25","-9","37.55","6b208966-1ade-4f3b-bd46-a8cc5291fd87","2022-01-20 11:42:50.855"
"ABB","37.550","6","37.560","27","-9","37.56","c82f7144-c101-4a21-8934-802ef7b0abf8","2022-01-20 11:44:27.863"
"ABB","37.550","6","37.560","27","-9","37.56","1d6488d2-6f7b-4d63-b254-784762fc3dc4","2022-01-20 11:44:27.863"
"ABB","37.550","11","37.560","45","-9","37.56","30359dab-032b-4ff5-a9db-d37b21cc946e","2022-01-20 11:45:08.524"
"ABB","37.550","8","37.560","13","-9","37.56","9c75c794-f951-4873-bb85-b580b2398c01","2022-01-20 11:45:14.217"
"ABB","37.570","11","37.580","16","-9","37.58","0cde0978-f1b0-497f-8ff2-a8632550efb0","2022-01-20 11:45:46.901"
"ABB","37.570","7","37.580","27","-9","37.58","f78e288c-f635-497d-8616-eec43890d97b","2022-01-20 11:47:07.741"
"ABB","37.580","1","37.590","38","9","37.57","a3449bb3-e268-4b3e-afb3-0d3e796c7c71","2022-01-20 11:49:07.182"
"ABB","37.580","1","37.590","38","9","37.57","6f9c18c5-ef1b-4038-b0a5-62d9fca48cef","2022-01-20 11:49:07.182"
"ABB","37.570","20","37.580","21","-9","37.58","d924d181-a332-4c74-aa8c-4a2f186114ec","2022-01-20 11:51:02.669"
"ABB","37.570","20","37.580","21","-9","37.58","3262475c-964a-46b9-b03f-4a949752af4e","2022-01-20 11:51:02.669"
"ABB","37.560","6","37.570","17","9","37.56","e21520af-d948-4c1e-944e-468581eacce1","2022-01-20 12:07:41.759"
"ABB","37.550","10","37.560","23","-9","37.56","c4e892ae-b861-4bf0-9d5d-65ca139cd03b","2022-01-20 12:09:30.131"
"ABB","37.590","26","37.600","5","9","37.57","a49442a6-c93f-4ddc-a9bb-cdd626a4a35c","2022-01-20 12:47:16.350"
"ABB","37.590","24","37.600","1","9","37.56","c5f446f8-7a4a-43c9-a2b5-52cbf69536eb","2022-01-20 12:47:52.255"
"ABB","37.590","24","37.600","1","9","37.56","98c1e316-acee-4139-87a1-37ff6e5f16a7","2022-01-20 12:47:52.255"
"ABB","37.590","34","37.600","2","9","37.56","95fc7fc2-5075-41e1-8a90-d194bb680156","2022-01-20 12:47:52.255"
"ABB","37.590","34","37.600","1","9","37.56","3ea596de-6ca3-4489-8903-e2577ad55f6e","2022-01-20 12:47:52.255"
"ABB","37.590","15","37.600","10","9","37.56","e8562245-7445-4ff6-857f-77fb5e096774","2022-01-20 12:47:52.255"
"ABB","37.590","10","37.600","21","9","37.56","79b32b73-d8b6-4838-97ec-fe5a2e62f169","2022-01-20 12:47:52.255"
"ABB","37.590","12","37.600","10","9","37.56","172838d1-8280-43e2-9b4a-374a8abc5aee","2022-01-20 12:47:52.255"
"ABB","37.590","3","37.600","23","9","37.56","755af962-0c2d-4d77-991b-a7d28cb1c196","2022-01-20 12:47:52.255"
"ABB","37.590","3","37.600","23","9","37.56","2b48041d-84ca-4167-bce2-502fcfc0cbd7","2022-01-20 12:47:52.255"
"ABB","37.590","4","37.600","24","9","37.56","c52a6da9-4e33-4660-b1e1-a980d1be0b16","2022-01-20 12:47:52.255"
"ABB","37.590","4","37.600","24","9","37.56","8bf4622f-98d1-4acf-a3f3-5c4a6c248963","2022-01-20 12:47:52.255"
"ABB","37.580","21","37.590","13","9","37.56","8f3763d4-48ba-454d-a1ae-e81c271230f0","2022-01-20 12:47:52.255"
"ABB","37.550","26","37.560","1","-9","37.56","5f40a2ee-ded8-4564-a975-ba56fcdad215","2022-01-20 12:49:25.792"
"ABB","37.550","26","37.560","1","-9","37.56","acd759bc-ded8-4e24-8aa3-b680aa5ab4e5","2022-01-20 12:49:25.792"
"ABB","37.550","26","37.560","1","-9","37.56","d0cf0400-8027-4244-95e2-d5fcf1dd109b","2022-01-20 12:49:25.792"
"ABB","37.550","26","37.560","1","-9","37.56","9d391429-c63f-408c-b514-e8d835a8a12b","2022-01-20 12:49:25.792"
"ABB","37.550","26","37.560","1","-9","37.56","41c81a1b-19ae-4dde-a952-0dcb4c137315","2022-01-20 12:49:25.792"
"ABB","37.600","3","37.610","35","9","37.54","b5af06f4-2fc1-4e4e-bd82-4521cdf5a6c6","2022-01-20 12:50:29.893"
"ABB","37.600","1","37.600","28","9","37.54","905267cf-6396-4855-ae68-72d47d398556","2022-01-20 12:50:29.893"
"ABB","37.600","1","37.600","28","9","37.54","9706c8c7-41ee-46fa-82ae-3c2312147904","2022-01-20 12:50:29.893"
"ABB","37.590","16","37.600","14","9","37.54","8a0055f0-d4ce-4c76-93ef-69607cb62a29","2022-01-20 12:50:29.893"
"ABB","37.590","10","37.600","14","9","37.54","3530bf8e-7768-4e94-9654-dd55c2a594ff","2022-01-20 12:50:29.893"
"ABB","37.540","10","37.550","21","-9","37.55","af736377-78f6-495e-8567-71c03342cdd6","2022-01-20 12:50:30.740"
"ABB","37.540","10","37.550","21","-9","37.55","638b2b9f-785d-482c-8af2-3bd2e0c46f9c","2022-01-20 12:50:30.740"
"ABB","37.540","10","37.550","21","-9","37.55","f9d5c51c-3b95-4009-a0a7-a932dfeeb15a","2022-01-20 12:50:30.740"
"ABB","37.540","10","37.550","21","-9","37.55","b6798b97-0302-4660-bf5d-d8c1c8775a1d","2022-01-20 12:50:30.740"
"ABB","37.550","30","37.550","2","-9","37.55","690fe933-5b3c-486a-aa04-68f1e7fec740","2022-01-20 12:50:40.006"
"ABB","37.550","30","37.550","2","-9","37.55","94fe8761-ea49-49e1-bf8e-1a457a8f008e","2022-01-20 12:50:40.006"
"ABB","37.550","8","37.560","14","-9","37.56","d7561b3f-903b-417f-89c0-ca08e99690d8","2022-01-20 12:52:04.829"
"ABB","37.550","8","37.560","14","-9","37.56","ebbb1b73-a40c-4341-bf4b-2a5c1fa49cd3","2022-01-20 12:52:04.829"
"ABB","37.550","8","37.560","14","-9","37.56","14d08505-a0a0-4424-90a9-86984f8c8016","2022-01-20 12:52:04.829"
"ABB","37.550","8","37.560","14","-9","37.56","ac7629c9-a9da-4259-8750-2d49d2bf51b3","2022-01-20 12:52:04.829"
"ABB","37.550","8","37.560","14","-9","37.56","1c0a6091-35e4-476e-9e88-533461027253","2022-01-20 12:52:04.829"
"ABB","37.560","26","37.570","11","-9","37.57","6df764c3-fecf-4085-b904-730461673249","2022-01-20 12:52:36.201"
"ABB","37.560","21","37.570","8","-9","37.57","e71ee268-80ba-4b6c-a110-7f1cea4b49eb","2022-01-20 12:52:36.201"
"ABB","37.560","12","37.570","14","9","37.57","7cf0fcc5-875d-47bb-a888-400a592735a5","2022-01-20 13:00:10.006"
"ABB","37.520","4","37.530","28","-9","37.53","2aa6e53b-6d4f-45d3-a374-2038f477147d","2022-01-20 13:03:18.309"
"ABB","37.500","42","37.510","4","9","37.51","dbf26280-f02f-40ab-9cd1-a91c5698b51c","2022-01-20 13:13:30.006"
"ABB","37.480","1","37.490","30","-9","37.49","ede0cbf6-b241-4708-9b88-37e2598369b2","2022-01-20 13:20:54.262"
"ABB","37.510","8","37.520","11","9","37.48","5aa2354c-f924-4867-a920-df884aa14967","2022-01-20 13:31:22.607"
"ABB","37.510","16","37.520","7","9","37.48","a97c0267-9ec4-4cb2-9a0f-34dd2a458b12","2022-01-20 13:31:22.607"
"ABB","37.510","28","37.520","1","9","37.48","d012360d-15ca-43f4-a812-d1fee4617fce","2022-01-20 13:31:22.607"
"ABB","37.510","27","37.520","3","9","37.48","662d4447-ac18-47a7-9931-bd72db419a3a","2022-01-20 13:31:22.607"
"ABB","37.510","27","37.520","3","9","37.48","f5d2919a-69ef-4aa7-9bfb-f56de60905ce","2022-01-20 13:31:22.607"
"ABB","37.510","13","37.520","9","9","37.48","03bb3224-4e35-42fd-8111-bfea5fc1adf3","2022-01-20 13:31:22.607"
"ABB","37.510","11","37.520","9","9","37.48","d638cb9e-8b09-4772-86cb-6af85f346eed","2022-01-20 13:31:22.607"
"ABB","37.490","16","37.500","14","9","37.48","ea996268-f991-4347-8406-cee2f6690a0c","2022-01-20 13:31:22.607"
"ABB","37.490","8","37.500","20","9","37.48","cf3d40e8-f14c-4e45-ad66-2576f940dd9f","2022-01-20 13:31:22.607"
"ABB","37.480","9","37.490","20","-9","37.49","a7bf9f9c-f43d-424b-bbfe-88b06287aa9c","2022-01-20 13:31:53.499"
"ABB","37.480","9","37.490","20","-9","37.49","048260b2-047d-471d-9fa8-810d0950fa21","2022-01-20 13:31:53.499"
"ABB","37.480","32","37.490","2","-9","37.49","f230ee84-3fb0-4423-b1ca-f9a7df5a9637","2022-01-20 13:32:05.730"
"ABB","37.480","32","37.490","2","-9","37.49","4fc930b1-29c2-4ebd-a71b-c73c9a47ea0a","2022-01-20 13:32:05.730"
"ABB","37.480","32","37.490","2","-9","37.49","b580c9ee-6e21-43e9-bb25-1e4263ffe093","2022-01-20 13:32:05.730"
"ABB","37.480","32","37.490","2","-9","37.49","dee0b649-bc10-4a3d-8974-df30906a558b","2022-01-20 13:32:05.730"
"ABB","37.490","2","37.500","32","-9","37.50","a740c677-ee34-41e8-81b0-17cfba8cc5ff","2022-01-20 13:33:38.033"
"ABB","37.490","9","37.500","13","-9","37.50","d45c15f8-d880-4463-8351-aeee93fdb100","2022-01-20 13:33:51.298"
"ABB","37.500","20","37.500","1","-9","37.50","9a5c9cdb-9ae9-40a5-a2eb-452196831243","2022-01-20 13:34:00.006"
"ABB","37.500","1","37.510","36","9","37.49","c2d72919-1bf1-4a95-b0ed-281a2ef8d360","2022-01-20 13:45:03.463"
"ABB","37.500","1","37.510","36","9","37.49","039dbae0-daa9-4e8d-ab98-16464dd6ef9d","2022-01-20 13:45:03.463"
"ABB","37.510","7","37.520","17","9","37.49","9cc02910-5984-473f-8913-4c4d395705e6","2022-01-20 13:45:03.463"
"ABB","37.500","14","37.520","36","9","37.49","b5c9bae6-3cf5-4bec-83a4-0c4c7b156f95","2022-01-20 13:45:03.463"
"ABB","37.500","1","37.510","38","9","37.49","61133c29-61a6-4d04-b5b4-c029c49c2018","2022-01-20 13:45:03.463"
"ABB","37.500","8","37.510","20","9","37.48","4608f9ce-3688-4062-ad1a-9ad8094247bf","2022-01-20 13:45:36.633"
"ABB","37.500","6","37.510","29","9","37.48","cdf84c2b-bf5f-4885-a8fa-ae0a298068f6","2022-01-20 13:45:36.633"
"ABB","37.500","7","37.510","21","9","37.48","14ba7637-00cd-433c-ba3a-368cc2e28bbc","2022-01-20 13:45:36.633"
"ABB","37.470","30","37.480","1","-9","37.48","c9dc65d4-f138-4681-9765-7ff9d5a6d35e","2022-01-20 13:45:52.480"
"ABB","37.470","30","37.480","1","-9","37.48","81254e4d-0a15-4deb-ae66-8a760eea9d64","2022-01-20 13:45:52.480"
"ABB","37.470","30","37.480","1","-9","37.48","60f5400f-0803-48b1-939a-4c6e09bc8999","2022-01-20 13:45:52.480"
"ABB","37.470","30","37.480","1","-9","37.48","50cc27a3-69d4-48dd-b470-db77510e8ae1","2022-01-20 13:45:52.480"
"ABB","37.480","12","37.490","8","-9","37.49","d7454db8-acef-437d-904a-761d1755049e","2022-01-20 13:46:24.698"
"ABB","37.480","13","37.490","8","-9","37.49","de143b28-1b51-4519-9e5e-89a5277f8d0b","2022-01-20 13:46:32.175"
"ABB","37.480","13","37.490","8","-9","37.49","612a4861-045c-4d0f-ad62-756c112d426f","2022-01-20 13:46:32.175"
"ABB","37.490","6","37.500","28","-9","37.50","24b96c98-bc0c-4dfb-b66f-6c5d9bd28ddf","2022-01-20 13:47:09.795"
"ABB","37.500","8","37.510","14","9","37.47","ce0f4c9a-3181-43e4-ac5d-7e1da2d74e07","2022-01-20 13:57:05.699"
"ABB","37.490","7","37.500","19","9","37.47","cb1b274b-667e-4219-931c-56b66dd342e5","2022-01-20 13:57:05.699"
"ABB","37.490","10","37.500","18","9","37.47","5d837d70-fc7e-4fcf-9354-da4aa8c0ec54","2022-01-20 13:57:05.699"
"ABB","37.490","8","37.500","20","9","37.47","4474e51a-889a-402b-ae59-836491405003","2022-01-20 13:57:05.699"
"ABB","37.490","8","37.500","20","9","37.47","1211d0ca-9926-48af-84c0-6ce2201cc8d2","2022-01-20 13:57:05.699"
"ABB","37.490","14","37.500","16","9","37.47","7ca3183f-4f23-440b-9827-c786bd5cac6c","2022-01-20 13:57:05.699"
"ABB","37.490","9","37.500","20","9","37.47","632e51ea-f049-4140-8231-4e611c67954c","2022-01-20 13:57:05.699"
"ABB","37.500","14","37.510","15","9","37.47","de6f14d4-83ea-4e5a-8a91-d90b305e476b","2022-01-20 13:57:05.699"
"ABB","37.500","14","37.510","15","9","37.47","040ec3fa-e1e5-4567-bab1-ee9a0fa78e8f","2022-01-20 13:57:05.699"
"ABB","37.490","9","37.500","12","9","37.47","12590ec5-f0f9-463e-8fa4-5c759a55b592","2022-01-20 13:57:05.699"
"ABB","37.490","10","37.500","13","9","37.47","a1adc8f8-3c8f-451b-816c-a1d1ef268c10","2022-01-20 13:57:05.699"
"ABB","37.490","9","37.500","13","9","37.47","8918c2fe-28d3-40ed-a286-ff3f97ed1390","2022-01-20 13:57:05.699"
"ABB","37.480","6","37.490","11","9","37.46","681d53c8-8b40-48dc-a747-98d8900ed842","2022-01-20 13:57:33.253"
"ABB","37.480","10","37.490","9","9","37.46","1856fc6d-b3bf-4d84-86d8-61e61a25adde","2022-01-20 13:57:33.253"
"ABB","37.490","9","37.500","14","9","37.46","bd39fac0-6062-4332-992b-39afe1655e6b","2022-01-20 13:57:33.253"
"ABB","37.500","8","37.510","29","9","37.46","3f671f4b-6746-411d-adf2-2a1f2d73ee84","2022-01-20 13:57:33.253"
"ABB","37.450","8","37.460","13","-9","37.46","29a6b27a-052e-4e1d-9bd0-9b22b88f2d61","2022-01-20 14:00:04.268"
"ABB","37.450","8","37.460","13","-9","37.46","99f03c3c-4e26-44f0-8f66-4a151b40fca2","2022-01-20 14:00:04.268"
"ABB","37.450","8","37.460","13","-9","37.46","fff17280-f876-4fac-b1ee-676dcf86365b","2022-01-20 14:00:04.268"
"ABB","37.450","8","37.460","13","-9","37.46","79f6eb1b-9627-432e-8288-6dd2654437f6","2022-01-20 14:00:04.268"
"ABB","37.450","8","37.460","13","-9","37.46","48dc07ba-7bd2-4066-808d-addc4c43f761","2022-01-20 14:00:04.268"
"ABB","37.450","8","37.460","13","-9","37.46","33356866-6f7b-4dc9-9744-ac4bf6a880e7","2022-01-20 14:00:04.268"
"ABB","37.450","8","37.460","13","-9","37.46","355fde43-25c7-4b29-abea-2f9d8ba59382","2022-01-20 14:00:04.268"
"ABB","37.460","15","37.470","7","-9","37.47","e947849c-546b-407d-8cad-f16b9af993dc","2022-01-20 14:00:52.175"
"ABB","37.460","10","37.470","9","-9","37.47","c14dfff8-794f-4eeb-ab69-6323a7c97e10","2022-01-20 14:00:52.175"
"ABB","37.460","10","37.470","9","-9","37.47","b80debfd-9a08-4089-ac32-2c885e2cc913","2022-01-20 14:00:52.175"
"ABB","37.460","10","37.470","9","-9","37.47","36499f82-c8cc-48de-b1ed-072faa6b8e93","2022-01-20 14:00:52.175"
"ABB","37.460","10","37.470","9","-9","37.47","d48d9ace-c73e-4a74-aa86-7072928614c1","2022-01-20 14:00:52.175"
"ABB","37.460","10","37.470","9","-9","37.47","5a30a018-4a7e-4188-bb7b-4fa8aa7cc1e4","2022-01-20 14:00:52.175"
"ABB","37.460","10","37.470","9","-9","37.47","1b9a6b57-6842-420f-9f18-6a1d78ff3da0","2022-01-20 14:00:52.175"
"ABB","37.470","18","37.480","14","-9","37.48","75f2feb0-a993-4c7f-8fe7-2ca343f6d7fe","2022-01-20 14:02:21.355"
"ABB","37.470","18","37.480","14","-9","37.48","be0b0457-c1a7-4a47-b66e-9238db160936","2022-01-20 14:02:21.355"
"ABB","37.510","9","37.520","13","9","37.49","c0bc63f9-0545-46c1-a6b5-b345d3a0aca6","2022-01-20 14:12:21.506"
"ABB","37.510","8","37.520","16","9","37.49","0450d04b-9d3b-435c-9e40-c4029a453dbe","2022-01-20 14:12:21.506"
"ABB","37.520","11","37.530","11","9","37.49","788f50cb-9b20-46fc-85c1-8cdf40962ffe","2022-01-20 14:12:21.506"
"ABB","37.520","8","37.530","15","9","37.49","91573bbe-b81a-472e-b3cb-55ea961fa31b","2022-01-20 14:12:21.506"
"ABB","37.520","8","37.530","15","9","37.49","acc1b64f-9683-41de-b8a0-aa838841fb02","2022-01-20 14:12:21.506"
"ABB","37.520","24","37.530","6","9","37.49","b08ae129-aa41-42cc-a437-2f6bbba77614","2022-01-20 14:12:21.506"
"ABB","37.520","8","37.530","12","9","37.49","6956c844-68fb-4153-bd6e-84f331ff556f","2022-01-20 14:12:21.506"
"ABB","37.530","8","37.540","21","9","37.49","a35e9047-ccfc-4a99-9983-e2266a31aa4c","2022-01-20 14:12:21.506"
"ABB","37.520","8","37.530","24","9","37.49","3a93861e-d661-485f-8906-abd9544c2ffc","2022-01-20 14:12:21.506"
"ABB","37.510","8","37.520","16","9","37.48","40b01056-d869-4b75-8fd9-c0671ce53aac","2022-01-20 14:12:31.073"
"ABB","37.510","8","37.520","16","9","37.48","811e5c28-2e39-4d06-83f4-bae35bd7802d","2022-01-20 14:12:31.073"
"ABB","37.510","8","37.520","16","9","37.48","604ff357-ad54-4359-80ac-9e1ddc45e6dc","2022-01-20 14:12:31.073"
"ABB","37.450","10","37.460","16","-9","37.46","628a2f20-a5f7-4772-8ceb-2092c62879aa","2022-01-20 14:12:55.169"
"ABB","37.450","10","37.460","16","-9","37.46","c0f6c457-2066-4833-935e-f77f2fd27ce1","2022-01-20 14:12:55.169"
"ABB","37.450","10","37.460","16","-9","37.46","d6444377-2f6a-40a6-9143-3f07ca6723f9","2022-01-20 14:12:55.169"
"ABB","37.450","10","37.460","16","-9","37.46","2b67cd31-df7c-43ee-a137-9bf21e962357","2022-01-20 14:12:55.169"
"ABB","37.450","28","37.460","2","-9","37.46","8d10838a-a5fd-4c14-80a2-e3e92607e590","2022-01-20 14:13:00.054"
"ABB","37.450","28","37.460","2","-9","37.46","bd165173-4fe3-4088-907c-72b051ac53b6","2022-01-20 14:13:00.054"
"ABB","37.440","12","37.450","6","-9","37.45","c0e9975b-518a-4095-be97-2a165e5a5725","2022-01-20 14:13:32.958"
"ABB","37.440","12","37.450","6","-9","37.45","c918c99a-35e6-4fc0-a862-12627017a969","2022-01-20 14:13:32.958"
"ABB","37.440","11","37.450","12","-9","37.45","48ee59bd-0143-44e3-999a-15a798c40ffb","2022-01-20 14:13:49.877"
"ABB","37.440","11","37.450","12","-9","37.45","b3dc6b11-fb45-4186-8049-ad4bf9328da3","2022-01-20 14:13:49.877"
"ABB","37.440","6","37.450","23","-9","37.45","e42cb243-a569-48b6-8a84-fbc758485468","2022-01-20 14:15:26.858"
"ABB","37.410","10","37.420","25","-9","37.42","6ba929ec-beba-4c20-b308-3dbd8c5663e4","2022-01-20 14:16:32.759"
"ABB","37.420","9","37.430","30","9","37.40","4e30f88e-a081-49c5-9dc8-156d135fa0ea","2022-01-20 14:37:16.910"
"ABB","37.400","6","37.410","19","-9","37.41","42ced80e-2abd-481f-bbb4-e64617169d4d","2022-01-20 14:38:11.750"
"ABB","37.380","25","37.390","8","9","37.39","fd30c8b9-290a-49e3-a963-004cfdc144a2","2022-01-20 14:47:00.006"
"ABB","37.380","29","37.390","7","-9","37.39","876ca4f1-ca0a-4aec-9cc0-ca9b5ee15f43","2022-01-20 15:02:00.050"
"ABB","37.380","33","37.390","3","9","37.35","35a0b16f-8d6b-418a-917c-0bdb8fa61495","2022-01-20 15:03:54.456"
"ABB","37.430","6","37.440","12","9","37.33","cb1f22e5-49b2-47b0-91b3-75d6a1dc18e4","2022-01-20 15:04:06.990"
"ABB","37.430","6","37.440","12","9","37.33","10bddccd-5543-4456-a31a-c8ca123ed8d3","2022-01-20 15:04:06.990"
"ABB","37.460","13","37.470","2","9","37.33","d645f3ab-5439-4ffd-95a7-58e2135ec9f8","2022-01-20 15:04:06.990"
"ABB","37.460","11","37.470","16","9","37.33","e11e80e0-b735-44cb-97ff-576c8513dc71","2022-01-20 15:04:06.990"
"ABB","37.480","1","37.480","23","9","37.33","da78d444-8c7e-4db9-9c23-dbffaefb7c52","2022-01-20 15:04:06.990"
"ABB","37.490","7","37.500","10","9","37.33","b14f0e33-bbd8-4146-aa29-746c9ce7181e","2022-01-20 15:04:06.990"
"ABB","37.500","10","37.510","16","9","37.33","ebcb3a00-08d1-40eb-aedf-41212afcfe97","2022-01-20 15:04:06.990"
"ABB","37.510","12","37.520","18","9","37.33","f75be822-bf08-4739-9f97-f3a0e2f53d2a","2022-01-20 15:04:06.990"
"ABB","37.520","1","37.530","43","9","37.33","9338a1b9-4866-4923-a56f-4ead216d8e7a","2022-01-20 15:04:06.990"
"ABB","37.520","7","37.530","8","9","37.33","4117c816-fe3a-41e9-b32b-622b0e6945c0","2022-01-20 15:04:06.990"
"ABB","37.480","3","37.490","11","9","37.33","5b0eac13-6300-430a-b9fc-bcfe2c69fb25","2022-01-20 15:04:06.990"
"ABB","37.320","15","37.330","8","-9","37.33","526328b2-0833-49ed-9d58-779ca983ac81","2022-01-20 15:04:57.073"
"ABB","37.320","15","37.330","8","-9","37.33","8b432d2b-5a00-4a9c-9fb7-4ea27b5ff561","2022-01-20 15:04:57.073"
"ABB","37.320","15","37.330","8","-9","37.33","dbc297af-7f81-4ce5-9f33-c3ece8ba90f6","2022-01-20 15:04:57.073"
"ABB","37.320","17","37.330","10","-9","37.33","bba785bf-6eab-4047-8d57-9a0a86be2344","2022-01-20 15:05:00.799"
"ABB","37.320","17","37.330","10","-9","37.33","7e26b195-6066-424f-8945-dbd0540e635c","2022-01-20 15:05:00.799"
"ABB","37.320","17","37.330","10","-9","37.33","c3b0762c-b4ff-49d5-b442-97294a9ffa60","2022-01-20 15:05:00.799"
"ABB","37.320","17","37.330","10","-9","37.33","0a2315df-3135-4ed6-89cb-1c021f133208","2022-01-20 15:05:00.799"
"ABB","37.320","17","37.330","10","-9","37.33","a794871f-76e4-4640-84c5-9ae4bea1ec49","2022-01-20 15:05:00.799"
"ABB","37.320","2","37.330","22","-9","37.33","210d6ddc-8bca-48dc-ad8b-cdeab15ae39f","2022-01-20 15:06:21.895"
"ABB","37.320","2","37.330","22","-9","37.33","462e273b-e5e0-4a49-85eb-1a2ac7d46964","2022-01-20 15:06:21.895"
"ABB","37.320","8","37.330","18","-9","37.33","5b60f6ba-f4cd-43bc-9b13-40ab49abd139","2022-01-20 15:06:21.895"
"ABB","37.320","18","37.330","13","-9","37.33","2021c48e-bd3e-4bf1-b7a2-b622ad27c915","2022-01-20 15:06:21.895"
"ALB","221.100","1","221.450","3","2","220.00","41dd62d3-daf2-40a7-bcdd-951393a5c237","2022-01-20 10:18:38.925"
"ALB","221.100","1","221.440","1","2","220.00","84733606-a0dc-4509-b70e-e1c5a4396704","2022-01-20 10:18:38.925"
"ALB","220.920","2","221.270","3","2","218.88","84e65050-5486-4206-88d5-6414934d427c","2022-01-20 10:19:49.718"
"ALB","220.920","2","221.140","2","2","218.88","f7fb1e58-d5e1-4b25-84d8-9f98348a262e","2022-01-20 10:19:49.718"
"ALB","220.990","1","221.260","1","2","218.88","0d87a0f0-9793-4fc8-adfb-bdd2650f6d78","2022-01-20 10:19:49.718"
"ALB","221.020","1","221.260","1","2","218.88","5bf12032-bba5-427f-9feb-4a43fb6cf88c","2022-01-20 10:19:49.718"
"ALB","220.880","1","221.050","1","2","218.78","7afd87ae-d69d-48a4-838a-e642d3dfee25","2022-01-20 10:20:00.517"
"ALB","220.840","1","221.050","1","2","218.78","72edf4b5-1b01-444e-a777-c2a6eb7a0bb0","2022-01-20 10:20:00.517"
"ALB","220.830","1","221.470","3","2","218.78","46cb6f80-30cb-489e-aef2-6b4b4210673e","2022-01-20 10:20:00.517"
"ALB","220.880","1","221.290","1","2","218.78","6a4be438-9551-41c4-98f9-df9bda42a5fd","2022-01-20 10:20:00.517"
"ALB","221.070","1","221.370","2","2","218.78","51d3126c-ba88-4764-b150-7c8068a99ea8","2022-01-20 10:20:00.517"
"ALB","219.030","3","219.790","1","-2","219.95","669bf7ff-4da5-4925-b798-09fc74423ee8","2022-01-20 10:20:21.097"
"ALB","219.030","3","219.790","1","-2","219.95","f04a3c4c-3ea7-4b1b-b3a7-4688fb882e80","2022-01-20 10:20:21.097"
"ALB","219.030","3","219.790","1","-2","219.95","ccc5ef9d-73f7-4e89-8dcb-b28748dfb9c5","2022-01-20 10:20:21.097"
"ALB","219.030","3","219.790","1","-2","219.95","769fbfc5-41b5-46ad-961a-8f998140daed","2022-01-20 10:20:21.097"
"ALB","219.030","3","219.790","1","-2","219.95","1480f3bf-7287-4089-b703-42208ef75cd3","2022-01-20 10:20:21.097"
"ALB","219.030","3","219.790","1","-2","219.95","8d8f05a4-ef89-4f50-b30c-b05a4561aa2b","2022-01-20 10:20:21.097"
"ALB","219.310","1","219.950","1","-2","219.98","3bb88830-0bc1-4ed7-9c68-b5a942e1261f","2022-01-20 10:20:35.137"
"ALB","219.310","1","219.950","1","-2","219.98","2894cf04-6b70-4196-bb4a-b0c2ff804e8f","2022-01-20 10:20:35.137"
"ALB","219.310","1","219.950","1","-2","219.98","ed7d046b-cc02-4ec7-a073-d35f80133c80","2022-01-20 10:20:35.137"
"ALB","219.530","1","219.980","1","-2","219.98","f375662f-db75-40e9-8d65-7f90fecd85a4","2022-01-20 10:20:45.793"
"ALB","219.820","1","220.310","1","-2","220.32","4a832fbf-53e4-436c-bed5-0e4eff4bedd2","2022-01-20 10:20:56.539"
"ALB","225.060","1","225.410","1","2","224.93","72e7a305-66cd-43d0-aff4-081f2c7ca65b","2022-01-20 11:15:44.301"
"ALB","224.750","1","225.040","1","-2","225.04","51af9ac3-fbd4-44e1-b613-b2bbcec49e84","2022-01-20 11:16:23.428"
"ALB","224.820","1","225.340","3","2","224.91","07f8431a-79b9-47fb-bca2-9cd48a9097b9","2022-01-20 11:17:00.829"
"ALB","224.750","1","225.170","1","-2","225.19","08d970a7-d1b3-4f32-8f0a-b855cb26678f","2022-01-20 11:18:58.265"
"ALB","224.910","1","225.450","2","2","224.87","4c5c16d6-fa8f-4a7f-9f9c-f08bda9bdceb","2022-01-20 11:30:31.040"
"ALB","224.830","2","225.170","1","-2","225.17","430db0f3-d588-44e3-8a2e-fc5004edfb99","2022-01-20 11:34:03.101"
"ALB","225.520","1","225.750","1","2","224.57","e7f8ca9b-205b-4f3b-8978-3e7dfe708d6a","2022-01-20 11:42:37.001"
"ALB","225.530","1","225.750","1","2","224.57","6470409a-8117-4358-bba1-416327dbc7db","2022-01-20 11:42:37.001"
"ALB","225.530","1","225.750","1","2","224.57","e40677c5-f2d7-4dfa-a5b7-3ae061fe0fbb","2022-01-20 11:42:37.001"
"ALB","225.530","1","225.750","1","2","224.50","423353f1-a314-499c-a3aa-efce7c2eb569","2022-01-20 11:42:37.886"
"ALB","225.560","1","225.750","1","2","224.50","f572fb45-ce00-4eec-a28f-25db6121a4ec","2022-01-20 11:42:37.886"
"ALB","225.560","1","225.750","1","2","224.50","c9fa2575-5178-4275-88fb-4cbea5f51112","2022-01-20 11:42:37.886"
"ALB","225.540","2","225.750","1","2","224.50","d2890b44-b785-407a-95f7-20b2f8c395a0","2022-01-20 11:42:37.886"
"ALB","225.540","2","225.750","1","2","224.50","4d8b0dfb-6f4b-4915-9f8a-b520dd133e92","2022-01-20 11:42:37.886"
"ALB","225.510","1","225.750","2","2","224.50","088eac2e-e6c0-400d-a418-bf6b58c021c1","2022-01-20 11:42:37.886"
"ALB","225.510","1","225.750","1","2","224.50","6ede2247-804f-4372-ace3-117ca1f99062","2022-01-20 11:42:37.886"
"ALB","225.370","1","225.730","5","2","224.50","5dea9457-8615-4914-9264-c52095629431","2022-01-20 11:42:37.886"
"ALB","224.420","1","224.730","2","-2","224.77","43b3eb46-d120-428f-badc-48e300fe4e11","2022-01-20 11:42:56.784"
"ALB","224.420","1","224.730","2","-2","224.77","626593bb-4749-4b4f-b385-0c4e3f00f00e","2022-01-20 11:42:56.784"
"ALB","224.420","1","224.730","2","-2","224.77","cd84a0c3-e40a-46f2-b4ee-2e667544a6a4","2022-01-20 11:42:56.784"
"ALB","224.420","1","224.730","2","-2","224.77","936eec27-f6f7-4dc4-bce2-670be91d5154","2022-01-20 11:42:56.784"
"ALB","224.420","1","224.730","2","-2","224.77","894d59fa-cb89-489a-9797-b6ee947b0c14","2022-01-20 11:42:56.784"
"ALB","224.420","1","224.730","2","-2","224.77","b00d8720-2124-47c9-9117-7aef58b9a6ff","2022-01-20 11:42:56.784"
"ALB","224.740","1","225.090","1","-2","225.09","556bd2e1-d2d7-4a27-8310-babeaba77084","2022-01-20 11:43:02.157"
"ALB","224.740","1","225.090","1","-2","225.09","8f82a308-5377-4c04-98a7-097247ac3b67","2022-01-20 11:43:02.157"
"ALB","224.740","1","225.090","1","-2","225.09","681776e6-47cf-41b6-91a9-f62a28f2d709","2022-01-20 11:43:02.157"
"ALB","224.760","1","225.200","2","-2","225.23","92e67fd2-1180-43b6-8ec2-ec1e609f63a1","2022-01-20 11:43:27.966"
"ALB","224.710","1","224.980","1","-2","224.98","bc87db74-ee9c-4453-8727-24a978c50cb2","2022-01-20 11:45:08.526"
"ALB","225.510","2","225.920","3","2","225.20","28174f28-4af5-44fa-801a-0b08046ca489","2022-01-20 12:10:01.233"
"ALB","225.510","2","225.920","3","2","225.20","a90080ce-9ae0-4fa8-a086-8b2a8472d36c","2022-01-20 12:10:01.233"
"ALB","225.520","1","225.910","2","2","225.20","10f1b4ee-2da5-45a6-8024-ee76df4dd30e","2022-01-20 12:10:01.233"
"ALB","225.520","1","225.910","2","2","225.20","147eecb9-f079-44ab-9f0a-ebd0b1b8c7f3","2022-01-20 12:10:01.233"
"ALB","225.180","3","225.760","2","2","225.20","1816613e-8f47-431e-a131-866776fca150","2022-01-20 12:10:01.233"
"ALB","225.040","1","225.380","1","-2","225.38","07a1784c-1357-4670-93a2-fcea29e55b33","2022-01-20 12:10:44.954"
"ALB","225.000","3","225.470","2","-2","225.48","fbb61247-97ac-43b4-b37f-0442a185eb60","2022-01-20 12:10:45.528"
"ALB","225.000","3","225.470","2","-2","225.48","bb2557b6-4b70-4ed4-85fe-553e8d7b2d85","2022-01-20 12:10:45.528"
"ALB","225.000","3","225.470","2","-2","225.48","3fc44d4e-5a20-4f27-839a-8719b9b7be6a","2022-01-20 12:10:45.528"
"ALB","225.370","1","225.730","4","-2","225.73","8356212b-10f8-44cf-8374-99ae4deafcb7","2022-01-20 12:10:56.556"
"ALB","226.300","1","226.580","1","2","225.51","b59406a9-74d1-44c5-9315-ea06530eb00b","2022-01-20 12:47:05.486"
"ALB","226.570","1","226.920","2","2","225.44","c6f43668-d2a7-426b-86b3-f42491c4b503","2022-01-20 12:47:06.050"
"ALB","226.570","1","226.920","2","2","225.44","3b2256e8-e86c-4113-afef-eb6ab2093aed","2022-01-20 12:47:06.050"
"ALB","226.860","1","227.160","1","2","225.44","fe6085d7-769c-4022-bb3e-3ddb133ea095","2022-01-20 12:47:06.050"
"ALB","226.760","2","227.130","1","2","225.36","4a1808d0-d5b6-4a30-894c-2ba76d73571d","2022-01-20 12:47:06.050"
"ALB","226.790","2","227.260","2","2","225.36","31c4daf4-0596-4609-8456-2c7e6d84307c","2022-01-20 12:47:06.050"
"ALB","226.760","2","227.100","1","2","225.36","b8d31c15-bcec-4427-8527-329220527b36","2022-01-20 12:47:06.050"
"ALB","226.760","2","227.100","1","2","225.36","0601a4ae-928d-44ef-b3b2-bb1f02be8c52","2022-01-20 12:47:06.050"
"ALB","226.790","1","227.120","1","2","225.36","126fa021-147a-43c1-941f-90290379e536","2022-01-20 12:47:06.050"
"ALB","226.790","1","227.120","1","2","225.36","837b171f-2111-4132-81b2-1ad8f2157720","2022-01-20 12:47:06.050"
"ALB","226.350","2","226.770","1","2","225.36","34d9c307-af40-4246-a907-35010b593aa9","2022-01-20 12:47:06.050"
"ALB","226.180","3","226.760","2","2","225.36","3baef282-c896-4eeb-9923-9bc5cc6d5cb8","2022-01-20 12:47:06.050"
"ALB","226.180","3","226.750","1","2","225.36","1b10c017-398b-41d4-a422-a3337e8318ef","2022-01-20 12:47:06.050"
"ALB","226.180","2","226.560","1","2","225.36","c51055f6-8d75-4935-beeb-ed29ee2bc445","2022-01-20 12:47:06.050"
"ALB","226.130","1","226.530","2","2","225.36","435b14c5-9552-494a-8cc3-12a950d7f175","2022-01-20 12:47:06.050"
"ALB","226.130","2","226.510","2","2","225.36","3cfaf1d3-39fc-41b1-a671-651bfe1bd2e4","2022-01-20 12:47:06.050"
"ALB","226.060","1","226.480","2","2","225.36","aef6d4a5-0bc6-40e0-afab-ec3f86f528b1","2022-01-20 12:47:06.050"
"ALB","226.030","1","226.460","2","2","225.36","2b52be0d-d98f-4777-9d47-ef7e071bdc56","2022-01-20 12:47:06.050"
"ALB","225.180","2","225.390","1","-2","225.40","772090b4-2057-4172-8dd9-5182bcb2e912","2022-01-20 12:50:01.883"
"ALB","225.180","2","225.390","1","-2","225.40","f7275035-3490-4d02-9dcd-9099f4401aaa","2022-01-20 12:50:01.883"
"ALB","225.180","2","225.390","1","-2","225.40","fafe9b51-cb17-4cbd-92d3-bd63fdb32f5e","2022-01-20 12:50:01.883"
"ALB","225.180","2","225.390","1","-2","225.40","225f10c0-0dc9-4c6c-92d7-c694abe34af9","2022-01-20 12:50:01.883"
"ALB","225.180","2","225.390","1","-2","225.40","d762e2c4-bc51-4227-a975-75a39b4987ab","2022-01-20 12:50:01.883"
"ALB","225.180","2","225.390","1","-2","225.40","7dce6842-5395-4d0c-9308-92f7a12fce0d","2022-01-20 12:50:01.883"
"ALB","225.180","2","225.390","1","-2","225.40","db681848-f574-4cc7-9641-2a98b9b74569","2022-01-20 12:50:01.883"
"ALB","225.180","2","225.390","1","-2","225.40","0233cc3e-2a79-40c3-b9b4-e8274b728752","2022-01-20 12:50:01.883"
"ALB","225.180","2","225.390","1","-2","225.40","4e31b20b-43d1-4fd6-a53b-59c46132de5d","2022-01-20 12:50:01.883"
"ALB","225.170","1","225.380","1","-2","225.40","07f23790-6732-48ce-b5ad-9c149dc3ce52","2022-01-20 12:50:01.883"
"ALB","225.170","1","225.380","1","-2","225.40","0cc76fcf-2b33-45fe-8ef9-d7710c8e25f7","2022-01-20 12:50:01.883"
"ALB","225.170","1","225.380","1","-2","225.40","164629ef-2caa-4096-9e74-c0860ae8438d","2022-01-20 12:50:01.883"
"ALB","225.170","1","225.380","1","-2","225.40","8e397eb6-71de-491c-a68b-d17d142d71d2","2022-01-20 12:50:01.883"
"ALB","225.170","1","225.380","1","-2","225.40","7f47cb94-5de7-44c0-867e-b6be533aea1c","2022-01-20 12:50:01.883"
"ALB","225.170","1","225.380","1","-2","225.40","d8ea9ed0-5342-493b-a80b-4a4a736f8684","2022-01-20 12:50:01.883"
"ALB","225.170","1","225.380","1","-2","225.40","ba751d3d-06af-4728-a139-9c86af7bb6ba","2022-01-20 12:50:01.883"
"ALB","225.180","1","225.380","1","-2","225.40","5e3787f7-eb44-4d2b-baca-e0059e1debd7","2022-01-20 12:50:01.883"
"ALB","225.130","2","225.380","1","-2","225.40","34382c3c-a810-448e-8dff-b5a5504cfaa7","2022-01-20 12:50:01.883"
"ALB","225.200","2","225.360","1","2","224.62","2ec2cfd2-81dd-4d1e-aa66-b841bc3b0855","2022-01-20 13:15:34.676"
"ALB","224.000","1","224.310","1","-2","224.35","18b8bbc9-3610-4e96-a205-d760f6a206a6","2022-01-20 13:17:07.652"
"ALB","224.380","2","224.690","1","2","224.69","14ed4a5f-e1c7-4562-a0a6-14271d394e46","2022-01-20 13:28:00.006"
"ALB","223.860","1","224.030","1","-2","224.09","5df0ddde-08c0-400d-9398-7271282f2272","2022-01-20 13:31:03.976"
"ALB","224.130","1","224.400","1","2","224.13","9883ffe5-7dad-4196-8754-6e10033b2f8b","2022-01-20 13:40:28.789"
"ALB","224.200","1","224.460","1","2","223.95","acaca1cc-4cdd-44b1-a142-9c0d375406a5","2022-01-20 13:41:07.992"
"ALB","223.410","1","223.680","1","-2","223.68","3601c830-9a6f-4648-a1c0-b96270436603","2022-01-20 13:46:19.391"
"ALB","223.410","1","223.670","2","-2","223.68","71b06749-3d56-4398-9f1c-7c64fb6754a9","2022-01-20 13:46:19.391"
"ALB","224.520","1","224.880","2","2","224.00","f80163d6-eed0-4b88-a601-4fcc4b729a7a","2022-01-20 14:12:11.242"
"ALB","224.260","1","224.540","1","2","224.00","2d596e52-0e6b-4ade-bc3a-69293dfe426a","2022-01-20 14:12:11.242"
"ALB","224.260","1","224.560","1","2","224.00","adf18fdb-4ffd-462f-bc08-c6b9c992f0da","2022-01-20 14:12:11.242"
"ALB","224.260","1","224.600","2","2","224.00","2f704200-b75a-4c2c-a967-e636bfa33fd7","2022-01-20 14:12:11.242"
"ALB","224.260","1","224.600","2","2","224.00","f8eea6b4-2eb1-4a43-a4a4-5141e755cd7f","2022-01-20 14:12:11.242"
"ALB","223.960","2","224.280","1","2","224.00","8c8f92c1-a094-4041-867f-473baad59d71","2022-01-20 14:12:11.242"
"ALB","224.520","2","224.790","1","2","223.84","82c604d4-e355-41da-b442-991e3624c01c","2022-01-20 14:12:14.570"
"ALB","224.570","2","224.790","2","2","223.84","87c02ce7-04bd-4142-9725-dbac8f2f75f0","2022-01-20 14:12:14.570"
"ALB","224.520","2","224.880","2","2","223.84","ae2ce20e-97c0-483a-8eec-752c73ad3199","2022-01-20 14:12:14.570"
"ALB","224.520","1","224.810","1","2","223.80","da4a0a5d-e8eb-469a-9030-604aaed0ba2a","2022-01-20 14:12:15.684"
"ALB","224.520","1","224.810","1","2","223.80","abae9cdc-18c1-4f68-80c3-9a4dcff02c49","2022-01-20 14:12:15.684"
"ALB","224.520","1","224.810","1","2","223.80","107ef08a-9b88-4ec9-bac5-4a417eeb30a1","2022-01-20 14:12:15.684"
"ALB","224.520","3","224.810","1","2","223.80","0e31cda4-6427-4ca9-94e6-46d3d9917b9e","2022-01-20 14:12:15.684"
"ALB","224.520","1","224.780","1","2","223.80","8b8a658c-e72e-4f55-b73b-596c80b99316","2022-01-20 14:12:15.684"
"ALB","224.680","2","225.000","1","2","223.80","aaabff4f-246e-471f-af18-bcbffb77553a","2022-01-20 14:12:15.684"
"ALB","223.100","1","223.300","1","-2","223.30","d5e366d4-1884-49e6-b56b-17e287a04b82","2022-01-20 14:12:54.940"
"ALB","223.100","1","223.300","1","-2","223.30","f8c8267b-5df5-44fa-86b6-a41dffc4bfa1","2022-01-20 14:12:54.940"
"ALB","223.100","1","223.370","1","-2","223.37","99ffd939-9547-4ea8-be86-2930a8793cb7","2022-01-20 14:12:54.947"
"ALB","223.100","1","223.370","1","-2","223.37","78ef7ce5-5c51-478d-a4b0-5616ef114777","2022-01-20 14:12:54.947"
"ALB","223.100","1","223.370","1","-2","223.37","c91ceb02-b365-4b1b-98db-85eb5558cae2","2022-01-20 14:12:54.947"
"ALB","223.100","1","223.370","1","-2","223.37","ae6ede8f-7763-41b9-aee9-eb4818dc76ab","2022-01-20 14:12:54.947"
"ALB","223.240","2","223.570","1","-2","223.57","74137e82-a5f1-48c9-a0de-952cf1992ef4","2022-01-20 14:13:00.172"
"ALB","222.950","1","223.270","1","-2","223.27","859d872f-1c5b-4388-8874-6980337211b4","2022-01-20 14:14:31.926"
"ALB","222.950","1","223.270","1","-2","223.27","97c97960-ec40-43c6-bc45-007a9be0639c","2022-01-20 14:14:31.926"
"ALB","222.950","1","223.270","1","-2","223.27","a970fe36-82f2-42be-b8cb-dc07dabda172","2022-01-20 14:14:31.926"
"ALB","222.950","1","223.270","1","-2","223.27","a3238af0-c578-4424-9049-17406a594fb2","2022-01-20 14:14:31.926"
"ALB","222.820","2","223.170","1","-2","223.17","10b69985-1a65-4f88-a170-a80d27cf0a08","2022-01-20 14:15:26.817"
"ALB","222.820","2","223.170","1","-2","223.17","16e6d8b2-4e4c-49b2-986b-72afa2261bee","2022-01-20 14:15:26.817"
"ALB","222.590","2","222.880","1","-2","222.88","2105e7b6-3a71-410e-b791-a965d4499141","2022-01-20 14:17:01.343"
"ALB","222.780","2","223.090","2","-2","223.09","e3e4a2e9-36e8-4c0e-aef8-d27573224614","2022-01-20 14:18:10.362"
"ALC","79.300","7","79.380","8","5","79.25","5182f775-a7bc-4731-aedf-8613e1fa7579","2022-01-20 10:18:55.776"
"ALC","79.280","7","79.330","1","5","79.25","1fbeeba3-e5da-4595-aa9d-81db5e45fc0d","2022-01-20 10:18:55.776"
"ALC","79.260","9","79.330","1","5","79.25","cb476255-baf3-4408-99ea-1bbf86b04e54","2022-01-20 10:18:55.776"
"ALC","79.260","7","79.320","7","5","79.25","6694d87b-3383-479d-92d7-760d3c886f2d","2022-01-20 10:18:55.776"
"ALC","79.260","7","79.320","7","5","79.25","a955cb88-1392-49f3-bd91-530c402006b5","2022-01-20 10:18:55.776"
"ALC","79.300","7","79.380","7","5","79.20","2b113d69-08a9-48cc-b699-c0b31f7efc28","2022-01-20 10:18:57.069"
"ALC","79.320","7","79.400","1","5","79.20","de46a88a-a83c-4442-98f8-fa146c735c31","2022-01-20 10:18:57.069"
"ALC","79.280","1","79.340","7","5","79.20","f7cd0edf-8582-4efd-bdeb-1e066ddd4608","2022-01-20 10:18:57.069"
"ALC","79.300","7","79.380","2","5","79.20","963c32b2-f15b-45c1-933e-9a43ea49c5ab","2022-01-20 10:18:57.069"
"ALC","79.260","1","79.300","9","5","79.18","d112aad3-b98c-41bb-9303-318e10d9eb19","2022-01-20 10:19:39.347"
"ALC","79.260","7","79.340","9","5","79.18","4b862ccd-d437-4ba5-b471-b49e8ba46661","2022-01-20 10:19:39.347"
"ALC","79.180","9","79.230","1","-5","79.23","a758d520-9c85-44e1-87b3-ce96cbfc9200","2022-01-20 10:19:40.704"
"ALC","79.200","6","79.250","2","-5","79.25","ab00de24-1fce-4544-8c45-427fbb31bdfc","2022-01-20 10:20:01.613"
"ALC","79.240","7","79.280","2","-5","79.28","16c6e60f-6668-460a-9355-9aa61c8c9110","2022-01-20 10:20:25.043"
"ALC","79.240","7","79.280","2","-5","79.28","8fc36910-6f1a-4ba3-97cc-84e127bd2568","2022-01-20 10:20:25.043"
"ALC","79.240","7","79.280","2","-5","79.28","9100b0c7-c079-4ade-a324-1ec10111d3c4","2022-01-20 10:20:25.043"
"ALC","79.240","7","79.280","2","-5","79.28","75288666-c076-4c50-97ff-e6efdee6ac4d","2022-01-20 10:20:25.043"
"ALC","79.240","7","79.280","2","-5","79.28","2c0244b5-1dd8-4e01-aa8f-7a42eb97ece4","2022-01-20 10:20:25.043"
"ALC","79.270","1","79.330","1","-5","79.34","eb0105b2-b0a9-4c67-9d62-99ba9e632dc1","2022-01-20 10:20:50.106"
"ALC","79.270","1","79.330","1","-5","79.34","bd1f21da-fc1d-45ad-bb76-a4600f5d387b","2022-01-20 10:20:50.106"
"ALC","79.280","2","79.350","3","-5","79.35","b507da96-5574-46bd-8f8a-3cee6be59c32","2022-01-20 10:22:48.567"
"ALC","79.320","7","79.380","2","-5","79.38","a72e7a46-d721-4682-924b-8e1edea7e463","2022-01-20 10:24:11.619"
"ALC","79.660","7","79.730","1","5","79.51","568db0b7-1313-4bd6-9a7f-9bfab824e2a1","2022-01-20 11:15:51.789"
"ALC","79.640","7","79.720","8","5","79.51","15f7d634-194f-4889-82c4-312493acc62b","2022-01-20 11:15:51.789"
"ALC","79.640","7","79.720","8","5","79.51","16f2c25f-361e-4109-89c0-762a33d383dd","2022-01-20 11:15:51.789"
"ALC","79.620","7","79.700","9","5","79.51","16f381f9-a724-4345-a485-64e1d6e40bae","2022-01-20 11:15:51.789"
"ALC","79.620","7","79.700","9","5","79.51","bc34d00b-d413-4b66-bdc4-10c9ed7afbc7","2022-01-20 11:15:51.789"
"ALC","79.560","7","79.620","12","5","79.51","84192f8f-120b-40cb-b238-8501eaba8c1d","2022-01-20 11:15:51.789"
"ALC","79.560","7","79.620","12","5","79.51","803d9879-0fdb-4106-bfbb-d3884682a9b9","2022-01-20 11:15:51.789"
"ALC","79.560","7","79.620","5","5","79.51","72de1068-f7fe-471a-a022-c6e43e5d3261","2022-01-20 11:15:51.789"
"ALC","79.580","7","79.620","5","5","79.51","0da872ee-d78d-4086-b353-800d4ab8db39","2022-01-20 11:15:51.789"
"ALC","79.580","7","79.620","5","5","79.51","bcc556f4-71e9-4a18-9a34-29b0e9bcb9f6","2022-01-20 11:15:51.789"
"ALC","79.510","1","79.560","7","-5","79.56","de7309b0-789e-4163-a3fd-f0f71863a327","2022-01-20 11:16:27.461"
"ALC","79.510","1","79.560","7","-5","79.56","7af7b6b8-c641-472f-806c-94b17928b790","2022-01-20 11:16:27.461"
"ALC","79.510","1","79.560","7","-5","79.56","6f5020a4-c8f8-4847-a64f-da145cfd9d7a","2022-01-20 11:16:27.461"
"ALC","79.520","7","79.560","2","-5","79.56","49195c4c-5252-46aa-b8b6-8945da6e569c","2022-01-20 11:18:02.433"
"ALC","79.520","7","79.560","2","-5","79.56","1cb0ad38-32bd-4b29-830e-cfdf59720e54","2022-01-20 11:18:02.433"
"ALC","79.520","7","79.560","1","-5","79.56","27613f4e-6dc5-4ce9-8a93-7932afb56c94","2022-01-20 11:18:02.433"
"ALC","79.500","5","79.540","4","-5","79.54","1217e292-43b1-4d0c-b0b3-6eb45331f155","2022-01-20 11:19:53.744"
"ALC","79.500","5","79.540","4","-5","79.54","f317d03c-e923-49e9-a4eb-4c03f65718ae","2022-01-20 11:19:53.744"
"ALC","79.500","6","79.540","3","-5","79.54","1f201751-cca5-49bb-baf1-1cf61736753f","2022-01-20 11:19:53.744"
"ALC","79.500","7","79.540","4","-5","79.54","4bad9d89-1137-44a8-b970-b9bf804c5ed8","2022-01-20 11:19:53.744"
"ALC","79.370","2","79.490","1","5","79.32","b2b83974-a233-478f-9b6d-da0fa74a035c","2022-01-20 11:55:20.465"
"ALC","79.370","2","79.490","1","5","79.32","57c1ec58-777c-40c7-b97f-5a93d1b308ac","2022-01-20 11:55:20.465"
"ALC","79.370","2","79.490","1","5","79.32","08e8f4e8-785c-4697-86b6-aa46946476c7","2022-01-20 11:55:20.465"
"ALC","79.310","3","79.390","1","-5","79.39","60462747-b645-463c-9bb7-10c549063e04","2022-01-20 11:57:12.732"
"ALC","79.310","3","79.390","1","-5","79.39","6abed0e4-253a-4692-a43c-4690baea7852","2022-01-20 11:57:12.732"
"ALC","79.310","3","79.390","2","-5","79.39","783004f4-1ea5-4eb7-97df-65c7cb360907","2022-01-20 11:58:08.227"
"ALC","79.310","2","79.410","2","5","79.23","1fd7ab48-c74a-4602-9b3e-29a8ab426327","2022-01-20 12:04:20.713"
"ALC","79.370","2","79.480","2","5","79.15","1d9ec17b-fe89-4724-95ba-ccdb71aa6dee","2022-01-20 12:05:46.244"
"ALC","79.360","2","79.480","2","5","79.15","82e1af79-e86d-45a3-bbcd-5a03074b47b3","2022-01-20 12:05:46.244"
"ALC","79.360","2","79.480","2","5","79.15","4eefd3e8-4475-4914-bd0a-34deaeb28292","2022-01-20 12:05:46.244"
"ALC","79.360","2","79.480","2","5","79.15","3feed98d-c614-4caa-b834-969f64b95fbe","2022-01-20 12:05:46.244"
"ALC","79.320","3","79.440","3","5","79.13","564a5c8a-d564-4798-acc9-d56b994f0767","2022-01-20 12:08:19.551"
"ALC","79.320","3","79.440","3","5","79.13","d3c4c4de-e9cf-4c7a-9ef6-3e986c7f5882","2022-01-20 12:08:19.551"
"ALC","79.330","3","79.440","3","5","79.13","814bdf67-496f-48e8-9659-8168f19ebe1c","2022-01-20 12:08:19.551"
"ALC","79.310","2","79.410","1","5","79.13","1555e968-16d9-4854-93da-f874df00c3ff","2022-01-20 12:08:19.551"
"ALC","79.310","2","79.410","1","5","79.13","bf3a1135-deae-4d87-b502-a179f87b8e51","2022-01-20 12:08:19.551"
"ALC","79.360","2","79.480","2","5","79.13","b6e9a036-de83-417f-af02-1a04adaf5452","2022-01-20 12:08:29.038"
"ALC","79.330","3","79.440","3","5","79.13","732de732-35e6-400b-8eae-35f3b739a41f","2022-01-20 12:08:29.038"
"ALC","79.320","1","79.440","3","5","79.13","3eb9bc41-856c-4a05-a57b-55eb306adb81","2022-01-20 12:08:29.038"
"ALC","79.320","2","79.440","3","5","79.13","750db79c-04c4-440b-b319-b35286bf8acc","2022-01-20 12:08:29.038"
"ALC","79.320","3","79.440","3","5","79.13","a111755f-1ab7-4cf9-ae0b-82c86e5e6f37","2022-01-20 12:08:29.038"
"ALC","79.110","1","79.180","3","-5","79.18","deac63c6-bb16-4286-88e2-3374ef715b25","2022-01-20 12:09:55.105"
"ALC","79.110","1","79.180","3","-5","79.18","e426c505-24ce-4156-a44c-ce9eb86e06c7","2022-01-20 12:09:55.105"
"ALC","79.110","1","79.180","3","-5","79.18","19ba17f5-3db1-4930-ba2d-c4bc9aed5016","2022-01-20 12:09:55.105"
"ALC","79.110","1","79.180","3","-5","79.18","8a2bccec-13ec-4e16-b785-204b88f2d41c","2022-01-20 12:09:55.105"
"ALC","79.110","1","79.180","3","-5","79.18","f6415d77-908e-4326-824c-9c2e87cdb3a7","2022-01-20 12:09:55.105"
"ALC","79.110","1","79.180","3","-5","79.18","de7e0c1a-9788-4f5e-8a5d-b6c5cb1630e5","2022-01-20 12:09:55.105"
"ALC","79.110","1","79.180","3","-5","79.18","0dfc1519-c902-4f62-b62b-0675f59db778","2022-01-20 12:09:55.105"
"ALC","79.110","1","79.180","3","-5","79.18","fb45c857-5584-4484-b788-7798d1725dc7","2022-01-20 12:09:55.105"
"ALC","79.110","1","79.180","3","-5","79.18","97f1433d-ca53-4ebe-b787-eecde3c2e49d","2022-01-20 12:09:55.105"
"ALC","79.110","1","79.180","3","-5","79.18","0d392344-13d9-4142-94c9-a209b43feae8","2022-01-20 12:09:55.105"
"ALC","79.110","1","79.180","3","-5","79.18","697de9d2-df1f-4113-8d9d-27e4e35051c1","2022-01-20 12:09:55.105"
"ALC","79.110","1","79.180","3","-5","79.18","eb8c7457-78a3-4bef-8f54-6ad4965ea7fc","2022-01-20 12:09:55.105"
"ALC","79.110","1","79.180","3","-5","79.18","013bbe85-2add-4801-aca6-8fa4d9151611","2022-01-20 12:09:55.105"
"ALC","79.110","1","79.180","3","-5","79.18","53ac9531-4159-4198-9075-f7a260174f91","2022-01-20 12:09:55.105"
"ALC","79.110","1","79.180","3","-5","79.18","ed1ee39a-8a23-4a14-8dd9-ab7601e8c035","2022-01-20 12:10:02.255"
"ALC","79.100","1","79.180","3","5","79.18","a37b3b52-585c-4cad-a8f4-c5cfa2291371","2022-01-20 12:18:20.006"
"ALC","79.060","2","79.140","1","-5","79.14","dc89fe00-057a-42b2-84b1-d25a8c7e2bcb","2022-01-20 12:23:35.293"
"ALC","79.130","1","79.220","2","5","79.13","433b8e42-8e8d-4faf-b79c-d8fc211d07a7","2022-01-20 12:28:14.979"
"ALC","79.130","1","79.220","2","5","79.13","2a2c09df-547e-4658-b1d3-77f70f71dadc","2022-01-20 12:28:14.979"
"ALC","79.130","1","79.220","2","5","79.13","1910f09b-9140-4531-894d-ae763dddb94b","2022-01-20 12:28:14.979"
"ALC","79.130","1","79.220","2","5","79.13","168e15d9-8093-42d4-8c87-9d87964020d0","2022-01-20 12:28:14.979"
"ALC","79.130","1","79.220","2","5","79.13","2b5225d3-7ea8-42a8-a461-c6ac6c6362c5","2022-01-20 12:28:14.979"
"ALC","79.160","3","79.220","2","-5","79.22","eca00483-8d1e-42a3-ae3f-c4a69cf2b167","2022-01-20 12:35:08.468"
"ALC","79.160","3","79.220","2","-5","79.22","382e0684-f2c9-435f-9895-bc6b55af9c80","2022-01-20 12:35:08.468"
"ALC","79.160","1","79.220","2","-5","79.22","31b82f8e-c0d3-4f24-bd67-a2ffc145140e","2022-01-20 12:36:08.132"
"ALC","79.190","1","79.320","2","-5","79.32","40b5bac3-9f44-4709-ae4e-81553e5eb149","2022-01-20 12:37:03.467"
"ALC","79.180","1","79.260","9","5","78.92","30a2e18c-0d91-47ae-8aff-be1ae1921477","2022-01-20 12:50:22.758"
"ALC","79.160","8","79.260","9","5","78.92","0ee3049f-5838-44f3-9879-f8ed5ced1c1c","2022-01-20 12:50:22.758"
"ALC","79.120","9","79.210","1","5","78.92","ae60ee30-0565-4617-ad4b-167402af668e","2022-01-20 12:50:22.758"
"ALC","78.920","1","78.990","2","-5","78.99","cbf6035f-0394-4831-83a8-3bb9b29df42f","2022-01-20 12:51:54.114"
"ALC","78.920","1","78.990","2","-5","78.99","e498f6fc-131e-466f-aecd-e732d6826026","2022-01-20 12:51:54.114"
"ALC","79.180","7","79.260","7","5","78.90","6ddfc9f9-6174-4e0f-8a85-9e89f82b85f8","2022-01-20 12:56:02.889"
"ALC","79.220","7","79.300","9","5","78.90","0afbdc4e-1848-4629-9bb0-e1e589ef249e","2022-01-20 12:56:02.889"
"ALC","79.220","7","79.300","9","5","78.90","98464171-a506-4d2a-b588-5ca74cdb4fd3","2022-01-20 12:56:02.889"
"ALC","79.160","8","79.230","2","5","78.90","ea2d7243-2ca3-4633-bd4b-5f05db265749","2022-01-20 12:56:02.889"
"ALC","79.160","8","79.230","2","5","78.90","d37a2150-2733-4d58-a299-c8713ec76901","2022-01-20 12:56:02.889"
"ALC","79.260","7","79.340","9","5","78.90","78c0eb47-20ad-4ed5-9702-12a7eee4ab1c","2022-01-20 12:56:02.889"
"ALC","79.260","7","79.320","1","5","78.90","af2845d0-fefa-4e46-96f0-e852f2c3d1f5","2022-01-20 12:56:02.889"
"ALC","79.260","9","79.350","2","5","78.90","f61262ab-295f-4907-b7a6-a2bf20bf6007","2022-01-20 12:56:02.889"
"ALC","78.920","3","79.000","2","-5","79.00","568f6ab6-32b5-40bf-9647-67b2421c40b0","2022-01-20 12:58:10.458"
"ALC","78.920","3","79.000","2","-5","79.00","402c0e75-d885-4079-889b-3fd3193f2cf1","2022-01-20 12:58:10.458"
"ALC","78.920","3","79.000","2","-5","79.00","af5ed008-93bd-4ed5-8e36-3d583c263776","2022-01-20 12:58:10.458"
"ALC","78.920","3","79.000","2","-5","79.00","32c466bc-f3bb-49e5-9583-b53a63800828","2022-01-20 12:58:10.458"
"ALC","78.920","3","79.000","2","-5","79.00","103bd2bc-13e3-4536-96f4-2a3b1594a3f4","2022-01-20 12:58:54.749"
"ALC","78.920","3","79.000","2","-5","79.00","5d4c4e06-7c55-4f63-bb19-cf5ec63020a6","2022-01-20 12:58:54.749"
"ALC","78.760","2","78.880","3","-5","78.88","d8e45b51-0aa0-4e32-a778-248d4909472a","2022-01-20 13:07:16.332"
"ALC","78.760","2","78.880","3","-5","78.88","a6f8c73c-59f8-44ec-958c-0a21ab1d1b03","2022-01-20 13:07:16.332"
"ALC","78.730","1","78.810","3","-5","78.81","1ce4ae0c-a423-4308-87df-1f40abb14532","2022-01-20 13:13:15.744"
"ALC","78.730","1","78.810","3","-5","78.81","65d63baf-634b-4daa-9463-47370c0298b5","2022-01-20 13:13:15.744"
"ALC","78.730","3","78.810","2","5","78.74","5b4b6f4a-db3d-4ca7-adb4-c84a38a61b0c","2022-01-20 13:30:34.216"
"ALC","78.740","2","78.810","2","5","78.74","df7b1a07-77f3-40a5-bbc1-86fc406b5b62","2022-01-20 13:30:34.216"
"ALC","78.740","2","78.810","2","5","78.74","8b3273a6-0d77-4c6d-9767-615253c33b30","2022-01-20 13:30:34.216"
"ALC","78.740","2","78.810","2","5","78.74","bb9bf261-a0ae-4c32-b4a1-f4dc150fe188","2022-01-20 13:30:34.216"
"ALC","78.790","1","78.890","2","5","78.74","c0e461cb-aab0-4a70-a216-7162223af91a","2022-01-20 13:30:34.216"
"ALC","78.790","1","78.880","2","5","78.74","e411257c-f760-497f-b830-28c78cac0d03","2022-01-20 13:30:34.216"
"ALC","78.790","1","78.880","2","5","78.74","778296ae-0b43-405e-ab75-81603396e83c","2022-01-20 13:30:34.216"
"ALC","78.760","3","78.850","2","-5","78.85","592b6cb3-a1da-408b-9205-cf90b40400f1","2022-01-20 13:34:36.734"
"ALC","78.760","3","78.850","2","-5","78.85","457d242a-cbf5-417c-b1d0-54e5ee4745bf","2022-01-20 13:34:36.734"
"ALC","78.760","3","78.850","2","-5","78.85","59176c82-2080-4ab6-8ff0-496efac13a9e","2022-01-20 13:34:36.734"
"ALC","78.760","2","78.850","2","-5","78.85","e2fa832f-183d-419c-bdb6-a406d5f94a97","2022-01-20 13:35:17.388"
"ALC","78.810","2","78.900","1","-5","78.90","732980b8-7e6d-41c4-8e43-c60a086d2c22","2022-01-20 13:37:22.734"
"ALC","78.820","2","78.900","2","-5","78.90","203d186e-e2e5-401a-b6c2-429587d546af","2022-01-20 13:37:57.235"
"ALC","78.830","1","78.900","1","-5","78.90","975b6369-96d6-4c00-9b2e-2731582f9709","2022-01-20 13:38:45.581"
"ALC","78.810","2","78.930","3","5","78.78","d118c10d-2ad2-49b0-9081-9c042f888d0e","2022-01-20 13:56:55.012"
"ALC","78.810","2","78.930","3","5","78.78","b7544ade-2fab-41fc-a48a-1176246cf144","2022-01-20 13:56:55.012"
"ALC","78.810","2","78.930","3","5","78.78","f047f0ce-6205-45f4-9528-ec548d6340d1","2022-01-20 13:56:55.012"
"ALC","78.810","2","78.930","3","5","78.78","3739099e-f42a-47b8-8368-df89c1876856","2022-01-20 13:56:55.012"
"ALC","78.810","2","78.930","3","5","78.78","ce5c7603-bdb0-4685-82d0-16c05e967810","2022-01-20 13:56:55.012"
"ALC","78.810","2","78.930","3","5","78.78","08925245-cf6b-45d4-a762-10e9ebace906","2022-01-20 13:56:55.012"
"ALC","78.810","2","78.930","3","5","78.78","635e8abd-be55-4399-93dc-8878f4f999d7","2022-01-20 13:56:55.012"
"ALC","78.770","1","78.850","1","-5","78.85","fe7c7eb0-78be-4acc-978d-64ba53e9b62e","2022-01-20 13:57:31.780"
"ALC","78.770","1","78.850","1","-5","78.85","9a83dc5e-3fe9-408d-a1a7-ee58a7b5dca9","2022-01-20 13:57:31.780"
"ALC","78.770","1","78.850","1","-5","78.85","0e28b76b-39d5-465f-9125-2c302a61fb6d","2022-01-20 13:57:31.780"
"ALC","78.770","1","78.850","1","-5","78.85","584da8ae-8412-40e7-9e91-a47161516536","2022-01-20 13:57:31.780"
"ALC","78.770","1","78.850","2","-5","78.85","ae0919d3-2e9b-4191-8c63-c9b6adbf8dd8","2022-01-20 13:57:31.780"
"ALC","78.770","1","78.850","2","-5","78.85","570696a4-3ba8-4602-9454-be3b3959dc5d","2022-01-20 13:57:31.780"
"ALC","78.810","2","78.900","2","-5","78.90","10bf0e56-c0e5-411d-891e-0b2f541d9053","2022-01-20 13:58:07.275"
"ALC","78.880","5","78.960","1","5","78.84","4aa9321c-e7a0-4a95-b024-fb7cae61867c","2022-01-20 13:59:48.953"
"ALC","78.780","1","78.860","2","-5","78.86","28b0dbc9-a913-48fe-a88f-553ab05c2150","2022-01-20 14:00:34.583"
"ALC","78.810","2","78.930","3","5","78.77","92469ca7-39bc-45a7-a173-198f83f92352","2022-01-20 14:11:06.794"
"ALC","78.880","1","78.970","1","5","78.76","cde4c2ee-c26e-47be-9dec-21fbc56b2fd3","2022-01-20 14:12:30.992"
"ALC","78.880","1","78.970","1","5","78.76","caa7c0c8-f6a5-4907-81c7-d221ada2fc40","2022-01-20 14:12:30.992"
"ALC","78.880","1","78.970","1","5","78.76","273b6526-6728-476d-9ab8-0d1692176c76","2022-01-20 14:12:30.992"
"ALC","78.850","1","78.930","3","5","78.76","e7655451-edfc-458b-acb8-aab665da38bc","2022-01-20 14:12:30.992"
"ALC","78.810","2","78.930","3","5","78.76","f7d41447-4623-426f-b72a-b2eb45427108","2022-01-20 14:12:30.992"
"ALC","78.810","2","78.930","2","5","78.76","26d6f90f-57cd-4815-bed0-5460b47cf1eb","2022-01-20 14:12:30.992"
"ALC","78.810","2","78.930","2","5","78.76","4c6194b3-4bbe-4721-8eef-e11ebe35607b","2022-01-20 14:12:30.992"
"ALC","78.860","1","78.940","2","5","78.69","6333f54c-3f12-40f5-bf64-562c5f1e6633","2022-01-20 14:13:04.043"
"ALC","78.830","2","78.920","6","5","78.69","d2342b98-d5af-4f85-b87f-06969df2af3f","2022-01-20 14:13:04.043"
"ALC","78.880","3","78.950","1","5","78.67","6060b263-c8d1-46c7-98ae-3934f9963b9a","2022-01-20 14:13:08.901"
"ALC","78.880","3","78.950","1","5","78.67","6f63a48b-9958-4c93-8f7b-985d318d7a30","2022-01-20 14:13:08.901"
"ALC","78.880","1","78.950","2","5","78.67","e61abe6f-285b-4224-ae04-86207d295fb5","2022-01-20 14:13:08.901"
"ALC","78.880","1","78.950","2","5","78.67","5989dc2c-dd75-4f3e-9bf5-745c7a7c24ac","2022-01-20 14:13:08.901"
"ALC","78.880","3","78.950","2","5","78.67","318e2a93-5df8-4c65-b119-c8877d7a9728","2022-01-20 14:13:08.901"
"ALC","78.830","3","78.920","2","5","78.63","dc48aad2-e499-49e3-a39c-c3b9678c68f9","2022-01-20 14:14:01.695"
"ALC","78.830","3","78.920","2","5","78.63","e57d7202-e007-4de5-94df-06613f003aaf","2022-01-20 14:14:01.695"
"ALC","78.880","3","78.950","1","5","78.63","6382b9ab-863b-4acf-ad0c-171d6b5f7a89","2022-01-20 14:14:01.695"
"ALC","78.830","3","78.920","2","5","78.60","cbe9bd0b-ca48-495f-ade9-2a7212b1c28a","2022-01-20 14:15:52.640"
"ALC","78.500","1","78.620","2","-5","78.62","93b3de3e-d7cb-421b-bfc8-1b75f1d80f58","2022-01-20 14:16:04.642"
"ALC","78.500","1","78.620","2","-5","78.62","d6782e09-ac2b-4076-959f-02645c707ca9","2022-01-20 14:16:04.642"
"ALC","78.500","1","78.620","2","-5","78.62","fb3971cc-fd07-4ba3-8f6b-eb150183b585","2022-01-20 14:16:04.642"
"ALC","78.500","1","78.620","2","-5","78.62","1b7d405c-68dd-4c19-8d75-f012ddecb6f3","2022-01-20 14:16:04.642"
"ALC","78.500","1","78.620","2","-5","78.62","3a8b1c75-f17c-48b4-ac2f-4029d36dfca1","2022-01-20 14:16:04.642"
"ALC","78.500","1","78.620","2","-5","78.62","2188bd2d-fdd6-4a62-8379-9a19be377ab9","2022-01-20 14:16:04.642"
"ALC","78.550","2","78.700","2","-5","78.70","58a25742-c25c-4570-86d4-6e2859c8fa18","2022-01-20 14:17:23.234"
"ALC","78.550","2","78.700","2","-5","78.70","d7ee50a3-bfc0-46ad-8640-4ae49720c48a","2022-01-20 14:17:23.234"
"ALC","78.550","2","78.700","2","-5","78.70","57ad6ac6-1ef5-4471-bf52-65087c81434e","2022-01-20 14:17:23.234"
"ALC","78.550","2","78.700","2","-5","78.70","21b5f514-2fe6-4ff2-b563-800f5ce9b04d","2022-01-20 14:17:23.234"
"ALC","78.550","2","78.700","2","-5","78.70","fd7361c9-0b72-45a0-91dc-4743fec7f12f","2022-01-20 14:17:23.234"
"ALC","78.550","2","78.700","2","-5","78.70","e55a8d62-692e-4a44-8a57-7187850372de","2022-01-20 14:17:23.234"
"ALC","78.550","2","78.700","2","-5","78.70","fa8d62d7-d293-4979-a4d5-9edc41e0c5f8","2022-01-20 14:17:23.234"
"ALC","78.550","2","78.700","2","-5","78.70","8902601d-30b8-46de-95f8-00d3093edb78","2022-01-20 14:17:23.234"
"ALC","78.550","2","78.700","2","-5","78.70","fbcba1f3-05a9-483b-bfd7-2adda7ec008c","2022-01-20 14:17:23.234"
"ALC","78.580","2","78.700","2","-5","78.70","60122d81-9527-4aa5-a067-6287d36d82e4","2022-01-20 14:17:23.234"
"ALC","78.580","2","78.700","2","-5","78.70","4e9baca2-36d9-47b4-87bb-56c0f47de185","2022-01-20 14:17:23.234"
"ALC","78.480","1","78.670","2","-5","78.67","595caffd-4acb-41ff-b0b0-a6e358993730","2022-01-20 14:18:25.123"
"ALC","78.450","1","78.560","3","-5","78.56","65dfda74-18fa-4e13-9d77-1594b19baeb9","2022-01-20 14:24:39.465"
"ALC","78.500","1","78.610","1","5","78.49","56098b15-cc94-4c4f-b4a9-62741a3c2f7c","2022-01-20 14:37:21.681"
"ALC","78.500","1","78.610","1","5","78.49","5c0c9841-2558-4cbf-9df4-e261ba9dfaaf","2022-01-20 14:37:21.681"
"ALC","78.400","2","78.530","2","-5","78.53","ae2603a3-8161-472e-a211-61dd1040c5a2","2022-01-20 14:37:50.931"
"ALC","78.400","2","78.520","1","-5","78.52","120b0ec0-8ca6-4352-a8b3-651d9cb0e4ce","2022-01-20 14:38:23.767"
"ALC","78.390","3","78.480","1","5","78.44","39d33a73-6245-49a3-83aa-d21b417d07eb","2022-01-20 15:01:56.815"
"ALC","78.350","3","78.430","1","-5","78.43","b52df785-e711-4dc1-9e66-2683b55f1599","2022-01-20 15:07:30.502"
"ALC","78.350","3","78.430","1","5","78.37","98993cfe-24c8-46a9-a04f-843310762615","2022-01-20 15:08:06.921"
"ALC","78.250","2","78.330","1","-5","78.33","d79f2475-78d9-4452-961b-4ee07e457bed","2022-01-20 15:24:15.069"
"AEE","88.540","4","88.610","1","4","88.46","f6b57137-de71-461c-a592-d442ce54a169","2022-01-20 10:25:44.722"
"AEE","88.570","1","88.620","1","4","88.46","30e2427b-6dbb-4f55-b75a-7d6649b93956","2022-01-20 10:25:44.722"
"AEE","88.630","2","88.690","3","4","88.40","caa0f846-aaaa-41b1-8ad3-9824dd573585","2022-01-20 10:27:09.406"
"AEE","88.570","1","88.610","1","4","88.40","a425383b-b5db-48b7-8863-08f776d515af","2022-01-20 10:27:09.406"
"AEE","88.560","1","88.610","1","4","88.40","33be4a0f-6014-47ba-aed1-0eb9f02b42dd","2022-01-20 10:27:09.406"
"AEE","88.560","1","88.610","1","4","88.40","c20e618d-5c84-47fb-8511-4f5b82d52f51","2022-01-20 10:27:09.406"
"AEE","88.560","3","88.610","1","4","88.40","516dcd4c-3cb4-4514-b600-3f6a82a690d1","2022-01-20 10:27:09.406"
"AEE","88.630","1","88.660","1","4","88.40","029e7119-0953-47cf-af6e-53662d6a43b2","2022-01-20 10:27:09.406"
"AEE","88.620","1","88.660","2","4","88.40","1232de01-0d2b-4c56-a70e-cc4dbdc0915a","2022-01-20 10:27:09.406"
"AEE","88.610","2","88.660","2","4","88.40","65cae4b9-2239-4b37-852a-671cda2d7ad5","2022-01-20 10:27:09.406"
"AEE","88.360","1","88.420","1","-4","88.42","e33dc0b0-0614-47dc-b706-ca8c6cbaaf76","2022-01-20 10:28:05.772"
"AEE","88.360","1","88.420","1","-4","88.42","079018f4-c4e8-4a9c-a3b1-e5a62991a057","2022-01-20 10:28:05.772"
"AEE","88.360","1","88.420","1","-4","88.42","17f1c40f-ef87-4b9a-8ef7-e64f23749894","2022-01-20 10:28:05.772"
"AEE","88.360","1","88.420","1","-4","88.42","15b32c3c-8910-4614-b2bb-10bf7b39ba99","2022-01-20 10:28:05.772"
"AEE","88.360","1","88.420","1","-4","88.42","063632af-d4cf-4f1b-ba61-ccc690b67a2f","2022-01-20 10:28:05.772"
"AEE","88.360","1","88.420","1","-4","88.42","5d3bd770-0021-4fab-9a3c-9e0120bc7070","2022-01-20 10:28:05.772"
"AEE","88.360","1","88.420","1","-4","88.42","ad843bbf-fac7-4e5a-b10e-94b25b07f4c9","2022-01-20 10:28:05.772"
"AEE","88.360","1","88.420","1","-4","88.42","14cc7733-4ea3-471c-b071-48475d09ebb6","2022-01-20 10:28:05.772"
"AEE","88.330","1","88.360","1","-4","88.36","7d430287-4179-4eb3-8e58-855932806748","2022-01-20 10:28:27.771"
"AEE","88.370","1","88.420","1","-4","88.42","51c31b89-ee85-4a3b-981c-ee732c6e25d3","2022-01-20 10:28:41.017"
"AEE","88.810","1","88.850","3","4","88.77","b0e6d57f-c8d1-4272-8880-ab2652924dba","2022-01-20 11:12:50.713"
"AEE","88.810","1","88.850","3","4","88.77","8d4fdf82-4510-47b4-a4c8-e24ea9bc8500","2022-01-20 11:12:50.713"
"AEE","88.790","1","88.850","4","4","88.77","faaeb338-3877-405e-9769-cb7578f95561","2022-01-20 11:12:50.713"
"AEE","88.790","2","88.840","3","4","88.77","6356b377-48b4-4eeb-8d5b-e81be7f55a51","2022-01-20 11:12:50.713"
"AEE","88.800","1","88.840","2","4","88.77","cd57b654-d954-41e7-a3cf-9f9cde559036","2022-01-20 11:12:50.713"
"AEE","88.800","1","88.840","2","4","88.77","86e242d7-4f00-46a4-b7c8-a2b1ce0076d3","2022-01-20 11:12:50.713"
"AEE","88.800","2","88.840","1","-4","88.84","170b7473-e33d-4723-92cc-53daf12aa62e","2022-01-20 11:13:39.884"
"AEE","88.800","2","88.840","1","-4","88.84","5c3703ac-6d8d-4a2f-b8e9-154e8d46518a","2022-01-20 11:13:39.884"
"AEE","88.790","1","88.830","1","-4","88.83","561f1ef9-a6f4-4461-a8d6-d81021623a01","2022-01-20 11:14:17.088"
"AEE","88.740","3","88.780","2","-4","88.78","4e82d0f2-f02f-4196-9939-876b748fa761","2022-01-20 11:15:35.092"
"AEE","88.740","3","88.780","2","-4","88.78","e64110e7-85f9-4101-9f57-51f225ab8ee7","2022-01-20 11:15:35.092"
"AEE","88.740","5","88.780","1","-4","88.79","880da45a-c797-42c2-9eea-5f58363e13a7","2022-01-20 11:15:42.177"
"AEE","88.910","2","88.940","3","4","88.80","3e6dd098-e131-4a8d-8208-f2ba8776a741","2022-01-20 11:52:11.886"
"AEE","88.940","1","88.970","4","4","88.78","62c34673-2804-4e6e-93df-e5fc8087e45b","2022-01-20 11:52:41.500"
"AEE","88.920","3","88.960","3","4","88.78","f633ae34-a5f2-47b6-944a-f565cfd98ecf","2022-01-20 11:52:41.500"
"AEE","88.930","1","88.960","3","4","88.78","7fde7349-aedb-4cc2-85ce-28e7b139cf52","2022-01-20 11:52:41.500"
"AEE","88.920","1","88.950","1","4","88.78","57b12a7f-0495-4421-aa5f-8d33de8a21e0","2022-01-20 11:52:41.500"
"AEE","88.950","2","88.990","2","4","88.78","f523c120-891f-4051-bcff-81afd49a17e6","2022-01-20 11:52:41.500"
"AEE","88.950","1","88.990","2","4","88.78","431a22cf-78bb-420d-88c2-650d0ea482a5","2022-01-20 11:52:41.500"
"AEE","88.950","1","88.990","2","4","88.78","37f4e874-cc87-4be2-b612-c3d2b7adbf4c","2022-01-20 11:52:41.500"
"AEE","88.950","1","88.990","3","4","88.78","9f331a88-a43a-4753-9bd5-07fd5ec443de","2022-01-20 11:52:41.500"
"AEE","88.960","2","89.000","2","4","88.78","3ea0f4f5-4abf-4bf2-8f8f-80d3dafba70b","2022-01-20 11:52:41.500"
"AEE","88.960","2","89.000","5","4","88.78","aed1d1f6-7a7e-425f-9dea-7980b2e4ee6d","2022-01-20 11:52:41.500"
"AEE","88.960","2","89.010","4","4","88.78","602a4894-4b5f-438a-9471-3451c183ba66","2022-01-20 11:52:41.500"
"AEE","88.960","2","89.010","4","4","88.78","89766047-4dbf-4a01-a3ce-f1d79abb454e","2022-01-20 11:52:41.500"
"AEE","88.930","3","88.960","1","4","88.78","f7c3a3fd-add2-4c96-bcd9-8d41fc57821c","2022-01-20 11:52:41.500"
"AEE","88.930","1","88.960","1","4","88.78","0b24e583-9b7b-483c-80fa-767d30c38db7","2022-01-20 11:52:41.500"
