"Symbol","Bid","Bid Sz","Ask","Ask Sz","Shares","Price","Order ID","Timestamp"
"AA","64.030","8","64.080","2","2","64.08","25dd4b57-3e32-4d2f-a42f-fcdc230b8d5a","2022-02-07 09:52:20.006"
"AA","64.160","3","64.190","2","-2","64.19","6dbd0ccf-0130-496f-901f-8ac0fa039607","2022-02-07 09:53:40.526"
"AA","64.030","3","64.070","2","2","63.96","3ee74b63-ad25-4182-9436-0231170e50a4","2022-02-07 10:13:30.447"
"AA","64.060","6","64.090","4","-2","64.09","61e50641-a418-4436-a589-9e8bcbe0db98","2022-02-07 10:13:58.222"
"AA","64.100","7","64.130","1","2","63.67","b8b73484-dae6-45e4-ab3e-26fc25c6f93f","2022-02-07 10:25:01.129"
"AA","64.160","2","64.200","1","2","63.67","9af89560-a2c4-4a55-b296-45991ffb90ed","2022-02-07 10:25:01.129"
"AA","64.170","3","64.210","2","2","63.67","f65abfda-7b7d-4e22-9c5f-2dfd4e6b1ccd","2022-02-07 10:25:01.129"
"AA","64.190","4","64.220","1","2","63.67","46f1bdaa-56fb-4dc9-98b7-bd57b9f327f8","2022-02-07 10:25:01.129"
"AA","63.710","1","63.730","1","-2","63.73","a7b95b00-2824-421c-9ffc-b208365c53cf","2022-02-07 10:25:41.861"
"AA","63.710","1","63.730","1","-2","63.73","acd20f07-cd38-4ff2-bebc-71c245cb6ed4","2022-02-07 10:25:41.861"
"AA","63.690","6","63.720","1","-2","63.72","5a3a26ce-e151-4be0-acfc-984f7f3d1558","2022-02-07 10:25:52.206"
"AA","64.060","5","64.090","2","2","63.63","a70a1ee6-df47-45f7-832f-807bc2b6c11b","2022-02-07 10:26:13.006"
"AA","64.150","4","64.200","5","2","63.63","886ab3ff-c459-4a6e-ad81-514b95d296df","2022-02-07 10:26:13.006"
"AA","64.230","5","64.270","4","2","63.63","1ba1c94f-d044-4658-a8f7-6a4842ecfa29","2022-02-07 10:26:13.006"
"AA","64.170","1","64.210","4","2","63.63","742e4abf-bce8-4bdc-bfa3-37609f63d417","2022-02-07 10:26:13.006"
"AA","64.230","7","64.270","3","2","63.63","0bd99418-ce05-4b2e-b553-fa5ec134d5e3","2022-02-07 10:26:13.006"
"AA","63.590","1","63.610","1","-2","63.61","08ab8b1d-bcc7-4bbe-a5f4-96d7861168f9","2022-02-07 10:27:42.236"
"AA","63.590","1","63.610","1","-2","63.61","54b0bc2d-2efe-41e1-9717-2bd9a1943223","2022-02-07 10:27:42.236"
"AA","63.590","1","63.620","1","-2","63.62","09029a06-2aff-4f1d-8d58-f8bbaeee9de8","2022-02-07 10:27:42.236"
"AA","63.590","1","63.620","1","-2","63.62","aff316fb-ed58-4599-a621-f98c85094f5e","2022-02-07 10:27:42.236"
"AA","63.590","1","63.620","1","-2","63.62","f258f3e7-9b52-4576-8a83-2ef4ea496461","2022-02-07 10:27:42.236"
"AA","63.610","1","63.630","1","-2","63.63","074d8d0e-ca65-4a68-a2e6-fc04b99fcf03","2022-02-07 10:27:50.922"
"AA","63.760","3","63.800","4","2","63.80","b572902e-8e32-4e97-88aa-87bfba152e27","2022-02-07 10:33:30.006"
"AA","63.950","3","63.980","1","-2","63.98","148cff6d-06c7-4781-9b55-a3742dd49e3a","2022-02-07 10:33:56.859"
"AA","64.120","4","64.160","4","2","63.88","02a418c9-b2cd-40d7-b4a8-da094320d53d","2022-02-07 10:36:30.765"
"AA","64.100","1","64.130","2","2","63.88","b6194f61-54ef-4add-aac8-e144eaee3d3e","2022-02-07 10:36:30.765"
"AA","64.100","5","64.140","4","2","63.88","b8bb0dc7-3d3f-47f4-bba2-54a523c3ecee","2022-02-07 10:36:30.765"
"AA","64.100","5","64.130","2","2","63.88","77865c93-dc5e-4ae6-a019-926b7f53cf54","2022-02-07 10:36:30.765"
"AA","63.810","1","63.820","1","-2","63.83","b57cbab6-9f49-4e1a-adcb-16e55d26cccc","2022-02-07 10:37:20.340"
"AA","63.810","1","63.820","1","-2","63.83","a61b6c11-a2de-49e6-9b71-972721a954cf","2022-02-07 10:37:20.340"
"AA","63.710","1","63.730","1","-2","63.73","79c5c6fb-f8ef-4c0c-b6e8-5c2854330088","2022-02-07 10:37:40.072"
"AA","63.180","1","63.230","5","-2","63.23","1ddf3c54-e214-4b92-bfef-a452a97f5903","2022-02-07 10:42:12.089"
"AA","63.340","1","63.380","1","2","63.38","4ddd68e8-7ff1-4d65-b8f4-36a14985629d","2022-02-07 10:50:00.006"
"AA","63.270","1","63.310","1","-2","63.31","342eb814-6460-4747-8fda-759419cb0359","2022-02-07 10:51:00.674"
"AA","63.310","1","63.360","1","2","63.36","d30a394c-f206-49f6-a525-6ff9ba4f3147","2022-02-07 10:51:20.006"
"AA","63.320","3","63.360","1","-2","63.37","ccc7ff69-e650-4649-9628-105fb9b8a1c8","2022-02-07 10:52:03.722"
"AA","63.400","2","63.440","1","2","63.44","5cc97794-d12f-4d9b-ac71-d035084e06cb","2022-02-07 10:53:00.006"
"AA","63.290","1","63.330","1","-2","63.33","7f8142ad-a8b7-4a18-941c-5c968e85bca7","2022-02-07 10:56:10.876"
"AA","63.410","5","63.450","1","2","63.15","54778d01-fb52-4c37-946d-b5a9c4f48953","2022-02-07 11:04:32.500"
"AA","63.400","1","63.440","1","2","63.15","ec97edab-1c93-4023-99ba-43c2a0e122eb","2022-02-07 11:04:32.500"
"AA","63.470","1","63.500","4","2","63.15","3efd255b-72c8-45ac-ba6d-3d98ee5e87e3","2022-02-07 11:04:32.500"
"AA","63.470","1","63.500","3","2","63.15","2b11c375-9902-4b1e-9596-824cacc91e50","2022-02-07 11:04:32.500"
"AA","63.470","1","63.500","4","2","63.15","f9e73bf6-be85-4cbb-b03e-9732602140cf","2022-02-07 11:04:32.500"
"AA","63.520","6","63.560","2","2","63.15","414eef05-a500-4dda-8a8b-7367cb992324","2022-02-07 11:04:32.500"
"AA","63.570","6","63.620","6","2","63.15","5fa63995-925c-4276-af96-e2bd6d5b0ce8","2022-02-07 11:04:32.500"
"AA","63.500","2","63.550","3","2","63.15","70f4488b-42cd-485f-9efc-42565e8e13af","2022-02-07 11:04:32.500"
"AA","63.190","1","63.230","1","-2","63.23","91a8f80f-e68c-4d2f-92c4-f6eecd1c50cc","2022-02-07 11:04:57.090"
"AA","63.190","1","63.230","1","-2","63.23","bd6148f4-cd47-4727-b42f-06923a94aefc","2022-02-07 11:04:57.090"
"AA","63.190","1","63.230","1","-2","63.23","d641fc16-6e33-46e1-83f1-9cd0a8f85d6d","2022-02-07 11:04:57.090"
"AA","63.190","1","63.230","1","-2","63.23","c5195134-294e-4367-9035-93678184b51d","2022-02-07 11:04:57.090"
"AA","63.150","5","63.190","1","-2","63.19","45df104e-8201-414f-b2c9-e7eea45c70b8","2022-02-07 11:05:13.271"
"AA","63.170","2","63.200","1","-2","63.20","369c4507-1a6f-4298-9e2d-199e355647ba","2022-02-07 11:05:23.406"
"AA","63.150","5","63.210","3","-2","63.21","fdb20bd6-7708-47b2-8531-9813b146f0c6","2022-02-07 11:05:40.101"
"AA","63.180","2","63.220","1","-2","63.22","d27243db-d17e-4315-b621-1d9904d6f4ef","2022-02-07 11:05:40.149"
"AA","63.970","4","64.010","1","2","63.68","5e2cac71-7b49-4a7a-8700-58254227052f","2022-02-07 11:42:18.762"
"AA","63.980","4","64.000","1","2","63.68","cac44111-2757-4801-9e36-e8c55a268172","2022-02-07 11:42:18.762"
"AA","63.980","1","64.010","1","2","63.68","3ebdead8-ed03-4f49-afe6-a122b78becd6","2022-02-07 11:42:18.762"
"AA","63.980","1","64.010","5","2","63.68","18932678-ba6a-47a1-beba-e390283fe0c4","2022-02-07 11:42:18.762"
"AA","63.980","2","64.020","2","2","63.68","f7f0b74d-d3f0-462a-9401-96e68971ee53","2022-02-07 11:42:18.762"
"AA","63.930","5","63.960","1","2","63.68","6b258ae3-428c-46c3-a2dd-8d29a51e3922","2022-02-07 11:42:18.762"
"AA","63.880","2","63.900","1","2","63.68","62957146-ef35-456f-a515-1f2f6d7d4ae0","2022-02-07 11:42:18.762"
"AA","63.830","1","63.860","1","2","63.68","22497b35-3832-4083-8d26-611e06bd1447","2022-02-07 11:42:18.762"
"AA","63.820","2","63.850","1","2","63.68","7435d1d3-7b61-487c-880b-2f1b91756493","2022-02-07 11:42:18.762"
"AA","63.970","5","64.000","2","2","63.65","b5fc88a1-25ee-4fd1-bf2f-a9205da6ee9a","2022-02-07 11:42:25.930"
"AA","63.540","2","63.570","1","-2","63.58","96117424-93fb-40bb-8b8a-01daafb564f9","2022-02-07 11:43:50.721"
"AA","63.540","2","63.570","1","-2","63.58","416713c7-8193-4637-9fbf-4792a61f7afc","2022-02-07 11:43:50.721"
"AA","63.540","2","63.570","1","-2","63.58","f33ec35a-c728-4855-bf0a-09b0425e8cbe","2022-02-07 11:43:50.721"
"AA","63.540","2","63.570","1","-2","63.58","236bdee3-aaa8-4527-9c1c-2a0192e8b9d4","2022-02-07 11:43:50.721"
"AA","63.560","4","63.600","1","-2","63.62","ad1a927b-4d8e-46d5-8975-93048faa031b","2022-02-07 11:44:00.041"
"AA","63.560","4","63.600","1","-2","63.62","4be6d8a5-c14c-4338-95c7-fc7d4e867496","2022-02-07 11:44:00.041"
"AA","63.500","5","63.540","1","-2","63.54","b79cae08-b751-42c6-84d2-476a1606cca9","2022-02-07 11:44:15.997"
"AA","63.500","5","63.540","1","-2","63.54","78a1b2dc-35f8-42bb-afde-2a3c30e26911","2022-02-07 11:44:15.997"
"AA","63.430","1","63.470","1","-2","63.47","bcc3e80d-4ecd-4b76-a4c7-972a44f47ca2","2022-02-07 11:45:11.058"
"AA","63.550","5","63.580","1","-2","63.58","7dcba51a-f632-4134-8ffe-8ae2c4d395cf","2022-02-07 11:46:50.023"
"AA","63.620","1","63.650","150","2","63.65","da816f20-2738-496d-85f9-0ff1c810e8d2","2022-02-07 11:49:30.006"
"AA","63.360","2","63.400","1","-2","63.41","20852be3-5b4a-4b24-b457-921ba8c0dc7b","2022-02-07 11:53:50.438"
"AA","63.440","2","63.450","2","2","63.45","68a2fc85-0345-4287-a48f-81d208f9cdcc","2022-02-07 11:59:50.006"
"AA","63.460","1","63.500","1","2","63.29","dbc07867-55d6-4d6b-87b9-04c83511c725","2022-02-07 12:01:38.894"
"AA","63.470","1","63.500","1","2","63.29","4effd2f5-ac68-4d8c-babb-bef53f9a9d24","2022-02-07 12:01:38.894"
"AA","63.470","2","63.490","1","2","63.29","fab09546-c25c-42dd-b94c-ff65ff3e2631","2022-02-07 12:01:38.894"
"AA","63.470","2","63.500","1","2","63.29","17906fb0-f1dd-46b8-bb87-334daa822c32","2022-02-07 12:01:38.894"
"AA","63.420","4","63.450","1","2","63.29","1733f4f1-31e0-48be-8246-6d64ead65374","2022-02-07 12:01:38.894"
"AA","63.470","1","63.500","5","2","63.29","e0022b85-841d-4591-b6cd-228c3bc9b2c5","2022-02-07 12:01:38.894"
"AA","63.450","1","63.500","1","2","63.29","a272a433-1f3e-4d02-9cb8-8d691a6a2c1c","2022-02-07 12:01:38.894"
"AA","63.510","1","63.530","2","2","63.29","b45fb99f-6baa-4817-8c67-21cb892795e9","2022-02-07 12:01:38.894"
"AA","63.560","1","63.590","2","2","63.29","0342da45-4bfb-4ed3-9938-48c9c4e3478b","2022-02-07 12:01:38.894"
"AA","63.680","1","63.710","2","2","63.29","4fe68d12-6e3a-4270-ba91-fb85d9ad51dd","2022-02-07 12:01:38.894"
"AA","63.300","4","63.330","3","-2","63.33","54168c86-4d30-42d0-8187-73659caf62e1","2022-02-07 12:03:04.998"
"AA","63.310","4","63.340","2","-2","63.34","41b76879-30a5-438c-b671-95e44e2b82c6","2022-02-07 12:03:05.535"
"AA","63.310","4","63.340","2","-2","63.34","45a2a4c5-6b6b-43dc-8faa-1bdbb07a9391","2022-02-07 12:03:05.535"
"AA","63.310","4","63.340","2","-2","63.34","90588627-c3eb-44e1-b87a-6ee0a8fe01ca","2022-02-07 12:03:05.535"
"AA","63.310","4","63.340","2","-2","63.34","48dd83a9-27cf-4a96-8c6e-9f90e2678748","2022-02-07 12:03:05.535"
"AA","63.310","4","63.340","2","-2","63.34","57365127-893e-4eec-aaa3-0358568b3cfd","2022-02-07 12:03:05.535"
"AA","63.310","4","63.340","2","-2","63.34","2a96eba6-f70b-49d1-9bed-b13ea4940893","2022-02-07 12:03:05.535"
"AA","63.310","5","63.340","2","-2","63.34","203c7635-9755-4d14-9e40-a39ccf5a80c4","2022-02-07 12:03:05.535"
"AA","63.310","5","63.340","2","-2","63.34","704809db-851c-4048-b495-8691b1ec1aee","2022-02-07 12:03:05.535"
"AA","63.310","5","63.340","2","-2","63.34","766e153c-e18c-43b3-a51d-510f6b114a45","2022-02-07 12:03:05.535"
"AA","63.320","2","63.350","1","-2","63.35","968d332e-48c9-4580-ad1f-44f1009c8528","2022-02-07 12:03:14.473"
"AA","63.390","2","63.420","1","2","63.25","3ef82296-375a-4838-a169-567f8546c327","2022-02-07 12:09:46.925"
"AA","63.220","1","63.240","1","-2","63.25","4ebabdbb-c600-4446-bef5-915cc5f50c10","2022-02-07 12:10:28.030"
"AA","63.230","1","63.260","1","2","63.26","63a2a8da-ce4d-4cb4-ba81-bcfa528328e7","2022-02-07 12:23:00.006"
"AA","63.260","4","63.290","2","-2","63.29","5a056044-76b7-41f7-af8c-26dadd6f59b2","2022-02-07 12:27:03.152"
"AA","63.290","6","63.330","2","2","63.22","bdb61bc2-8597-4b40-b8aa-44cda7ec7990","2022-02-07 12:38:55.716"
"AA","63.280","3","63.310","2","2","63.22","5d116fde-ad07-4176-8482-947367155724","2022-02-07 12:38:55.716"
"AA","63.320","4","63.360","4","2","63.21","c3038e1b-b00a-45da-9290-72fad6b6c7aa","2022-02-07 12:38:56.929"
"AA","63.360","5","63.390","1","2","63.21","7d6c9c06-6bba-47cb-9ad0-6607eee56162","2022-02-07 12:38:56.929"
"AA","63.340","2","63.360","2","2","63.21","3f37197d-eef1-4b0f-8adb-53cb1fef6dd3","2022-02-07 12:38:56.929"
"AA","63.260","5","63.290","1","2","63.21","d9459948-c834-4b07-a57f-3cb9ffe11886","2022-02-07 12:38:56.929"
"AA","63.270","4","63.300","1","2","63.21","89d34ce7-da70-4a67-b359-85886f3883aa","2022-02-07 12:38:56.929"
"AA","63.250","4","63.270","1","2","63.16","9e7fa496-388d-4c87-9905-cbafd3821184","2022-02-07 12:39:08.266"
"AA","63.250","3","63.280","2","2","63.16","b63ca8ae-5a3a-430e-a9e1-4f0eb351f9f7","2022-02-07 12:39:08.266"
"AA","63.270","5","63.290","2","2","63.16","c7f5cf5e-f5f2-4fd2-b304-1c504a802359","2022-02-07 12:39:08.266"
"AA","63.280","3","63.300","1","2","63.16","bb68a801-adc5-4764-874b-108af5cb2ad4","2022-02-07 12:39:08.266"
"AA","63.320","7","63.340","1","2","63.16","c0210352-2b35-4497-849b-b542d185815d","2022-02-07 12:39:08.266"
"AA","63.340","1","63.360","1","2","63.16","2a734f37-c2eb-4371-ab92-22aecf671bc2","2022-02-07 12:39:08.266"
"AA","63.320","1","63.350","2","2","63.16","24719640-afac-49a2-86ff-042e5ea62c59","2022-02-07 12:39:08.266"
"AA","63.130","6","63.160","1","-2","63.16","d3cd27c3-bbd8-4237-b8ef-98ae3e8657fd","2022-02-07 12:39:20.076"
"AA","63.130","6","63.160","1","-2","63.16","76749212-a36d-4eb0-bdb9-70904f85fb74","2022-02-07 12:39:20.076"
"AA","63.130","6","63.160","1","-2","63.16","19c92f2f-cf4e-4b3a-a009-81208d20b483","2022-02-07 12:39:20.076"
"AA","63.130","6","63.160","1","-2","63.16","6ce7aae4-744a-4eff-85af-5abbefdc9514","2022-02-07 12:39:20.076"
"AA","63.130","6","63.160","1","-2","63.16","3e5a322c-508d-4e81-bd70-a5b712b44334","2022-02-07 12:39:20.076"
"AA","63.110","1","63.130","1","-2","63.13","993d07fb-1a8b-4b00-92ff-e8fdae2bb588","2022-02-07 12:39:44.899"
"AA","63.110","1","63.130","1","-2","63.13","11bbb08e-45f8-43c3-b83a-b621c8dd60e4","2022-02-07 12:39:44.899"
"AA","63.120","1","63.130","1","-2","63.13","b5a67f42-1a63-4130-8b8a-ef0a1b2a1c81","2022-02-07 12:39:50.272"
"AA","63.120","1","63.130","1","-2","63.13","b13cf99a-96e1-4c8b-bc9d-fa903121df5f","2022-02-07 12:39:50.272"
"AA","63.120","1","63.130","1","-2","63.13","3d860fe1-3fc7-4c38-833a-7f74f0a26728","2022-02-07 12:39:50.272"
"AA","63.120","1","63.130","1","-2","63.13","c5f1e18c-3d01-4b6b-9167-60bb3abbf94a","2022-02-07 12:39:50.272"
"AA","63.140","1","63.150","2","-2","63.15","184d8b51-9120-4706-8db9-303a9f651ea6","2022-02-07 12:40:01.593"
"AA","63.140","1","63.150","2","-2","63.15","b10d4219-1117-457c-8063-2c737c5fca77","2022-02-07 12:40:01.593"
"AA","63.160","1","63.190","6","-2","63.19","726d2e37-1d8b-44e2-926e-24a396f5b397","2022-02-07 12:40:10.443"
"AA","63.290","6","63.320","3","2","63.22","73613ba9-66a6-4b03-902d-ddb30f607505","2022-02-07 12:45:11.772"
"AA","63.290","1","63.320","3","2","63.22","272b1107-1b69-43db-8aeb-578a8d8fa1b0","2022-02-07 12:45:11.772"
"AA","63.270","4","63.310","1","2","63.22","e2d00dce-c568-484d-a893-94c3e11322be","2022-02-07 12:45:11.772"
"AA","63.270","5","63.310","1","2","63.22","9d755b1d-eda3-4622-9218-5a8a4f3af9ed","2022-02-07 12:45:11.772"
"AA","63.280","5","63.310","1","2","63.22","97e82672-dc7b-43a8-8484-8620e7df322f","2022-02-07 12:45:11.772"
"AA","63.280","5","63.310","1","2","63.22","4763906b-942f-406b-8f7a-5f2f1a49fd16","2022-02-07 12:45:11.772"
"AA","63.300","3","63.330","2","-2","63.33","83f7fe22-af3e-4a1c-8bbe-e6257b873b1d","2022-02-07 12:46:29.756"
"AA","63.300","3","63.330","2","-2","63.33","585edccd-dfa2-48de-9d9a-dd7ceea1c9ea","2022-02-07 12:46:29.756"
"AA","63.310","1","63.330","1","-2","63.33","93d6c788-395b-4b8e-be0f-e52e28d87aa5","2022-02-07 12:46:35.737"
"AA","63.310","1","63.330","1","-2","63.33","70d03145-256d-4102-9c50-e95da7347a4d","2022-02-07 12:46:35.737"
"AA","63.360","9","63.380","3","-2","63.38","f60d10cb-fc4d-4c88-9ec0-b5a3762daf4c","2022-02-07 12:46:40.667"
"AA","63.380","8","63.410","2","-2","63.41","c7ba8c97-39c3-4412-968d-d0729e83b5cc","2022-02-07 12:47:11.888"
"AA","63.910","6","63.940","1","2","63.77","2e66f7bc-a698-4adf-838e-0a7dd648803d","2022-02-07 13:34:23.710"
"AA","63.920","6","63.950","1","2","63.77","86a94d0f-10ed-4b44-b2e8-4ee5a67c157b","2022-02-07 13:34:23.710"
"AA","63.910","1","63.950","2","2","63.77","c06e2fbe-f87d-44d8-b191-d859c5d2c8c6","2022-02-07 13:34:23.710"
"AA","63.900","2","63.940","4","2","63.77","9595dd1e-a2f3-44e5-909c-3fe80de51a09","2022-02-07 13:34:23.710"
"AA","63.890","5","63.920","1","2","63.77","becd6585-50ca-4bb2-9c68-1b5065eb7456","2022-02-07 13:34:23.710"
"AA","63.840","2","63.870","2","2","63.77","41cb847f-f5d1-4445-8b5b-e4c7a21f218e","2022-02-07 13:34:23.710"
"AA","63.850","6","63.890","3","2","63.77","5a53704e-48f5-41b4-bc8c-c38d1b419b01","2022-02-07 13:34:23.710"
"AA","63.860","5","63.890","1","2","63.77","fd1fb220-ddc5-4550-9bd8-a337639f840c","2022-02-07 13:34:23.710"
"AA","63.860","5","63.890","1","2","63.77","e03c9811-c773-49e6-8db4-1d0f288453fe","2022-02-07 13:34:23.710"
"AA","63.750","1","63.780","1","-2","63.78","bcea54ea-32dc-46e5-b2f9-89d784dcdbab","2022-02-07 13:35:06.141"
"AA","63.750","1","63.780","1","-2","63.78","6a727f4e-bf8c-4dc7-957b-ab5fb990e62e","2022-02-07 13:35:06.141"
"AA","63.740","1","63.770","1","-2","63.78","44a0ed0e-344c-42e2-9f1e-d2cae5fd12d0","2022-02-07 13:35:47.838"
"AA","63.740","1","63.770","1","-2","63.78","f99842a0-6337-4a14-a482-df5edbb05374","2022-02-07 13:35:47.838"
"AA","63.740","1","63.770","1","-2","63.78","ac1c72d2-d36c-40dd-af99-ee6ad7fa94c7","2022-02-07 13:35:47.838"
"AA","63.730","5","63.790","7","-2","63.79","d0fe8e6a-c423-4b44-834b-dc9adc5363d2","2022-02-07 13:36:01.270"
"AA","63.730","5","63.790","7","-2","63.79","ff911434-282b-498f-869a-8439de9dfeb9","2022-02-07 13:36:01.270"
"AA","63.730","5","63.790","7","-2","63.79","c48986e8-c4ab-4cdd-a435-48069609946e","2022-02-07 13:36:01.270"
"AA","63.730","5","63.790","7","-2","63.79","d4f2684e-7fa5-434f-97fd-0da7115f36a6","2022-02-07 13:36:01.270"
"AA","63.820","6","63.850","1","2","63.76","e368b205-2aa0-4a38-a396-4ef1d627b15c","2022-02-07 13:48:08.119"
"AA","63.810","5","63.840","1","2","63.76","7299f195-c68f-447d-b4f6-a6a6c887887b","2022-02-07 13:48:08.119"
"AA","63.790","4","63.820","3","2","63.76","dcdd53f0-4d6f-46c2-b393-aa19d239f9b5","2022-02-07 13:48:08.119"
"AA","63.820","4","63.860","1","2","63.76","94f954a3-0987-435c-86e7-fc94bad2483d","2022-02-07 13:48:08.119"
"AA","63.900","1","63.930","3","2","63.75","64a52cf1-ac44-4041-8bac-8bef81d264a8","2022-02-07 13:48:58.874"
"AA","63.850","1","63.870","1","2","63.75","ed2ced2a-b85f-4087-a75f-f8a69a6b104f","2022-02-07 13:48:58.874"
"AA","63.750","3","63.790","1","-2","63.80","9030826b-b547-439c-ab32-da21ad1a6f2d","2022-02-07 13:49:07.957"
"AA","63.750","1","63.780","2","-2","63.78","2d57ff91-5e50-4548-b532-fd5121ecac85","2022-02-07 13:49:28.047"
"AA","63.750","1","63.780","2","-2","63.78","ee61301e-c4f9-45a3-983a-51f94c8ecc59","2022-02-07 13:49:28.047"
"AA","63.750","1","63.780","2","-2","63.78","7ff34a95-e25a-4b15-9bfd-71a0b5a57251","2022-02-07 13:49:28.047"
"AA","63.760","4","63.780","1","-2","63.78","0143ca3f-d26b-487b-98fd-d2a240f94786","2022-02-07 13:50:19.091"
"AA","63.770","1","63.790","4","-2","63.79","acc9c63d-e983-46c3-9669-056fb2f9c89b","2022-02-07 13:50:30.183"
"AA","64.720","10","64.750","4","2","64.58","681cccf6-a145-4a30-900e-8c4dd08f328b","2022-02-07 15:07:05.526"
"AA","64.690","6","64.710","1","2","64.58","c23838f4-fe40-42a5-bae9-ee0718486961","2022-02-07 15:07:05.526"
"AA","64.700","3","64.720","1","2","64.58","735aff2e-6b5c-408f-978e-837ae050627a","2022-02-07 15:07:05.526"
"AA","64.620","5","64.650","2","2","64.58","3c74fbba-c414-4c44-ac0f-b82371d62f6b","2022-02-07 15:07:05.526"
"AA","64.620","3","64.650","6","2","64.58","9d48c5f0-29e7-4ba4-8448-585b6eb30483","2022-02-07 15:07:05.526"
"AA","64.710","3","64.730","1","2","64.53","257a368e-a6c4-4547-a10e-f9c869c78001","2022-02-07 15:07:08.964"
"AA","64.710","1","64.730","1","2","64.53","f9684dd2-f72c-439e-8dae-fcd8c4984d1e","2022-02-07 15:07:08.964"
"AA","64.720","6","64.750","10","2","64.53","478b98cd-9f42-4c6b-a7ff-ff5adec560c3","2022-02-07 15:07:08.964"
"AA","64.600","1","64.620","1","-2","64.62","0ba32098-fccb-4d8a-b50b-48f35ac091aa","2022-02-07 15:08:03.623"
"AA","64.600","1","64.620","1","-2","64.62","07584f64-fb85-4f1c-b5eb-6d1b2cee5f83","2022-02-07 15:08:03.623"
"AA","64.600","1","64.620","1","-2","64.62","29d36aa1-ce28-4844-a191-093081118917","2022-02-07 15:08:03.623"
"AA","64.600","1","64.620","1","-2","64.62","94b7f0c3-57a6-4f24-8790-6477e94faa59","2022-02-07 15:08:03.623"
"AA","64.560","1","64.570","1","-2","64.60","df54fcbd-720d-422c-a80e-d9b7a0f026a4","2022-02-07 15:08:20.986"
"AA","64.600","3","64.610","1","-2","64.61","ba073cae-cdd7-468d-9c15-33e39086a3ed","2022-02-07 15:08:51.913"
"AA","64.570","14","64.590","1","-2","64.59","a4710e4b-6fe7-4612-b55d-e26e87021dd7","2022-02-07 15:09:21.795"
"AA","64.590","6","64.620","2","-2","64.62","4d5d4d64-e98f-4f63-b643-08e8df7dc7d7","2022-02-07 15:09:31.670"
"AA","64.590","1","64.620","6","2","64.59","7bdff066-f7c1-46e5-903f-a8087627fee6","2022-02-07 15:19:36.057"
"AA","64.570","1","64.590","1","-2","64.59","0b6c36bf-a879-4042-8642-8a86260e3d31","2022-02-07 15:21:32.819"
"AA","64.580","2","64.620","5","2","64.49","411dbe4d-a1ff-4641-8884-54a73c8ed733","2022-02-07 15:26:45.895"
"AA","64.640","3","64.680","1","2","64.49","937ef5cc-a3f7-4b78-968e-0c220ce29567","2022-02-07 15:26:45.895"
"AA","64.690","1","64.720","2","2","64.44","80ee0725-f0c1-43c4-b988-1568a8dbd0a6","2022-02-07 15:27:03.098"
"AA","64.660","2","64.690","3","2","64.44","2b006f9e-75e3-4c5e-afdf-b1fd5f88e716","2022-02-07 15:27:03.098"
"AA","64.600","4","64.630","3","2","64.44","a75dc1ec-50e7-4723-922c-9c5a88e9eaee","2022-02-07 15:27:03.098"
"AA","64.570","2","64.600","3","2","64.44","5cef693d-7b1c-4305-b13b-ce5217d99a88","2022-02-07 15:27:03.098"
"AA","64.590","1","64.610","3","2","64.44","1a3d2e73-8c20-4041-a616-3ea123fa37ca","2022-02-07 15:27:03.098"
"AA","64.560","3","64.600","1","2","64.44","9a08fb52-8cc7-462d-a3de-beaa0c3bf540","2022-02-07 15:27:03.098"
"AA","64.580","1","64.620","2","2","64.44","069c6530-079d-4608-93f9-94dbc0f40012","2022-02-07 15:27:03.098"
"AA","64.580","1","64.620","2","2","64.44","665c2405-df37-4006-91e1-54734e80b3ba","2022-02-07 15:27:03.098"
"AA","64.480","1","64.500","2","-2","64.50","cb3aaa70-812b-438c-8ee6-a2cde6b50cea","2022-02-07 15:27:30.620"
"AA","64.480","1","64.500","2","-2","64.50","ff5157ef-2212-414f-9d76-9340d1d4e557","2022-02-07 15:27:30.620"
"AA","64.480","1","64.500","2","-2","64.50","3a15a04b-9fb9-43a5-a2f7-596631f88ea2","2022-02-07 15:27:30.620"
"AA","64.480","1","64.500","2","-2","64.50","0f249167-2eaf-41b9-9891-68542d1ca6e9","2022-02-07 15:27:30.620"
"AA","64.480","1","64.500","2","-2","64.50","64ae749f-0af8-4095-a816-c8137aaef755","2022-02-07 15:27:30.620"
"AA","64.390","3","64.410","1","-2","64.41","ee7e76d9-5d7b-4603-82ab-fdc5d4be3d67","2022-02-07 15:28:13.515"
"AA","64.400","6","64.420","1","-2","64.42","ce9c24c4-12b8-44d9-9e43-f073815361ee","2022-02-07 15:28:20.426"
"AA","64.350","2","64.370","1","-2","64.37","2f09a613-1dab-46d9-b09c-4c3f78ef29b4","2022-02-07 15:29:34.304"
"AA","64.350","2","64.370","1","-2","64.37","42737158-bf7a-43ae-be05-c9e3fc2c1958","2022-02-07 15:29:34.304"
"AA","64.370","2","64.380","1","-2","64.38","80e72daa-1d08-4ff8-b247-9632e88ea2d7","2022-02-07 15:29:47.306"
"AG","10.220","58","10.230","11","11","10.23","ff7da388-3658-4bdf-85e3-c7e6718cbc04","2022-02-07 10:21:10.006"
"AG","10.260","36","10.270","21","-11","10.27","c60956c1-dfdb-491d-b510-d5eb193a3b9f","2022-02-07 10:21:45.278"
"AG","10.400","40","10.410","16","11","10.38","babd1836-7aaa-441e-98bf-1bed7d720b2a","2022-02-07 11:43:11.986"
"AG","10.400","24","10.400","1","11","10.38","703ba62d-45c7-4687-baa3-3d263e1b061f","2022-02-07 11:43:11.986"
"AG","10.400","36","10.410","33","11","10.38","13ff582b-fe7c-4920-a4b6-d4a3f396a22f","2022-02-07 11:43:11.986"
"AG","10.400","45","10.410","20","11","10.38","11864315-ed78-44be-af64-1614efbe51ab","2022-02-07 11:43:11.986"
"AG","10.410","177","10.420","23","11","10.37","23dabfc2-5a0d-45af-92c8-0231af61678e","2022-02-07 11:43:36.970"
"AG","10.410","23","10.420","46","11","10.37","a3cf844b-46d3-489f-a07b-3d91684afee9","2022-02-07 11:43:36.970"
"AG","10.410","13","10.420","42","11","10.37","853303f3-b14c-4b05-87fa-868e62160f5a","2022-02-07 11:43:36.970"
"AG","10.400","20","10.410","41","11","10.37","6a30deb7-5cd8-48be-af4f-238efe0a2ec3","2022-02-07 11:43:36.970"
"AG","10.400","27","10.410","36","11","10.37","2587bd7f-4397-4a5d-90df-6e47ebbe60be","2022-02-07 11:43:36.970"
"AG","10.410","30","10.420","25","11","10.36","b504fc57-fc0a-4589-9c2b-a5a2e8cdf2e3","2022-02-07 11:43:36.972"
"AG","10.440","53","10.450","42","11","10.36","8b501f30-f22f-4c2f-a8b0-51c02ffc450d","2022-02-07 11:43:36.972"
"AG","10.450","24","10.460","72","11","10.36","3b7ac1b4-668c-49f9-9533-d8c8b0e14d3f","2022-02-07 11:43:36.972"
"AG","10.410","175","10.420","16","11","10.36","f7d2c47d-055d-429b-aac6-8b8f8f6729e6","2022-02-07 11:43:36.972"
"AG","10.360","35","10.370","13","-11","10.37","02a9c8c9-87ea-4b4a-adbe-a8eb21f63c81","2022-02-07 11:44:37.240"
"AG","10.360","35","10.370","13","-11","10.37","433958f3-5aac-4d74-9cc9-66a5b7cfb26e","2022-02-07 11:44:37.240"
"AG","10.360","35","10.370","13","-11","10.37","193fd0b0-e7a0-4a1c-9719-39cb983ea530","2022-02-07 11:44:37.240"
"AG","10.360","30","10.370","13","-11","10.37","9ccc40c1-2377-471f-bd78-ebfcf69f2c37","2022-02-07 11:44:46.087"
"AG","10.360","30","10.370","13","-11","10.37","8fc7f561-09cd-4825-abc4-a06568bf2806","2022-02-07 11:44:46.087"
"AG","10.360","30","10.370","13","-11","10.37","3594f78e-44f0-4783-912d-bb34b0dc7f29","2022-02-07 11:44:46.087"
"AG","10.360","30","10.370","13","-11","10.37","30855425-b45a-45af-a287-423035342c38","2022-02-07 11:44:46.087"
"AG","10.360","30","10.370","13","-11","10.37","b8291f2b-6135-4d92-8cbf-4ded131e5cb4","2022-02-07 11:44:46.087"
"AG","10.360","27","10.370","23","-11","10.37","f6349733-0be0-4f83-af6d-3193f1baf008","2022-02-07 11:45:02.048"
"AG","10.360","25","10.370","21","-11","10.37","03b9393b-d3c9-45fd-9292-98f05c27dbee","2022-02-07 11:45:15.861"
"AG","10.360","25","10.370","21","-11","10.37","ee52a4fb-1d1c-4382-98a6-ef7ef5c02d85","2022-02-07 11:45:15.861"
"AG","10.350","43","10.360","21","-11","10.36","e501a3c2-f22f-456c-93d7-fe3fdd24b826","2022-02-07 11:46:14.632"
"AG","10.350","45","10.360","19","-11","10.36","69b71416-afc1-46c2-809a-eacfaa3f4612","2022-02-07 11:47:15.654"
"AG","10.370","30","10.380","34","11","10.38","d575e77a-af92-4307-80e0-f6fc40fa817b","2022-02-07 11:52:20.006"
"AG","10.370","19","10.380","54","-11","10.38","edd8a51e-d2b2-4163-bb45-2d7b27885e82","2022-02-07 11:53:54.151"
"AG","10.380","22","10.390","42","11","10.39","0fa4c928-1ace-4218-82e1-9c6be6b55bbb","2022-02-07 11:57:50.006"
"AG","10.400","77","10.410","10","-11","10.41","24604728-b6af-4fef-a91f-82b93ad2b7ae","2022-02-07 12:03:41.997"
"AG","10.390","50","10.400","39","11","10.39","2f434f6f-4c18-4e61-bf43-c6d783f7ecf0","2022-02-07 12:24:12.793"
"AG","10.390","50","10.400","39","11","10.39","88abe08a-60e1-45c7-9e3a-c9f1d2da29cc","2022-02-07 12:24:12.793"
"AG","10.400","35","10.410","39","-11","10.41","3e8a00ac-1d59-43e7-b169-7d597d3b853e","2022-02-07 12:25:57.169"
"AG","10.410","64","10.410","1","-11","10.41","86261ba6-2908-4d77-870e-8a71137fe605","2022-02-07 12:26:00.006"
"AG","10.530","26","10.540","40","11","10.51","a827f889-8fad-4126-9771-44d197acd137","2022-02-07 13:34:37.175"
"AG","10.530","26","10.540","40","11","10.51","92b9d2ba-7dba-49ab-acd7-ddfba192b9fb","2022-02-07 13:34:37.175"
"AG","10.540","48","10.540","4","11","10.51","44c4d1aa-2d64-4d2b-b3e6-30054adfe7f9","2022-02-07 13:34:37.175"
"AG","10.530","30","10.540","40","11","10.51","6ca0de27-bb82-454b-aa6b-230044f449c3","2022-02-07 13:34:37.175"
"AG","10.530","16","10.540","41","11","10.51","25bd75f8-7f88-425e-beeb-eaf1d53dc9a5","2022-02-07 13:34:37.175"
"AG","10.530","29","10.540","32","11","10.51","0524cd40-b181-4916-aaef-f5a5f10eb6b0","2022-02-07 13:34:37.175"
"AG","10.530","29","10.540","32","11","10.51","605b2ed5-b527-41d7-b1f0-4c9c708d0bb8","2022-02-07 13:34:37.175"
"AG","10.530","12","10.540","35","11","10.51","031f0826-b832-4099-87aa-0d64ca0d7f0e","2022-02-07 13:34:37.175"
"AG","10.530","2","10.530","36","11","10.51","ffa5c6cf-473c-41ed-9b3e-3237b5d536c7","2022-02-07 13:34:37.175"
"AG","10.510","51","10.520","23","-11","10.52","24456dc6-425f-4be8-adf7-66323aa3aaf6","2022-02-07 13:35:00.610"
"AG","10.510","51","10.520","23","-11","10.52","a5cdbe6e-63fd-4d23-b00b-e9fcea50de16","2022-02-07 13:35:00.610"
"AG","10.510","51","10.520","23","-11","10.52","7368fb74-1c1c-4f92-bdf5-152bfd3cb9c5","2022-02-07 13:35:00.610"
"AG","10.510","51","10.520","23","-11","10.52","dbbdc16b-6997-4756-b0cb-ede6c320afff","2022-02-07 13:35:00.610"
"AG","10.510","51","10.520","23","-11","10.52","353e3567-0f5f-402c-baba-d48fd4455b6a","2022-02-07 13:35:00.610"
"AG","10.510","51","10.520","23","-11","10.52","a46b2da6-c4bd-4f8c-8fff-82f8bca31fcd","2022-02-07 13:35:00.610"
"AG","10.510","51","10.520","23","-11","10.52","4ac4cddd-78da-487a-8c0a-35ac2692bdd7","2022-02-07 13:35:00.610"
"AG","10.520","18","10.530","42","-11","10.53","f071bd3c-039a-4da3-a665-b6a45a98537b","2022-02-07 13:36:27.671"
"AG","10.520","35","10.530","28","-11","10.53","8d5eca05-6803-4adf-b39b-c1d34c49dfc1","2022-02-07 13:36:35.784"
"AG","10.530","22","10.540","28","11","10.51","073466fc-8ea0-4bc5-9605-5ab6d96a72c4","2022-02-07 13:49:23.652"
"AG","10.540","37","10.550","18","11","10.51","61bde86a-8045-4046-9cdd-b0cfd87df590","2022-02-07 13:49:23.652"
"AG","10.540","38","10.550","17","11","10.51","24f012be-4090-4b70-9cd5-86874d2dee7a","2022-02-07 13:49:23.652"
"AG","10.540","38","10.550","17","11","10.51","eca5b8f2-e6d3-4622-96dc-e7bdf38a605a","2022-02-07 13:49:23.652"
"AG","10.540","36","10.550","20","11","10.51","1cb580ce-1feb-4e2b-853b-679b5c0ea491","2022-02-07 13:49:23.652"
"AG","10.540","25","10.550","34","11","10.51","7568edb4-5009-4b55-9dae-3764e3580911","2022-02-07 13:49:23.652"
"AG","10.550","30","10.560","51","11","10.51","af934288-4b2e-41fa-b131-05df7258bad6","2022-02-07 13:49:23.652"
"AG","10.550","30","10.560","51","11","10.51","76ce6e3d-0d79-478c-8da7-34049eef605c","2022-02-07 13:49:23.652"
"AG","10.550","15","10.560","53","11","10.51","5763cb73-4c23-41b7-97c1-7d7c77d5abac","2022-02-07 13:49:23.652"
"AG","10.550","15","10.560","53","11","10.51","d7d23005-9330-44db-85e7-1c6f8aa447e6","2022-02-07 13:49:23.652"
"AG","10.550","34","10.560","51","11","10.51","ad0f8b46-946b-4db2-9dfe-656db9b05834","2022-02-07 13:49:23.652"
"AG","10.550","3","10.560","73","11","10.51","604edf12-8eea-41df-af9b-ce63db6ff3c8","2022-02-07 13:49:23.652"
"AG","10.530","35","10.540","51","11","10.51","0a08b0c0-836d-467c-86c0-34e9fb2a4fe8","2022-02-07 13:49:23.652"
"AG","10.530","23","10.540","41","11","10.51","de19346c-2c4d-4b03-b422-16179ab6218e","2022-02-07 13:49:23.652"
"AG","10.530","33","10.540","46","11","10.51","684cf814-ea7f-4d94-b797-a7f1eba9da0c","2022-02-07 13:49:23.652"
"AG","10.530","12","10.540","67","11","10.51","763935eb-02a5-458e-8993-0c7210ea3c20","2022-02-07 13:49:23.652"
"AG","10.530","12","10.540","67","11","10.51","76b18248-bf95-4d28-9eb3-3539e9ac3605","2022-02-07 13:49:23.652"
"AG","10.500","43","10.510","19","-11","10.51","ef3b8af9-99d4-40aa-bc47-bdf93d870955","2022-02-07 13:50:37.890"
"AG","10.500","43","10.510","19","-11","10.51","d30a4c7d-1cda-4b59-b6a3-9b9cab854b8c","2022-02-07 13:50:37.890"
"AG","10.500","43","10.510","19","-11","10.51","4efca878-3797-413a-95b7-0c7f8f7b0308","2022-02-07 13:50:37.890"
"AG","10.500","43","10.510","19","-11","10.51","ae16b000-4ea4-4c51-a4ca-56591f6b877f","2022-02-07 13:50:37.890"
"AG","10.510","16","10.520","35","-11","10.52","8429fdf2-1355-4c37-9fab-49a227f6cb19","2022-02-07 13:52:06.045"
"AG","10.510","16","10.520","35","-11","10.52","99024157-4806-47f1-bea4-15ffef744887","2022-02-07 13:52:06.045"
"AG","10.510","16","10.520","35","-11","10.52","58d879e8-13af-4b29-9777-e91f90617c2c","2022-02-07 13:52:06.045"
"AG","10.510","16","10.520","35","-11","10.52","28f040a4-89a4-4c63-bbd4-d236b7cc1fb5","2022-02-07 13:52:06.045"
"AG","10.510","16","10.520","35","-11","10.52","2cbc297e-c3d7-46ad-8ca2-d86e518abf9f","2022-02-07 13:52:06.045"
"AG","10.510","16","10.520","35","-11","10.52","fd4d8d07-8395-4363-92ec-c15fc2344dcf","2022-02-07 13:52:06.045"
"AG","10.510","16","10.520","35","-11","10.52","e08b172b-bf43-42c2-b063-e5d15ef509ec","2022-02-07 13:52:06.045"
"AG","10.510","16","10.520","35","-11","10.52","c0dce1d5-1177-4ab6-bd51-3174e5d36504","2022-02-07 13:52:06.045"
"AG","10.510","16","10.520","35","-11","10.52","fb61216b-3d8c-4975-9f1a-0ebc68b580e3","2022-02-07 13:52:06.045"
"AG","10.510","16","10.520","35","-11","10.52","fbae2b7e-7b17-4c9f-a27b-f4f15cb164ca","2022-02-07 13:52:06.045"
"AG","10.510","16","10.520","35","-11","10.52","2467dea1-5d13-429f-abd5-3d6a227e406b","2022-02-07 13:52:06.045"
"AG","10.510","16","10.520","35","-11","10.52","6014d32b-fe56-4aeb-aab4-8390bd541d2d","2022-02-07 13:52:06.045"
"AG","10.510","16","10.520","35","-11","10.52","e0e8fc1e-f0c0-49e3-b92a-4b5ea92b7d58","2022-02-07 13:52:06.045"
"AG","10.530","41","10.540","22","11","10.53","4da100dc-4fef-4069-ac24-aef0683c984c","2022-02-07 14:00:04.490"
"AG","10.540","26","10.550","50","-11","10.55","96ff735a-411a-494c-9e7e-99d2d63ca5b5","2022-02-07 14:03:23.404"
"AG","10.540","23","10.550","41","11","10.53","5c5f5ad3-8786-4a99-b4a7-c14206d2b804","2022-02-07 14:23:05.264"
"AG","10.540","23","10.550","41","11","10.53","8f9df3b6-a198-4d74-bd77-fef17f1b5f5b","2022-02-07 14:23:05.264"
"AG","10.540","10","10.550","54","11","10.53","72ac4eae-5c9e-453b-a5f5-c08630625f95","2022-02-07 14:23:05.264"
"AG","10.540","7","10.550","77","11","10.53","995b39a8-7ad5-47e0-9c18-a5e90aa3e755","2022-02-07 14:23:05.264"
"AG","10.540","29","10.550","53","11","10.53","0f48a547-58c6-4541-b4ba-6b5332495f3c","2022-02-07 14:23:05.264"
"AG","10.540","21","10.550","53","11","10.53","2293a922-7d59-4266-98dd-f91e5d6faa7d","2022-02-07 14:23:05.264"
"AG","10.540","39","10.550","28","11","10.53","eaa324ce-3779-4c1f-8d1a-147b9f1c3e30","2022-02-07 14:23:05.264"
"AG","10.520","36","10.530","32","-11","10.53","662a6c42-cda6-4866-8c4c-ba0c3d0f798e","2022-02-07 14:24:03.782"
"AG","10.520","36","10.530","32","-11","10.53","e9d11237-85dc-4d27-83a6-fe31a8722658","2022-02-07 14:24:03.782"
"AG","10.520","36","10.530","32","-11","10.53","1c2166eb-fc1c-4fc7-9a66-91feb1712e5b","2022-02-07 14:24:03.782"
"AG","10.520","36","10.530","32","-11","10.53","e7607641-e6b1-41f0-8005-396c0c2b7328","2022-02-07 14:24:03.782"
"AG","10.520","36","10.530","32","-11","10.53","030a774b-4027-4cab-a00a-e80cd7d4c591","2022-02-07 14:24:03.782"
"AG","10.520","36","10.530","32","-11","10.53","18258599-38b8-4f19-8348-7fbe28bd4c81","2022-02-07 14:24:03.782"
"AG","10.520","31","10.530","38","-11","10.53","f683413e-973a-44d5-80fe-153941b9f640","2022-02-07 14:24:03.782"
"AG","10.570","43","10.580","26","11","10.56","aff9dba0-613c-4faf-8dd1-d7024abad6bf","2022-02-07 15:12:26.411"
"AG","10.600","22","10.610","59","11","10.55","6e3e3cf1-4675-4515-979d-7ef93676ecea","2022-02-07 15:14:01.129"
"AG","10.600","41","10.610","48","11","10.55","27e78dd2-a450-4762-91fb-62b31751a1d5","2022-02-07 15:14:01.129"
"AG","10.600","30","10.610","47","11","10.55","8f9e5770-d04b-4c79-bd55-4e6cac965a5a","2022-02-07 15:14:01.129"
"AG","10.600","22","10.610","45","11","10.55","800dff52-e543-4f68-a65d-8a81754034aa","2022-02-07 15:14:01.129"
"AG","10.600","21","10.610","36","11","10.55","3c717fea-a106-4318-9546-cf6d6a6a6424","2022-02-07 15:14:01.129"
"AG","10.590","48","10.600","53","11","10.55","af506c77-dd35-4888-b3a7-1293f052ce72","2022-02-07 15:14:01.129"
"AG","10.590","48","10.600","53","11","10.55","1412d7d9-3d34-4754-b003-92db31826703","2022-02-07 15:14:01.129"
"AG","10.590","69","10.600","16","11","10.55","9541da87-6f01-4ab8-8cb7-32e27cc63f1f","2022-02-07 15:14:01.129"
"AG","10.560","27","10.570","30","-11","10.57","72c01c47-73c2-4f16-93b8-a1575a6ac074","2022-02-07 15:14:50.850"
"AG","10.560","27","10.570","30","-11","10.57","40c4c90b-fb03-4bca-8aed-80941e94a6f6","2022-02-07 15:14:50.850"
"AG","10.570","17","10.580","63","-11","10.58","58704fff-7b28-49d1-8f13-10116e833345","2022-02-07 15:15:19.584"
"AG","10.570","17","10.580","63","-11","10.58","4fce57d8-ed46-40f2-9d77-91f849c30983","2022-02-07 15:15:19.584"
"AG","10.570","34","10.580","39","-11","10.58","4d170cff-7ba2-4a51-9daf-7ae0c0244e37","2022-02-07 15:15:42.887"
"AG","10.570","34","10.580","39","-11","10.58","8982f969-bdaf-4342-8816-a56111b47f67","2022-02-07 15:15:42.887"
"AG","10.570","35","10.580","19","-11","10.58","7072dd47-7bb5-48a5-bc33-5f0099fb77f2","2022-02-07 15:15:51.784"
"AG","10.570","35","10.580","19","-11","10.58","a6a830df-6192-4d7b-a60a-89c11d309dda","2022-02-07 15:15:51.784"
"AG","10.570","34","10.580","37","-11","10.58","24ee91ad-252d-42f7-9fa5-378eba79d8fe","2022-02-07 15:18:42.145"
"AG","10.580","1","10.580","71","11","10.56","3d9c0333-3210-49d5-bd5f-8dbeef51172f","2022-02-07 15:21:29.462"
"AG","10.560","4","10.560","46","-11","10.56","9594bf5c-7822-436a-8172-dd3c4209af00","2022-02-07 15:22:00.006"
"AG","10.560","39","10.570","29","11","10.52","d9128d30-1ec9-42f2-bfe4-8b18d72d6b26","2022-02-07 15:25:55.738"
"AG","10.510","44","10.520","42","-11","10.52","f0b92577-cae5-48b9-a9f9-cd938c7d931f","2022-02-07 15:27:51.352"
"ABB","34.900","48","34.910","24","3","34.83","d5049959-6a59-4055-92dc-c55d6ec58d87","2022-02-07 11:04:32.497"
"ABB","34.890","4","34.900","30","3","34.82","1c8958ed-89f0-4807-8380-4adef9f91da4","2022-02-07 11:04:33.555"
"ABB","34.880","45","34.890","15","3","34.82","81c22725-6ef6-4240-a730-4f1828571e68","2022-02-07 11:04:33.555"
"ABB","34.880","51","34.890","13","3","34.82","e9b232df-c726-42d9-9400-821c5dc04fb3","2022-02-07 11:04:33.555"
"ABB","34.890","18","34.900","12","3","34.82","1a4957f4-309e-403e-a555-2ee96225b1c0","2022-02-07 11:04:33.555"
"ABB","34.890","50","34.900","24","3","34.82","d900022e-c8fb-4257-8717-ea71266a31e2","2022-02-07 11:04:33.555"
"ABB","34.880","52","34.890","3","3","34.82","5a2ccf4a-0320-42b0-9504-20439890dc70","2022-02-07 11:04:33.555"
"ABB","34.890","17","34.900","38","3","34.82","381a6675-6087-44fd-95d5-2c9102a34135","2022-02-07 11:04:33.555"
"ABB","34.890","17","34.900","38","3","34.82","c6a973f2-5877-4f90-95e1-3d4d0dc4ae8e","2022-02-07 11:04:33.555"
"ABB","34.890","17","34.900","25","3","34.82","1d635376-d2db-48cb-9b51-a6faf9e93c2b","2022-02-07 11:04:33.555"
"ABB","34.880","19","34.890","18","3","34.82","cefa279d-0109-4b14-a834-18f77a35f951","2022-02-07 11:04:33.555"
"ABB","34.870","8","34.880","42","3","34.82","1c44493e-18cd-4613-8e16-3b2cb94afb57","2022-02-07 11:04:33.555"
"ABB","34.860","23","34.870","8","3","34.82","97e19e51-e01c-4ca6-8f34-d302d0d6b6cd","2022-02-07 11:04:33.555"
"ABB","34.820","23","34.830","11","-3","34.83","5be3c6a6-89f2-4b38-98c5-81d781a3ecf0","2022-02-07 11:05:19.548"
"ABB","34.820","23","34.830","11","-3","34.83","d74ba0d8-c95d-4fea-a12f-4e7f87c28979","2022-02-07 11:05:19.548"
"ABB","34.820","23","34.830","11","-3","34.83","840a96a8-80ea-4ba0-be38-90e5ba320ee7","2022-02-07 11:05:19.548"
"ABB","34.820","23","34.830","11","-3","34.83","11dae955-9f48-43f8-afa8-d233776d1444","2022-02-07 11:05:19.548"
"ABB","34.820","23","34.830","11","-3","34.83","a2500574-0707-4f21-8619-4b9355ee1f5b","2022-02-07 11:05:19.548"
"ABB","34.820","23","34.830","11","-3","34.83","4655e7a5-fae0-4df1-8ab3-e74c4a78f41a","2022-02-07 11:05:19.548"
"ABB","34.820","23","34.830","11","-3","34.83","c821bf9c-73cc-4198-bbd9-270e6850a302","2022-02-07 11:05:19.548"
"ABB","34.820","23","34.830","11","-3","34.83","00801e5c-d5ad-423e-9b71-3401088ada9b","2022-02-07 11:05:19.548"
"ABB","34.820","30","34.830","1","-3","34.83","98ab217b-f71a-44bf-a4b9-501f85aca36c","2022-02-07 11:05:20.384"
"ABB","34.820","30","34.830","1","-3","34.83","23cfe78b-0f94-4834-bcec-81665a59c99e","2022-02-07 11:05:20.384"
"ABB","34.820","30","34.830","1","-3","34.83","f67c195a-f089-41b4-abad-9b9a3432e7ad","2022-02-07 11:05:20.384"
"ABB","34.810","33","34.820","1","-3","34.83","35f6d97b-a600-4064-88f4-44152749d925","2022-02-07 11:06:05.161"
"ABB","34.780","25","34.790","15","-3","34.79","4908c766-e2b6-4f7f-821b-78195717d368","2022-02-07 11:10:49.527"
"ABB","34.810","40","34.820","19","3","34.81","9c2dc226-3f55-4073-9b1d-e5170b20b209","2022-02-07 11:24:36.135"
"ABB","34.820","17","34.830","15","-3","34.83","76ca2542-e21b-46cc-b892-47a5b61ac0f2","2022-02-07 11:25:37.768"
"ABB","34.830","27","34.840","3","3","34.78","678b026a-55d8-4b18-9a6f-c4391f0d41b4","2022-02-07 11:29:47.400"
"ABB","34.830","27","34.840","3","3","34.78","8cab623f-d60a-43cb-872e-9804481066b9","2022-02-07 11:29:47.400"
"ABB","34.840","22","34.850","24","3","34.78","79cf4472-80e1-44ef-8922-04e99c25884e","2022-02-07 11:29:47.400"
"ABB","34.860","1","34.870","34","3","34.78","b69a37ac-66c6-4114-9277-7eb671cd69f6","2022-02-07 11:29:47.400"
"ABB","34.850","27","34.860","18","3","34.78","73a55cc9-0def-40a5-ae18-3935ada3761e","2022-02-07 11:29:47.400"
"ABB","34.840","15","34.850","44","3","34.77","1dcca53f-3ee1-44d9-8452-a2c9df378fba","2022-02-07 11:29:52.503"
"ABB","34.760","16","34.770","8","-3","34.77","f849484e-9e41-4b99-8b5c-a72489e274fa","2022-02-07 11:30:41.495"
"ABB","34.760","16","34.770","8","-3","34.77","87eb291b-9c37-44f0-9837-c6409c939f7f","2022-02-07 11:30:41.495"
"ABB","34.760","16","34.770","8","-3","34.77","4df7ff2b-605b-46bf-a5a6-30377ac21dbf","2022-02-07 11:30:41.495"
"ABB","34.760","16","34.770","8","-3","34.77","9adb7748-c1f9-4880-8003-80a8eeb915e8","2022-02-07 11:30:41.495"
"ABB","34.760","16","34.770","8","-3","34.77","61421916-f30c-4bff-af23-0f7ad02da4da","2022-02-07 11:30:41.495"
"ABB","34.760","26","34.770","12","-3","34.77","efc0fd8b-c2d0-456d-a129-0fcfd20eadb1","2022-02-07 11:31:33.116"
"ABB","34.680","9","34.690","13","3","34.63","37ec5f5f-c3be-4fef-ba16-03fdf7e36378","2022-02-07 12:01:43.452"
"ABB","34.670","22","34.680","9","3","34.63","08e9914e-835b-415c-8404-66a885b942f1","2022-02-07 12:01:43.452"
"ABB","34.670","26","34.680","8","3","34.63","cf75911a-380f-40f6-9d2d-2d20947c7d90","2022-02-07 12:01:43.452"
"ABB","34.670","26","34.680","8","3","34.63","5d4431fc-f5e1-480e-b5f8-b6141381bfec","2022-02-07 12:01:43.452"
"ABB","34.650","13","34.660","12","3","34.63","e69a85c4-3f12-4fa4-bc14-c72cd1606d0b","2022-02-07 12:01:43.452"
"ABB","34.630","13","34.640","9","-3","34.64","5a65caba-ae8e-4655-9be6-aa968ce7e6f6","2022-02-07 12:03:14.410"
"ABB","34.630","13","34.640","9","-3","34.64","3f164afe-b1dd-4544-b50a-d133084e6e48","2022-02-07 12:03:14.410"
"ABB","34.650","35","34.660","1","-3","34.67","e1e7eda5-55cd-41fc-aded-8745f1c0ddcd","2022-02-07 12:04:01.257"
"ABB","34.660","27","34.670","6","-3","34.68","6c72478f-7675-438d-86f0-b69fcb08a6fb","2022-02-07 12:04:42.907"
"ABB","34.670","1","34.670","29","-3","34.67","0b662cb3-6b98-4725-b606-4b42c6532eac","2022-02-07 12:05:10.006"
"ABB","34.660","9","34.670","16","3","34.63","187d10be-c6f3-4bb0-8e2b-5acdade30e26","2022-02-07 12:09:55.085"
"ABB","34.660","13","34.670","10","3","34.63","24ac4c11-bdf9-4b40-8618-466bb32c791d","2022-02-07 12:09:55.085"
"ABB","34.660","10","34.670","10","3","34.63","c32d5857-3973-44c9-b6d1-81d99543c419","2022-02-07 12:09:55.085"
"ABB","34.660","10","34.670","10","3","34.63","13cf556e-220f-4c79-a124-752d7291ba2d","2022-02-07 12:09:55.085"
"ABB","34.650","2","34.660","32","3","34.63","cdf2f0d0-5be5-4adc-98f1-7562ad6efa8a","2022-02-07 12:09:55.085"
"ABB","34.650","2","34.660","33","3","34.63","88d7cebd-d4b5-4fdf-805f-c0d367759787","2022-02-07 12:09:55.085"
"ABB","34.640","14","34.650","18","3","34.63","3ddff716-ce6e-45e7-99bf-96f2e411683a","2022-02-07 12:09:55.085"
"ABB","34.640","26","34.650","1","3","34.63","d84d65de-48a0-4ed8-b7e0-951a39ed0217","2022-02-07 12:09:55.085"
"ABB","34.640","12","34.650","13","3","34.63","7a7a2d1f-f098-4f48-b585-f5c91322ce36","2022-02-07 12:09:55.085"
"ABB","34.620","10","34.630","18","-3","34.63","6ab9461a-2a38-4a85-ad3b-85bba6728bca","2022-02-07 12:11:00.728"
"ABB","34.620","10","34.630","18","-3","34.63","1dc44b0e-ffed-45d2-a340-899d3e650e9c","2022-02-07 12:11:00.728"
"ABB","34.620","10","34.630","18","-3","34.63","25f3d77c-7e17-4106-91c0-fba323c0dbd6","2022-02-07 12:11:00.728"
"ABB","34.620","10","34.630","18","-3","34.63","82e3c59e-0ab5-4635-b7aa-46f9f7eaa654","2022-02-07 12:11:00.728"
"ABB","34.630","29","34.640","21","-3","34.64","40481e2d-4385-4570-bb73-955343995e7a","2022-02-07 12:11:24.306"
"ABB","34.630","29","34.640","21","-3","34.64","2987e33c-84d0-41b7-bf64-72cc1954e770","2022-02-07 12:11:24.306"
"ABB","34.630","29","34.640","21","-3","34.64","420b7964-50a7-40cf-9fec-9847c0930265","2022-02-07 12:11:24.306"
"ABB","34.630","29","34.640","21","-3","34.64","87d85996-059f-4de4-a06a-01980dbe878a","2022-02-07 12:11:24.306"
"ABB","34.630","13","34.640","13","-3","34.64","df04d51c-b3dd-43e1-a491-caeb2b5d4f9f","2022-02-07 12:11:37.237"
"ABB","34.680","49","34.690","3","3","34.59","77074fa8-e4fa-4644-8ef7-d59001cae187","2022-02-07 12:28:36.709"
"ABB","34.680","50","34.690","13","3","34.59","38348d0a-2201-4825-8f38-e0033a8bd399","2022-02-07 12:28:36.709"
"ABB","34.690","49","34.700","12","3","34.59","f497f1d1-7e6e-4786-a43a-273c08f910c4","2022-02-07 12:28:36.709"
"ABB","34.680","1","34.690","15","3","34.58","1b00b1af-a612-4c71-91d7-e0ee5f6a19ca","2022-02-07 12:28:59.771"
"ABB","34.680","14","34.690","31","3","34.58","058f6112-2aaf-4c67-8710-291856156190","2022-02-07 12:28:59.771"
"ABB","34.680","20","34.690","20","3","34.58","81b0ae86-926e-4bba-a11a-b895874860ed","2022-02-07 12:28:59.771"
"ABB","34.700","16","34.710","22","3","34.58","52bda12e-0c0b-4f67-aec1-b461f5d557d2","2022-02-07 12:28:59.771"
"ABB","34.690","1","34.700","19","3","34.58","5be1bcdb-230a-426b-868d-95a36f439604","2022-02-07 12:28:59.771"
"ABB","34.660","38","34.670","11","3","34.58","8270b10e-c254-42fb-aa4e-10e4ed329197","2022-02-07 12:28:59.771"
"ABB","34.660","46","34.670","19","3","34.58","47eecb61-8610-41a2-b711-cb4dc3d9de80","2022-02-07 12:28:59.771"
"ABB","34.660","42","34.670","11","3","34.58","0ee8a59e-d0bd-4d05-8090-8ddb5a58f395","2022-02-07 12:28:59.771"
"ABB","34.580","24","34.590","18","-3","34.59","bfc1173d-8e82-4b3a-a6c6-9adf534275d0","2022-02-07 12:31:03.435"
"ABB","34.580","24","34.590","18","-3","34.59","46405bd9-a5da-463b-beec-3c0b1614a6aa","2022-02-07 12:31:03.435"
"ABB","34.580","24","34.590","18","-3","34.59","1bf90f9d-7cac-4f75-a6f2-e7a1e92638d8","2022-02-07 12:31:03.435"
"ABB","34.580","24","34.590","18","-3","34.59","2240c1cd-099e-4891-a8f8-4db94f395a71","2022-02-07 12:31:03.435"
"ABB","34.580","24","34.590","18","-3","34.59","4af247e2-b6d4-4e7d-a97c-4ba96adafb39","2022-02-07 12:31:03.435"
"ABB","34.580","24","34.590","18","-3","34.59","89ca710a-6bee-4af0-bf92-234867f14741","2022-02-07 12:31:03.435"
"ABB","34.590","32","34.600","1","-3","34.60","2d2111b9-1afa-4479-b41f-dbf850747929","2022-02-07 12:31:14.031"
"ABB","34.590","32","34.600","1","-3","34.60","6a64c9e7-e2c8-4cb6-95ea-dfef9e6c86b2","2022-02-07 12:31:14.031"
"ABB","34.590","32","34.600","1","-3","34.60","3933dae8-1473-4d1c-b04b-bb7419a79244","2022-02-07 12:31:14.031"
"ABB","34.590","16","34.600","24","-3","34.60","7cd4122d-9260-4fb4-8154-0b0dc0cd6653","2022-02-07 12:31:23.723"
"ABB","34.600","17","34.600","1","-3","34.60","6749541b-017e-4959-8e3e-24798420c97c","2022-02-07 12:31:30.006"
"ABB","34.600","33","34.610","1","3","34.61","ac5b62c9-4120-4499-ae2e-411e5f2e57aa","2022-02-07 12:42:00.006"
"ABB","34.610","9","34.620","15","-3","34.62","3f1b5616-d0d5-4ded-86c6-653c3f2c93eb","2022-02-07 12:46:38.028"
"ABB","34.840","12","34.850","12","3","34.82","3ae7ceea-e165-4715-a093-5eb0c18078cf","2022-02-07 14:13:44.935"
"ABB","34.840","10","34.850","25","3","34.82","f639b5ff-5c78-4b29-b80a-d19d43ab9adb","2022-02-07 14:13:44.935"
"ABB","34.840","11","34.850","12","3","34.82","38110c12-088e-4a1c-a5dc-56835a47d921","2022-02-07 14:13:44.935"
"ABB","34.840","11","34.850","20","3","34.82","72796288-2879-421e-9671-4728659862ef","2022-02-07 14:13:44.935"
"ABB","34.820","17","34.830","15","-3","34.83","01de89d9-51a4-4ce4-947b-b79e7e795b01","2022-02-07 14:16:26.968"
"ABB","34.830","28","34.840","10","-3","34.84","9e6d7ad7-d62d-42c8-a846-e417c1ccdd9d","2022-02-07 14:16:29.027"
"ABB","34.830","28","34.840","10","-3","34.84","db59b99a-abae-4682-afbb-1a31b85ed9a3","2022-02-07 14:16:29.027"
"ABB","34.830","28","34.840","10","-3","34.84","1c8542be-1d1c-4422-8477-9fc9b79a74f8","2022-02-07 14:16:29.027"
"ABB","34.910","18","34.920","2","3","34.88","6fad587d-a392-4ac4-9384-27cc4dfa3b10","2022-02-07 15:00:42.516"
"ABB","34.910","9","34.920","9","3","34.88","700ffbf8-da57-4b70-93fe-52234217f64e","2022-02-07 15:00:42.516"
"ABB","34.910","9","34.920","9","3","34.88","eecc9f54-ba13-4b4b-8e20-4235f839ebcd","2022-02-07 15:00:42.516"
"ABB","34.890","20","34.900","12","-3","34.90","ba1a5c8b-7cff-4827-bb6e-3c8c7ae575f9","2022-02-07 15:01:30.022"
"ABB","34.890","13","34.900","5","-3","34.90","52ca9ed2-200b-4768-ba45-0ac8ac5bcb40","2022-02-07 15:02:03.288"
"ABB","34.890","13","34.900","5","-3","34.90","7ccfd559-4b1f-4dc4-b7a5-2233f5e0802d","2022-02-07 15:02:03.288"
"ABB","34.930","13","34.940","17","3","34.89","c1a94e89-be84-493a-affd-9aaf681ddcb8","2022-02-07 15:08:14.334"
"ABB","34.920","34","34.930","15","-3","34.94","79513f47-202e-437b-ba54-179a22f805ba","2022-02-07 15:12:13.726"
"ABB","34.930","16","34.940","16","3","34.90","27fe19d0-fdea-481d-a4d9-249de2cad6f3","2022-02-07 15:20:27.698"
"ABB","34.930","9","34.940","26","3","34.90","c2493cd7-4f9a-4714-8cc9-fbc096aaacd5","2022-02-07 15:20:27.698"
"ABB","34.940","14","34.950","16","3","34.90","9cfb9b92-057c-40a8-a8c6-618abdfed527","2022-02-07 15:20:27.698"
"ABB","34.940","5","34.950","28","3","34.90","c71cf4a1-c26e-4332-a64c-f4ae93871329","2022-02-07 15:20:27.698"
"ABB","34.930","25","34.940","11","3","34.90","bcf0c42b-cd9c-4d44-bcb1-ff3957019ba4","2022-02-07 15:20:27.698"
"ABB","34.930","20","34.940","15","3","34.90","3751a4e4-fdd8-4496-a856-22893667700f","2022-02-07 15:20:27.698"
"ABB","34.900","23","34.910","25","-3","34.91","540c5256-8ea8-4715-8097-a7826825398a","2022-02-07 15:21:06.101"
"ABB","34.900","23","34.910","25","-3","34.91","63b31171-7be8-4118-9dd5-f808cc590727","2022-02-07 15:21:06.101"
"ABB","34.890","28","34.900","12","-3","34.90","eebc4999-043a-4301-b5db-20a38c1a2759","2022-02-07 15:21:33.761"
"ABB","34.890","28","34.900","12","-3","34.90","12597592-68b3-4af5-a4ce-be3519c63ce5","2022-02-07 15:21:33.761"
"ABB","34.890","37","34.900","2","-3","34.90","f76fc3c4-7de0-47da-b491-7627cb98a639","2022-02-07 15:21:42.027"
"ABB","34.930","21","34.940","7","3","34.89","ff64152a-c52d-4bf0-bf09-4d969e7f016c","2022-02-07 15:21:53.648"
"ABB","34.930","30","34.940","12","3","34.88","95a0428d-390a-4767-8323-d134648cdab8","2022-02-07 15:22:05.901"
"ABB","34.930","30","34.940","10","3","34.88","31a4ab7e-cd76-47cb-b0ad-7e5778554e22","2022-02-07 15:22:05.901"
"ABB","34.930","18","34.940","13","3","34.88","0336aa0e-0852-4436-bf7f-08dc51ffa0b7","2022-02-07 15:22:05.901"
"ABB","34.930","18","34.940","15","3","34.88","2536a7b5-948c-4aa8-9346-cb63ad64b686","2022-02-07 15:22:05.901"
"ABB","34.930","25","34.940","18","3","34.88","579c5eb7-a05e-4d68-a0cf-1a25972e45b1","2022-02-07 15:22:05.901"
"ABB","34.930","25","34.940","18","3","34.88","c74ea6ac-206a-4042-8694-83188e9f8420","2022-02-07 15:22:05.901"
"ABB","34.870","51","34.870","1","-3","34.87","7b1535ac-edaf-408e-9976-3da73b9fd42a","2022-02-07 15:22:10.006"
"ABB","34.870","42","34.880","2","-3","34.89","c81dc6c8-c4ff-4fee-9ea0-cb0cbb73cffc","2022-02-07 15:22:28.774"
"ABB","34.870","42","34.880","2","-3","34.89","1cbafc4d-0715-42e9-96f9-fd019ed0eab9","2022-02-07 15:22:28.774"
"ABB","34.870","42","34.880","2","-3","34.89","5fc9caf6-65f2-49bd-9ad2-fe4518b8bf8e","2022-02-07 15:22:28.774"
"ABB","34.870","42","34.880","2","-3","34.89","dded2935-8d19-48a6-aaf8-d16e6bd5758d","2022-02-07 15:22:28.774"
"ABB","34.880","12","34.890","20","-3","34.89","a6119df3-1d0c-4500-9d05-013da9a8e26f","2022-02-07 15:22:40.564"
"ABB","34.880","12","34.890","20","-3","34.89","5c568c91-f361-4073-a160-a5595327bdbf","2022-02-07 15:22:40.564"
"ABB","34.880","12","34.890","20","-3","34.89","fe65187c-9ce0-4a62-bc64-8b36b8408563","2022-02-07 15:22:40.564"
"ALC","76.930","1","77.000","7","2","76.90","be1cd268-46ef-4873-be5e-f739b6e5ab57","2022-02-07 10:13:31.089"
"ALC","76.930","1","77.000","7","2","76.90","bd2f39c2-d668-418b-bc2a-426cb69091c2","2022-02-07 10:13:31.089"
"ALC","76.930","1","77.000","7","2","76.90","90518b2e-ae4c-462d-a395-994fe146ab3a","2022-02-07 10:13:31.089"
"ALC","76.880","1","76.940","7","-2","76.94","6425ded7-1739-4b6b-98d4-b53eb5e44f78","2022-02-07 10:14:52.968"
"ALC","76.880","1","76.940","7","-2","76.94","d02a18a7-20b7-4c22-9b42-ab015c8d9b9a","2022-02-07 10:14:52.968"
"ALC","76.920","1","76.980","7","-2","76.98","5e24af09-93fe-45a1-898e-19eecfae362d","2022-02-07 10:22:28.761"
"ALC","76.920","11","77.000","7","2","76.92","8757d949-c6c8-4325-be68-81662eebec37","2022-02-07 10:25:23.745"
"ALC","76.940","8","77.000","7","2","76.92","ec091b16-6d03-4141-b45d-2bb4f41f9c7f","2022-02-07 10:25:23.745"
"ALC","76.940","1","76.980","7","2","76.92","d2fe4f4c-a26d-4b50-af6e-72a1ce71de34","2022-02-07 10:25:23.745"
"ALC","76.960","2","77.000","7","-2","77.00","9c3f1c85-e05e-4551-b75c-0b3205407f6a","2022-02-07 10:27:13.492"
"ALC","76.960","3","77.020","7","-2","77.02","891ec0aa-c0d4-4ff6-a6e2-855b15e2ce1a","2022-02-07 10:27:20.112"
"ALC","76.960","3","77.020","8","-2","77.02","5d3941db-7d49-4778-9e29-3ae73056f305","2022-02-07 10:27:33.102"
"ALC","76.970","2","77.000","7","2","76.93","6b428053-0899-496f-bbe3-33c4854ed65a","2022-02-07 10:30:38.792"
"ALC","76.980","1","77.020","7","2","76.93","77012fad-41e2-4d2f-a8fe-e1302ec838c7","2022-02-07 10:30:38.792"
"ALC","76.850","1","76.920","10","-2","76.92","a6dc7105-e42b-4909-bdb5-7ae17f8ba72b","2022-02-07 10:36:33.831"
"ALC","76.860","7","76.930","3","-2","76.93","d830be07-2210-4e25-93a6-a48c2b16daa4","2022-02-07 10:36:33.844"
"ALC","76.860","1","76.910","2","2","76.86","d369b03a-d02a-4556-bcb9-230439332188","2022-02-07 10:40:22.726"
"ALC","76.800","2","76.850","3","-2","76.85","b4d01bd6-1af0-47f8-af9c-b77e1c8ea454","2022-02-07 10:42:10.314"
"ALC","77.000","7","77.060","7","2","76.82","747b80dd-5ada-443c-ae96-3664afe627d4","2022-02-07 10:44:25.777"
"ALC","77.000","7","77.060","7","2","76.82","e0786b0d-8763-4223-8f65-6f3e4bda8273","2022-02-07 10:44:25.777"
"ALC","76.960","1","77.020","9","2","76.82","c61c7ab3-f365-4fcb-b2a1-0a738dad8a4a","2022-02-07 10:44:25.777"
"ALC","76.920","9","76.980","7","2","76.82","8e866708-ece4-4746-8d59-274214d3beac","2022-02-07 10:44:25.777"
"ALC","76.800","1","76.850","3","-2","76.85","65807590-3515-4001-b21a-0d9d6c234a96","2022-02-07 10:46:13.589"
"ALC","76.830","3","76.900","7","-2","76.90","ea407e28-59d3-477d-b265-f6758a469be6","2022-02-07 10:46:57.397"
"ALC","76.830","3","76.900","7","-2","76.90","f49a29d4-d67e-4851-8783-1b0f4eda270f","2022-02-07 10:46:57.397"
"ALC","76.860","2","76.900","1","-2","76.90","92f43cf1-3cf8-4c69-8330-491a67612350","2022-02-07 10:47:05.698"
"ALC","76.990","2","77.040","7","2","76.77","673d1329-ac25-449f-aa11-ab476c06e213","2022-02-07 10:49:15.197"
"ALC","76.990","2","77.040","7","2","76.77","ce45544c-adb8-47ba-a5df-561dd32185c6","2022-02-07 10:49:15.197"
"ALC","76.990","2","77.040","7","2","76.77","049d8c24-f6ef-42e3-94f7-91c54c3adb22","2022-02-07 10:49:15.197"
"ALC","77.000","7","77.060","7","2","76.77","32c86207-85d6-4a97-8486-f6b4c160c520","2022-02-07 10:49:15.197"
"ALC","77.000","7","77.060","7","2","76.77","30fbe27a-5bb8-411d-9592-e6c2642304a2","2022-02-07 10:49:15.197"
"ALC","77.000","1","77.080","9","2","76.75","a270fe31-9445-4571-8d9e-185372c96b68","2022-02-07 10:50:36.874"
"ALC","77.010","3","77.080","9","2","76.75","c45625df-8116-418a-bbe2-b5efca8a5dc9","2022-02-07 10:50:36.874"
"ALC","76.940","7","77.020","7","2","76.75","bdaaa09c-f365-4ca5-8d6b-cc146aadcbed","2022-02-07 10:50:36.874"
"ALC","76.960","7","77.020","7","2","76.75","84155e79-11a6-495b-8ce5-ee0411689d18","2022-02-07 10:50:36.874"
"ALC","76.960","7","77.020","7","2","76.75","d295fa90-3540-4f42-9fda-323ed6565fd8","2022-02-07 10:50:36.874"
"ALC","76.740","10","76.830","1","-2","76.85","d6207f75-4318-42fa-a43a-3fd0f925c3c0","2022-02-07 10:51:52.587"
"ALC","76.740","10","76.830","1","-2","76.85","8a421867-538c-4174-8009-24e14011fd4b","2022-02-07 10:51:52.587"
"ALC","76.800","7","76.860","2","-2","76.87","bcf8eb02-7c7c-4018-a556-ae7d2e72dc35","2022-02-07 10:52:00.578"
"ALC","76.800","7","76.860","2","-2","76.87","3fca8753-f490-4bd2-ada0-921147a68d3e","2022-02-07 10:52:00.578"
"ALC","76.800","7","76.860","2","-2","76.87","c97b167b-e524-4e4a-bae5-37170fd6ef62","2022-02-07 10:52:00.578"
"ALC","76.800","7","76.860","2","-2","76.87","46104698-829d-4aff-85d0-686b6685dffc","2022-02-07 10:52:00.578"
"ALC","76.850","1","76.900","7","-2","76.92","8c8adeae-f08a-4943-adc0-216a5bf710ee","2022-02-07 10:52:13.561"
"ALC","76.850","1","76.900","7","-2","76.92","510bd225-ded8-4f62-93c7-16f290a3cba8","2022-02-07 10:52:13.561"
"ALC","76.820","3","76.880","7","-2","76.88","45f6ed8c-e38a-4da0-8a4f-214f95f0015a","2022-02-07 10:54:28.377"
"ALC","76.820","9","76.900","7","-2","76.90","b827ae4e-b7e7-4214-8315-7ac9e29337ac","2022-02-07 10:55:33.748"
"ALC","76.980","1","77.050","7","2","76.89","fd10cd7d-3db9-4c25-bf76-7dcc67a3e050","2022-02-07 11:24:59.162"
"ALC","76.980","1","77.050","7","2","76.89","ed8a8488-5ac4-4462-a896-749f3351ffbf","2022-02-07 11:24:59.162"
"ALC","76.980","1","77.050","7","2","76.89","efe9ce9a-ef38-4789-a028-79372be66f57","2022-02-07 11:24:59.162"
"ALC","76.970","2","77.050","1","2","76.89","421143c8-710d-4028-99b5-0f75d352bb6c","2022-02-07 11:24:59.162"
"ALC","76.970","5","77.030","2","-2","77.03","08242625-7747-4bd8-a3c5-d934220838fe","2022-02-07 11:27:49.981"
"ALC","76.980","6","77.050","1","-2","77.05","4a393bf4-ef50-4100-aec5-df6160a683c7","2022-02-07 11:27:59.166"
"ALC","76.980","6","77.050","1","-2","77.05","bf8b5c9e-7607-465f-8b3d-d03c189cd63c","2022-02-07 11:27:59.166"
"ALC","76.920","1","76.970","1","-2","76.97","4cb791f9-a17f-46a2-8a13-d18fd3080411","2022-02-07 11:31:00.330"
"ALC","76.990","2","77.040","7","2","76.81","d59314f6-0917-419b-a774-422c4acc0e3b","2022-02-07 11:40:40.960"
"ALC","77.000","1","77.050","1","2","76.81","9dd33a44-3bc2-4f09-a39c-26426c9a7dcf","2022-02-07 11:40:40.960"
"ALC","76.980","2","77.030","1","2","76.81","cfaaeb62-0c18-44d2-a0a0-9a30e8f58132","2022-02-07 11:40:40.960"
"ALC","76.980","2","77.030","1","2","76.81","30482872-5505-4a73-b760-b4a9766b69b3","2022-02-07 11:40:40.960"
"ALC","76.980","2","77.030","1","2","76.81","174e463e-a944-4713-a1bc-bf5b400c93d4","2022-02-07 11:40:40.960"
"ALC","76.980","7","77.060","7","2","76.81","fc352574-b619-4bab-af8a-c2894dede504","2022-02-07 11:40:40.960"
"ALC","76.980","7","77.060","7","2","76.81","38a1bfb8-5a4d-4721-9edd-538d7b0ef2ef","2022-02-07 11:40:40.960"
"ALC","76.980","7","77.060","7","2","76.81","91d2e0c6-a777-42aa-88e0-6389a29b16f6","2022-02-07 11:40:40.960"
"ALC","76.590","2","76.670","1","-2","76.67","874e3a9c-87fb-4d35-9181-89186da62c52","2022-02-07 11:47:45.294"
"ALC","76.590","2","76.670","1","-2","76.67","bf21015d-38a6-42b0-8443-071ff9095286","2022-02-07 11:47:45.294"
"ALC","76.590","2","76.670","1","-2","76.67","ceb1b9cb-b2f4-4e32-be59-406d61e1d648","2022-02-07 11:47:45.294"
"ALC","76.590","2","76.670","1","-2","76.67","55c39977-fc13-473d-bcae-87f222466d87","2022-02-07 11:47:45.294"
"ALC","76.590","2","76.670","1","-2","76.67","b64c6584-ccf5-42f7-94d8-e0d9b7829b45","2022-02-07 11:47:45.294"
"ALC","76.590","2","76.670","1","-2","76.67","f430ff99-9cb7-43b0-8008-b8d66863e8c9","2022-02-07 11:47:45.294"
"ALC","76.590","2","76.670","1","-2","76.67","3359b6fe-3305-4176-81bd-db4ba06c606c","2022-02-07 11:47:45.294"
"ALC","76.590","2","76.690","1","-2","76.69","d252c991-e02e-4aea-ad4e-89b775d77252","2022-02-07 11:48:01.459"
"ALC","76.630","3","76.730","1","2","76.73","5aee2e8e-37e7-4506-97ce-ae1cdfbde12b","2022-02-07 11:51:10.006"
"ALC","76.700","1","76.810","1","-2","76.81","392b37c3-7781-48d6-9b1f-27c186b2bab8","2022-02-07 11:54:41.846"
"ALC","76.750","1","76.830","3","2","76.83","8b406d05-fdb8-4fa2-ac0b-b945bc305c76","2022-02-07 11:57:50.006"
"ALC","76.640","2","76.800","3","-2","76.80","2746cb52-0a89-4852-8279-1652b8c35068","2022-02-07 12:03:14.996"
"ALC","76.660","3","76.800","1","2","76.59","0bdc896a-17fd-4f6a-8dc4-4679ee74e066","2022-02-07 12:09:46.796"
"ALC","76.660","3","76.800","1","2","76.59","811d34d2-cc66-4143-9bb0-abe7ba320009","2022-02-07 12:09:46.796"
"ALC","76.670","2","76.790","1","2","76.59","2868aef0-a294-4ff0-9655-cbb28639d3a0","2022-02-07 12:09:46.796"
"ALC","76.800","2","76.860","7","2","76.54","23ccf01c-e0f9-4a71-a1ad-96b089f5722d","2022-02-07 12:16:12.429"
"ALC","76.860","1","76.880","1","2","76.54","58a87b48-e57e-42ec-adbb-babbbc1ce1d0","2022-02-07 12:16:12.429"
"ALC","76.860","1","76.880","1","2","76.54","c8628b1a-7904-45a9-abfc-03eb64a66a36","2022-02-07 12:16:12.429"
"ALC","76.870","1","76.900","7","2","76.54","525a186b-ab64-4361-ba16-d0ecf12f315e","2022-02-07 12:16:12.429"
"ALC","76.880","1","76.900","7","2","76.54","97941e1c-6fe7-46a7-b2b2-6cc35a71ba54","2022-02-07 12:16:12.429"
"ALC","76.890","3","76.920","7","2","76.54","65777671-8473-423d-93ba-fa217fb33630","2022-02-07 12:16:12.429"
"ALC","76.890","3","76.920","7","2","76.54","b98aa83f-ebd5-4807-b714-6d129e184264","2022-02-07 12:16:12.429"
"ALC","76.890","3","76.900","5","2","76.54","5b6a91bc-9014-4ca5-84d1-8699d6cbb354","2022-02-07 12:16:12.429"
"ALC","76.890","3","76.900","5","2","76.54","a0d7cd07-0b02-4e35-8b34-62dbdf4555be","2022-02-07 12:16:12.429"
"ALC","76.930","2","76.960","6","2","76.54","22d42c08-00d0-4dcc-ab0e-f5ad207cddf7","2022-02-07 12:16:12.429"
"ALC","76.930","4","77.000","3","2","76.54","47c9c765-2efa-4adc-babe-9c16dc362f6f","2022-02-07 12:16:12.429"
"ALC","76.540","1","76.610","4","-2","76.61","44ce39f7-ba64-4ed3-aab3-fb89ef4e0818","2022-02-07 12:17:07.691"
"ALC","76.540","1","76.610","4","-2","76.61","a8dac287-f6ee-49cd-8abc-69e1af9fab6e","2022-02-07 12:17:07.691"
"ALC","76.540","1","76.610","4","-2","76.61","e7e73d83-8432-4086-810d-e8694715f634","2022-02-07 12:17:07.691"
"ALC","76.540","1","76.610","4","-2","76.61","83c77038-2ab3-4d87-b557-dc7c18507770","2022-02-07 12:17:07.691"
"ALC","76.540","1","76.610","4","-2","76.61","b2ba6f26-68f4-4268-8f66-08fcac9249eb","2022-02-07 12:17:07.691"
"ALC","76.540","1","76.610","4","-2","76.61","00dd8ee7-4a8c-4649-b12f-b9e7d194714e","2022-02-07 12:17:07.691"
"ALC","76.540","1","76.610","4","-2","76.61","4b8dbfed-b74b-43e1-90b3-0d6f9ffee227","2022-02-07 12:17:07.691"
"ALC","76.540","1","76.610","4","-2","76.61","c30f2152-4a3f-4b9e-b33e-80e915968f03","2022-02-07 12:17:07.691"
"ALC","76.540","1","76.610","4","-2","76.61","3e8b614b-3518-4dd4-b24f-46c7e1e05b71","2022-02-07 12:17:07.691"
"ALC","76.540","1","76.610","4","-2","76.61","df1a7996-ae53-4068-9a42-6081ce8ba7a2","2022-02-07 12:17:07.691"
"ALC","76.540","1","76.610","4","-2","76.61","5d0b4765-657b-4d01-8d09-fc4a7fff94c0","2022-02-07 12:17:07.691"
"ALC","76.560","1","76.600","1","-2","76.60","964509cf-f612-4cf9-965b-31a32c66be89","2022-02-07 12:20:00.189"
"ALC","76.560","1","76.600","1","-2","76.65","cc89b8ae-024a-4501-8f46-9ffff74c78f9","2022-02-07 12:20:36.422"
"ALC","76.650","2","76.690","1","-2","76.69","342ef683-8008-4e39-b34c-4c0922bd9c85","2022-02-07 12:22:02.806"
"ALC","76.670","2","76.710","1","2","76.66","0b9d02b0-669c-435d-8b52-8dc7b3cce990","2022-02-07 12:25:08.931"
"ALC","76.660","2","76.730","1","2","76.66","83a4f42f-6154-4d6c-9ec3-62ff6f0a0fab","2022-02-07 12:25:08.931"
"ALC","76.490","2","76.570","3","-2","76.57","f0fa657d-510b-4126-9f11-1714e64507e3","2022-02-07 12:31:02.446"
"ALC","76.530","3","76.580","1","-2","76.58","ea8a0e44-9828-46c0-b18b-8be153a7daf2","2022-02-07 12:32:01.962"
"ALC","76.590","1","76.670","1","2","76.58","cb9e8ca7-2dd8-44b0-bdfa-ac57cfc4e7ab","2022-02-07 12:38:20.365"
"ALC","76.590","1","76.670","1","2","76.58","0f7ead0b-b4c8-4639-b575-b86f79d324d2","2022-02-07 12:38:20.365"
"ALC","76.590","1","76.680","2","2","76.56","5a13feb4-0b69-4b55-ac93-7fc4ed410724","2022-02-07 12:38:32.002"
"ALC","76.590","2","76.680","2","2","76.56","7c18706b-493f-4502-9efb-61032225a8c2","2022-02-07 12:38:32.002"
"ALC","76.590","2","76.680","2","2","76.56","60ec0f26-67e2-404c-98e7-504e9b6b9c01","2022-02-07 12:38:32.002"
"ALC","76.590","2","76.680","2","2","76.56","c63414df-3e0d-4504-b72a-f0708021f48f","2022-02-07 12:38:32.002"
"ALC","76.590","2","76.680","2","2","76.56","5813de74-344b-435a-9483-e8ec1716f2c9","2022-02-07 12:38:32.002"
"ALC","76.590","2","76.680","2","2","76.56","1c525cb6-b303-4a65-bc04-25875987351b","2022-02-07 12:38:32.002"
"ALC","76.590","2","76.680","2","2","76.56","523827b5-8864-4d0c-9fae-1eae2c6f3154","2022-02-07 12:38:32.002"
"ALC","76.590","1","76.680","2","2","76.56","9df4aa2f-a2b5-4b52-98a6-76e74b0fa266","2022-02-07 12:38:32.002"
"ALC","76.590","1","76.680","2","2","76.56","668800d2-2dbc-499c-a809-b5c904e9940a","2022-02-07 12:38:32.002"
"ALC","76.590","1","76.680","2","2","76.56","c80312e5-7c12-412c-a539-056496ef1d5b","2022-02-07 12:38:32.002"
"ALC","76.590","1","76.680","2","2","76.56","ec689413-e913-4cf1-9c0f-d55b43594751","2022-02-07 12:38:32.002"
"ALC","76.590","1","76.670","1","2","76.56","df5a9921-cc12-4c1e-9e67-98db5b520511","2022-02-07 12:38:32.002"
"ALC","76.590","1","76.670","1","2","76.56","1365ff2b-7d9e-429e-9b14-4a3319cefa4f","2022-02-07 12:38:32.002"
"ALC","76.490","1","76.560","4","-2","76.56","b80786c5-b025-4361-be55-74053476361b","2022-02-07 12:40:03.530"
"ALC","76.490","1","76.560","4","-2","76.56","89a46346-f67e-40c0-9b6b-a76f9a66de80","2022-02-07 12:40:03.530"
"ALC","76.490","1","76.560","4","-2","76.56","2b92834d-7923-480a-b640-7575e76f8e8c","2022-02-07 12:40:03.530"
"ALC","76.490","1","76.560","4","-2","76.56","291a0ac0-cb3f-4273-9925-51a4f1afe128","2022-02-07 12:40:03.530"
"ALC","76.490","1","76.560","4","-2","76.56","20187974-b646-42e7-b053-32500c51dc93","2022-02-07 12:40:03.530"
"ALC","76.490","1","76.560","4","-2","76.56","47e7a9e7-52eb-4b00-93bc-749919792d03","2022-02-07 12:40:03.530"
"ALC","76.490","1","76.560","4","-2","76.56","0361e652-1930-4afa-abf7-f58776466b5b","2022-02-07 12:40:03.530"
"ALC","76.490","1","76.560","4","-2","76.56","be8d5b33-e530-4251-97f0-0a988fbb11c2","2022-02-07 12:40:03.530"
"ALC","76.490","1","76.560","4","-2","76.56","9e6f258f-d380-41de-ab64-adeb6f3a9ea2","2022-02-07 12:40:03.530"
"ALC","76.490","1","76.560","4","-2","76.56","a962da1d-13de-4d3c-94c4-a55c8e0ba2a7","2022-02-07 12:40:03.530"
"ALC","76.570","3","76.620","1","-2","76.62","0dbdfd38-29dd-4a5e-9b31-d36dec5dfcb0","2022-02-07 12:46:40.362"
"ALC","76.570","3","76.620","1","-2","76.62","41bddf9d-a203-4d9e-b45c-566563a48dcf","2022-02-07 12:46:40.362"
"ALC","76.570","3","76.620","1","-2","76.62","3e56bc9f-8b02-45a2-a418-ec20c66768cc","2022-02-07 12:46:40.362"
"ALC","76.570","3","76.620","1","-2","76.62","20865574-8a4c-4f21-b25a-fdea4b05ca57","2022-02-07 12:46:40.362"
"ALC","76.570","3","76.620","1","-2","76.62","2577158d-68c7-4dd5-aad1-7d36562be249","2022-02-07 12:46:40.362"
"ALC","77.150","2","77.210","12","2","77.09","6ccde4c1-2e88-4592-9ea9-2c4f8dcfba4b","2022-02-07 13:45:45.880"
"ALC","77.150","2","77.210","12","2","77.09","da2d75cd-f23d-4e2b-b38f-686a6e70e1d4","2022-02-07 13:45:45.880"
"ALC","77.000","1","77.060","3","-2","77.06","80c50837-5341-42e0-8ec4-fe8950cfc152","2022-02-07 13:54:06.511"
"ALC","77.000","2","77.060","3","-2","77.06","03d25842-c8a0-46aa-8a3f-cff1e7c9abde","2022-02-07 13:54:06.511"
"ALC","77.050","5","77.150","3","2","77.06","a3ff862c-ab5c-403a-8729-d41d8437da1d","2022-02-07 13:56:32.010"
"ALC","77.050","5","77.150","3","2","77.06","7e78b4bb-5de3-447e-974a-b0835f07ecc1","2022-02-07 13:56:32.010"
"ALC","77.170","12","77.240","3","-2","77.24","18f8cd30-4249-4da3-b6f4-0ddffa4ba7d3","2022-02-07 13:59:55.020"
"ALC","77.150","2","77.220","1","-2","77.22","a90bcc87-1b91-4a52-9fc5-ff5ea4a7e0a8","2022-02-07 14:02:21.518"
"ALC","77.380","2","77.470","1","2","77.30","66187ad3-a262-4f68-abae-4564916eeae1","2022-02-07 14:50:07.361"
"ALC","77.380","1","77.470","1","2","77.30","7657252c-4b33-49c5-98d2-71788a92e4d3","2022-02-07 14:50:07.361"
"ALC","77.380","1","77.470","1","2","77.30","e60d9620-b26d-40f8-b2f1-9addc6121cee","2022-02-07 14:50:07.361"
"ALC","77.380","1","77.470","1","2","77.30","fa6d2589-3bff-48e8-82aa-aea3726c6453","2022-02-07 14:50:07.361"
"ALC","77.310","3","77.380","3","2","77.30","ef342223-b1eb-42ab-a0c8-5a2f41dfca6e","2022-02-07 14:50:07.361"
"ALC","77.390","1","77.490","2","2","77.26","00f9709d-f18e-4ad6-b563-a5c621792021","2022-02-07 14:50:21.161"
"ALC","77.400","1","77.480","1","2","77.26","cfb8fbc3-9120-433a-9698-857b37d12ebd","2022-02-07 14:50:21.161"
"ALC","77.390","1","77.480","2","2","77.26","d469bc6f-aeeb-4926-8bd2-935318f6a33e","2022-02-07 14:50:21.161"
"ALC","77.390","1","77.480","2","2","77.26","d52b7653-db7f-48ff-baca-49a1899ca952","2022-02-07 14:50:21.161"
"ALC","77.380","2","77.470","1","2","77.26","62f5caf5-14e1-448e-9b86-dc32144d6bbf","2022-02-07 14:50:21.161"
"ALC","77.380","1","77.470","3","2","77.26","010eecd4-655c-48ca-a93a-872056151a20","2022-02-07 14:50:21.161"
"ALC","77.380","1","77.470","3","2","77.26","7282b494-03a4-425a-b056-2b6ff420c738","2022-02-07 14:50:21.161"
"ALC","77.380","1","77.470","1","2","77.26","d57da688-bf4e-430d-b9c4-4fe654b66c2b","2022-02-07 14:50:21.161"
"ALC","77.360","3","77.450","1","2","77.25","642d1453-4559-497e-9987-034720fd2f0a","2022-02-07 14:50:25.562"
"ALC","77.390","1","77.480","2","2","77.25","71227f52-49fa-412e-8ee7-3a2994bad449","2022-02-07 14:50:25.562"
"ALC","77.390","1","77.480","2","2","77.25","13295256-928d-43a4-bb49-c9749c08ae53","2022-02-07 14:50:25.562"
"ALC","77.230","2","77.310","2","-2","77.35","c6f76cb2-f114-43f2-8bb2-e39c3c5da0f2","2022-02-07 14:54:03.963"
"ALC","77.230","2","77.310","2","-2","77.35","b35d6664-a1a8-4e33-89fc-7f09df7b9c48","2022-02-07 14:54:03.963"
"ALC","77.230","2","77.310","2","-2","77.35","92ca3e06-3fc6-4566-a739-e224fc13fb34","2022-02-07 14:54:03.963"
"ALC","77.230","2","77.310","2","-2","77.35","b34cc6e4-7e5a-4b1e-97f4-45ebef3baac0","2022-02-07 14:54:03.963"
"ALC","77.230","2","77.310","2","-2","77.35","67410c2b-b86e-4e25-9c81-d40eeac8ec83","2022-02-07 14:54:03.963"
"ALC","77.230","2","77.310","2","-2","77.35","12d762eb-8143-4962-a9e7-3e4f5426cf94","2022-02-07 14:54:03.963"
"ALC","77.230","2","77.310","2","-2","77.35","7289f289-0692-4ab1-a19f-6f72bddd62ea","2022-02-07 14:54:03.963"
"ALC","77.230","2","77.310","2","-2","77.35","d91a6075-3980-45b5-834d-551034d8d5ce","2022-02-07 14:54:03.963"
"ALC","77.230","2","77.310","2","-2","77.35","de31b51d-da77-490a-818c-42cc8392c1be","2022-02-07 14:54:03.963"
"ALC","77.230","2","77.310","2","-2","77.35","14947303-3f2f-46a3-84d3-3b0dfc2b380f","2022-02-07 14:54:03.963"
"ALC","77.230","2","77.310","2","-2","77.35","b4eff2de-2b31-44f3-974e-cc315cb451ea","2022-02-07 14:54:03.963"
"ALC","77.230","2","77.310","2","-2","77.35","813c867d-264e-4a4b-96c7-6b228f29b00b","2022-02-07 14:54:03.963"
"ALC","77.270","2","77.340","1","-2","77.34","0640bdf9-4375-4015-825a-52bf334ee7f0","2022-02-07 14:55:40.632"
"ALC","77.270","2","77.340","1","-2","77.34","78df39f7-8170-4f80-ac53-d38ce691e9df","2022-02-07 14:55:40.632"
"ALC","77.280","2","77.330","2","-2","77.33","9a552908-c455-4e6f-a4a3-cc0b4e7395e0","2022-02-07 14:57:44.362"
"ALC","77.280","2","77.330","2","-2","77.33","ec6fc9e6-bb8d-4983-927e-cc4a2df83044","2022-02-07 14:59:57.033"
"ALC","77.330","2","77.400","3","2","77.27","b6e3fd2c-fe2c-4ad8-b8f0-48676222391d","2022-02-07 15:20:26.289"
"ALC","77.330","2","77.400","3","2","77.27","49da8a45-da34-4c7b-9610-40e2862e3d79","2022-02-07 15:20:26.289"
"ALC","77.310","3","77.370","1","2","77.27","b8475488-c064-4827-ab32-7afb331aeae1","2022-02-07 15:20:26.289"
"ALC","77.310","2","77.390","2","2","77.27","8a56b975-2086-4d41-9ab0-dbf30ee7b768","2022-02-07 15:20:26.289"
"ALC","77.320","3","77.380","3","2","77.27","ef20fa35-8c25-4427-9112-6ebb8e0a4940","2022-02-07 15:20:26.289"
"ALC","77.320","5","77.380","1","2","77.27","5ead8ab8-87fc-4fc7-83a2-900318f256c9","2022-02-07 15:20:26.289"
"ALC","77.320","5","77.380","1","2","77.27","bbf3fae2-bf47-4626-b425-ce309e2041bf","2022-02-07 15:20:26.289"
"ALC","77.330","2","77.380","1","2","77.27","11bba5ec-4aa4-4ecb-b32d-d42b123714d5","2022-02-07 15:20:26.289"
"ALC","77.330","2","77.380","1","2","77.27","bc62583b-50fd-4119-ac74-4cb9d2fb87cf","2022-02-07 15:20:26.289"
"ALC","77.330","2","77.380","1","2","77.27","b0f338da-2ff2-42ab-b035-97335c97ba3c","2022-02-07 15:20:26.289"
"ALC","77.290","2","77.330","1","-2","77.33","b131574c-649d-4987-9556-4cbcd716da1c","2022-02-07 15:21:47.174"
"ALC","77.290","2","77.330","1","-2","77.33","12475a7d-909b-4a73-96b6-9f1bdec80ea2","2022-02-07 15:21:47.174"
"ALC","77.290","2","77.330","1","-2","77.33","a58a7370-a4df-4f2e-9fc0-5ffe102d43ad","2022-02-07 15:21:47.174"
"ALC","77.290","2","77.330","1","-2","77.33","46fe6b4d-c917-40b5-85d6-616160617b30","2022-02-07 15:21:47.174"
"ALC","77.300","1","77.330","1","-2","77.33","fa33ba78-25c6-4659-b3ff-1d72eaf1f4e2","2022-02-07 15:21:50.808"
"ALC","77.300","1","77.330","1","-2","77.33","2af7014b-91a2-4151-b936-73fd8470ca92","2022-02-07 15:21:50.808"
"ALC","77.300","1","77.330","1","-2","77.33","73d19052-7563-4789-acdc-2e3088735fc5","2022-02-07 15:21:50.808"
"ALC","77.150","1","77.160","5","-2","77.16","1397328c-bcb9-4bab-8c7e-17930504a71d","2022-02-07 15:27:50.008"
"ALC","77.150","1","77.180","4","-2","77.18","7b3213c5-0909-4d22-8fcd-942af1d1b163","2022-02-07 15:28:22.764"
"ALC","77.150","1","77.180","4","-2","77.18","2efd9f9a-3032-4507-87c9-80f28bc886b2","2022-02-07 15:28:22.764"
"AEE","86.630","2","86.690","1","2","86.37","6dbc6166-18e1-4d52-9db6-8c16341bb21f","2022-02-07 09:58:16.061"
"AEE","86.650","1","86.720","1","2","86.37","afefe40e-d97b-42d4-844d-7eaff5efd9e2","2022-02-07 09:58:16.061"
"AEE","86.650","1","86.720","1","2","86.37","cea1c519-54b4-4091-ae18-77c698a2235f","2022-02-07 09:58:16.061"
"AEE","86.660","1","86.720","2","2","86.37","98e534e5-51c7-44bf-ba8a-1b67ba97e057","2022-02-07 09:58:16.061"
"AEE","86.630","3","86.700","2","2","86.37","25b4dc40-fc85-495a-8c0a-7f347f626abf","2022-02-07 09:58:16.061"
"AEE","86.670","1","86.740","2","2","86.37","2f052349-9bb7-4d67-a912-d00b85cf121a","2022-02-07 09:58:16.061"
"AEE","86.490","1","86.550","1","-2","86.55","398ef832-4e84-4bf9-805b-6f4b3424de7a","2022-02-07 10:00:05.250"
"AEE","86.490","1","86.550","1","-2","86.55","ab095cf1-4d02-4792-9da0-012f04defab1","2022-02-07 10:00:05.250"
"AEE","86.500","1","86.600","1","-2","86.60","eb950db9-1a53-43bb-bc96-1b962362a9e3","2022-02-07 10:00:14.512"
"AEE","86.500","1","86.600","1","-2","86.60","534a89ed-9307-49ec-a5c8-94af32d7c682","2022-02-07 10:00:14.512"
"AEE","86.550","1","86.640","1","-2","86.64","647b8b02-3538-41cd-9fe1-08d1afb85ba2","2022-02-07 10:00:24.725"
"AEE","86.550","1","86.650","1","-2","86.65","28f256ab-52b1-4acb-b1a3-25cd746a060b","2022-02-07 10:00:39.577"
"AEE","86.980","3","87.020","2","2","86.88","e8d41fba-7f9a-433b-b8b9-3d2dad2d21c5","2022-02-07 10:43:12.029"
"AEE","86.990","2","87.020","2","2","86.88","3953bff9-16b6-4679-9467-cf5f0b95019c","2022-02-07 10:43:12.029"
"AEE","86.980","1","87.020","2","2","86.88","d3cf5c97-9ed6-44d4-929d-e53d7848e5a7","2022-02-07 10:43:12.029"
"AEE","86.980","5","87.020","1","2","86.88","53fb8b35-2bce-421e-980d-813b86ea6d5d","2022-02-07 10:43:12.029"
"AEE","86.990","2","87.030","4","2","86.88","171592f7-3c97-4653-ae20-d277f94b7e3e","2022-02-07 10:43:12.029"
"AEE","86.970","2","87.010","2","2","86.88","63755438-80b3-4a80-9fb8-7d8a16fb5a7d","2022-02-07 10:43:12.029"
"AEE","86.980","3","87.010","1","2","86.88","9f43c6d9-b0ae-4031-8d3a-e404d2810f8b","2022-02-07 10:43:12.029"
"AEE","86.990","3","87.030","2","2","86.88","164118a1-0d5a-4909-a44a-b1118f03d2f7","2022-02-07 10:43:12.029"
"AEE","86.980","4","87.030","4","2","86.88","9284c06d-924c-459a-b19f-7103c71f5927","2022-02-07 10:43:12.029"
"AEE","86.960","4","87.020","4","2","86.83","4f15896e-3cf7-4def-8b1d-c681ffd426c6","2022-02-07 10:44:03.743"
"AEE","86.830","1","86.860","1","-2","86.86","b2173a05-b712-4734-9dfe-72822c212be5","2022-02-07 10:44:55.055"
"AEE","86.830","2","86.870","3","-2","86.87","3828ba4b-bad2-4918-bc98-d4e4048ab1bc","2022-02-07 10:44:59.239"
"AEE","86.830","2","86.870","3","-2","86.87","025af419-b3eb-4630-98dc-1de3ef9e7089","2022-02-07 10:44:59.239"
"AEE","86.830","2","86.870","3","-2","86.87","233a13fe-fafa-4763-a451-319594a46a76","2022-02-07 10:44:59.239"
"AEE","86.830","2","86.870","3","-2","86.87","b7631bbc-35fc-4a4e-8073-f72d57de8338","2022-02-07 10:44:59.239"
"AEE","86.830","2","86.870","3","-2","86.87","f6482532-7699-46a7-97d2-3691c38f2891","2022-02-07 10:44:59.239"
"AEE","86.810","7","86.870","3","-2","86.87","db454de9-9d24-4127-b745-73baea8a0fc4","2022-02-07 10:44:59.239"
"AEE","86.810","7","86.870","3","-2","86.87","4bcec876-1488-4b7a-ad54-3eb782f4f6cb","2022-02-07 10:44:59.239"
"AEE","86.810","7","86.870","3","-2","86.87","97695f67-804a-40c3-a1b1-46315b58d3c9","2022-02-07 10:44:59.239"
"AEE","86.840","2","86.870","2","-2","86.87","bf491589-c910-4599-9786-05786502c915","2022-02-07 10:45:05.597"
"AEE","86.990","2","87.030","2","2","86.78","5c08b0d1-c645-4614-a567-7aa9770ae7b8","2022-02-07 10:51:03.902"
"AEE","86.990","2","87.030","2","2","86.78","bfa12485-61b5-4fd1-8720-cae75c5339bd","2022-02-07 10:51:03.902"
"AEE","86.990","3","87.030","1","2","86.78","873709a7-8d91-4ede-9d0a-f5fce77785de","2022-02-07 10:51:03.902"
"AEE","86.990","2","87.030","1","2","86.78","0c3355c4-d753-45d2-867b-5c1ae6b31115","2022-02-07 10:51:03.902"
"AEE","86.990","2","87.030","1","2","86.78","9a33abbb-658e-4d25-8d83-fa350ca4ff96","2022-02-07 10:51:03.902"
"AEE","86.800","1","86.840","4","-2","86.84","6f26594a-c8e7-4101-8274-292b68e90d25","2022-02-07 10:51:27.302"
"AEE","86.800","1","86.840","4","-2","86.84","47fe98e0-0ea9-421b-974f-1f66ecd751b0","2022-02-07 10:51:27.302"
"AEE","86.800","1","86.840","4","-2","86.84","fe40c64f-8806-4a3d-bc3f-d8f343621243","2022-02-07 10:51:27.302"
"AEE","86.750","3","86.810","4","-2","86.81","2354f166-f447-4548-beeb-88af3c9cc405","2022-02-07 10:51:58.309"
"AEE","86.990","3","87.030","1","2","86.76","f2358697-700a-4558-b457-6f93527ca02a","2022-02-07 10:51:59.610"
"AEE","86.620","1","86.670","2","-2","86.67","8fef46b9-dc1c-4a3d-9dd7-fcb293f5375c","2022-02-07 10:54:30.485"
"AEE","86.620","1","86.680","1","-2","86.68","9895f8c0-281f-47ad-8611-313f347ec1ad","2022-02-07 10:54:53.003"
"AEE","86.660","2","86.740","4","2","86.53","0c40f75e-049d-4b49-a684-d4655b4ffa97","2022-02-07 11:02:38.556"
"AEE","86.660","2","86.740","4","2","86.53","6e789f53-0f09-4d4c-9e93-d3040be5e075","2022-02-07 11:02:38.556"
"AEE","86.710","2","86.770","1","2","86.53","6862e89d-de94-4b23-82e8-888815e35505","2022-02-07 11:02:38.556"
"AEE","86.730","1","86.810","1","2","86.53","0df3988a-baea-4cba-93ba-47e4060b37c1","2022-02-07 11:02:38.556"
"AEE","86.760","1","86.830","1","2","86.51","059abd52-97ac-4e34-b3db-ff2d2d4abec4","2022-02-07 11:03:06.311"
"AEE","86.740","2","86.840","1","2","86.51","04b28771-af27-4fa9-9a67-7528bfc18fca","2022-02-07 11:03:06.311"
"AEE","86.810","1","86.860","1","2","86.51","c2d1988c-3e66-4acf-b0c1-29529e2b43fa","2022-02-07 11:03:06.311"
"AEE","86.760","3","86.840","2","2","86.51","102c1d4a-1dcf-41c6-9c64-ca51c96e4528","2022-02-07 11:03:06.311"
"AEE","86.750","13","86.820","1","2","86.51","83147a00-6afb-44ec-a887-65a278a537bd","2022-02-07 11:03:06.311"
"AEE","86.790","3","86.900","2","2","86.51","df4aa90a-4a63-4b89-9977-4d78a31f3b01","2022-02-07 11:03:06.311"
"AEE","86.570","1","86.600","1","-2","86.60","5c61293a-adcf-4a75-9969-490a65262a0b","2022-02-07 11:04:46.686"
"AEE","86.570","1","86.600","1","-2","86.60","d93f464c-d7c4-4954-9071-b91e34dd603a","2022-02-07 11:04:46.686"
"AEE","86.570","1","86.600","1","-2","86.60","4cfa06db-230a-47e1-b2d2-32be42c9fa9b","2022-02-07 11:04:46.686"
"AEE","86.460","2","86.500","3","-2","86.50","0a26e123-9962-44a1-81d6-6b197d5e44dc","2022-02-07 11:07:29.074"
"AEE","86.480","1","86.520","1","-2","86.52","bc7ac3b6-a79f-40d9-b80b-b3225b819f2e","2022-02-07 11:10:48.321"
"AEE","86.480","1","86.520","1","-2","86.52","7a3d1d0c-c3e7-4462-9e22-5095e70f10f6","2022-02-07 11:10:48.321"
"AEE","86.460","2","86.510","3","-2","86.52","ee5ca3ad-17ca-4320-add6-df69a66ee632","2022-02-07 11:10:48.321"
"AEE","86.490","2","86.530","1","-2","86.53","4318f262-5fd7-40fa-bb87-6340b75d9c6b","2022-02-07 11:10:48.357"
"AEE","86.490","2","86.530","1","-2","86.53","688f1dd1-bcd6-4640-9ac4-3d037cf0be57","2022-02-07 11:10:48.357"
"AEE","86.490","2","86.530","1","-2","86.53","2539242e-9cba-452b-bffa-9ccb45ce7a7d","2022-02-07 11:10:48.357"
"AEE","86.590","3","86.650","2","2","86.60","7c5a8672-5eec-4ade-9619-4c873a2fabd2","2022-02-07 11:16:10.907"
"AEE","86.690","2","86.720","1","-2","86.72","406901e1-f747-4b29-8151-8eb4409d3580","2022-02-07 11:21:10.329"
"AEE","87.120","3","87.150","1","2","87.14","c53f5b07-1372-4665-8130-1351d2e104b2","2022-02-07 12:12:10.958"
"AEE","87.110","2","87.150","1","-2","87.15","48a5848b-d7dd-425f-a544-ff09d6691c8d","2022-02-07 12:13:37.915"
"AEE","87.100","2","87.130","1","2","87.11","de17373c-db34-47ba-a361-29261428199b","2022-02-07 12:14:31.642"
"AEE","87.150","3","87.180","1","2","87.11","ec0da493-200f-44f6-88da-0bc517f75a70","2022-02-07 12:14:31.642"
"AEE","87.100","4","87.140","1","-2","87.16","314aa482-fe6f-4833-8d7b-1d586e4dd4e1","2022-02-07 12:15:57.918"
"AEE","87.100","4","87.140","1","-2","87.16","95819d62-72fc-489c-9596-3626b6580a1e","2022-02-07 12:15:57.918"
"AEE","87.170","3","87.180","4","2","87.06","8e35509d-607a-4855-8253-8e5e77c8a457","2022-02-07 12:56:42.781"
"AEE","87.180","3","87.190","1","2","87.06","eb2aea32-1164-46c8-8c51-f07bbc9eec0d","2022-02-07 12:56:42.781"
"AEE","87.200","2","87.210","1","2","87.06","dca5e06b-4412-4340-8ab6-5b6d1b7effcd","2022-02-07 12:56:42.781"
"AEE","87.200","2","87.210","1","2","87.06","20817195-e1ae-4378-b35c-d3b4a7894436","2022-02-07 12:56:42.781"
"AEE","87.190","2","87.210","3","2","87.06","30d7ae53-40ca-4c8b-8670-a63752a22c12","2022-02-07 12:56:42.781"
"AEE","87.200","2","87.210","1","2","87.06","6977c61d-23c9-473e-a177-4df4cf7ce7f3","2022-02-07 12:56:42.781"
"AEE","87.200","2","87.220","1","2","87.06","087fdf26-7758-4fd5-9b44-dd47f353b0b1","2022-02-07 12:56:42.781"
"AEE","87.090","2","87.120","2","-2","87.12","789e4cad-8ef3-4b58-9e7f-fe81edcf1726","2022-02-07 13:00:14.158"
"AEE","87.090","2","87.120","2","-2","87.12","63a2f7c7-a43e-43c9-8596-234a17b6166c","2022-02-07 13:00:14.158"
"AEE","87.090","2","87.120","2","-2","87.12","419183c2-4b2f-474f-9734-c3cfe10f76be","2022-02-07 13:00:14.158"
"AEE","87.070","2","87.100","1","-2","87.10","cef9560f-6fc0-47d5-84ab-e0f658004628","2022-02-07 13:01:32.495"
"AEE","87.070","2","87.100","1","-2","87.10","719f51cd-519e-4870-8c20-79069edd22d6","2022-02-07 13:01:32.495"
"AEE","87.060","4","87.100","1","-2","87.10","5f3d6c27-e201-495c-b9a6-87bd76e98d7f","2022-02-07 13:01:32.495"
"AEE","87.100","2","87.130","4","-2","87.13","e7ce6652-d5db-4c1b-9944-874bfc4d47e9","2022-02-07 13:02:16.800"
"AEE","87.250","2","87.280","2","2","87.14","dde8531b-311d-4772-a86f-ca651d633374","2022-02-07 13:16:19.341"
"AEE","87.250","1","87.280","4","2","87.14","67e79172-09fa-46c0-9a2b-4b64008381a3","2022-02-07 13:16:19.341"
"AEE","87.220","3","87.260","3","2","87.14","1d90ee4e-fd96-425c-8033-dfba05bf936a","2022-02-07 13:16:19.341"
"AEE","87.220","3","87.260","3","2","87.14","5e87e0c0-467f-4fe6-8bb7-9f5f0d6a0e99","2022-02-07 13:16:19.341"
"AEE","87.220","3","87.260","3","2","87.14","0f57d31b-b56c-4a6c-8974-d8371a13cd29","2022-02-07 13:16:19.341"
"AEE","87.220","3","87.260","3","2","87.14","2d2eb77e-d73e-4f95-a052-bad36bdcb33f","2022-02-07 13:16:19.341"
"AEE","87.220","1","87.240","5","2","87.14","5919eadc-3e11-442a-b27e-b18dcaf5beae","2022-02-07 13:16:19.341"
"AEE","87.190","2","87.220","1","2","87.07","2055484b-5bda-4822-ab60-324888177980","2022-02-07 13:18:01.159"
"AEE","87.190","2","87.220","1","2","87.07","6eaef16e-0a61-46c0-9e4b-b87f12f97fbe","2022-02-07 13:18:01.159"
"AEE","87.190","2","87.220","1","2","87.07","1d16a0b4-fa7e-4db9-bb98-7c6432543635","2022-02-07 13:18:01.159"
"AEE","87.210","1","87.230","1","2","87.07","5120e6bc-9c97-428e-b0fa-3c99d8c02d9c","2022-02-07 13:18:01.159"
"AEE","87.050","1","87.090","6","-2","87.10","b423c18d-10b3-4190-a3dc-6fef25eb157c","2022-02-07 13:21:09.673"
"AEE","87.050","1","87.090","6","-2","87.10","52b1208e-3bd1-47bf-a5ba-3bbd619ed908","2022-02-07 13:21:09.673"
"AEE","87.050","1","87.090","6","-2","87.10","a0a26b51-33be-4fe5-a343-5e1cb66ba423","2022-02-07 13:21:09.673"
"AEE","87.050","1","87.090","6","-2","87.10","6bab1c99-f17f-453f-8a0f-b24ac91e9603","2022-02-07 13:21:09.673"
"AEE","87.050","1","87.090","6","-2","87.10","8b051de3-d1a9-4739-a2fa-7dd3dab1be63","2022-02-07 13:21:09.673"
"AEE","87.050","1","87.090","6","-2","87.10","079437ad-8916-444e-a58f-5b08c830b0fa","2022-02-07 13:21:09.673"
"AEE","87.060","4","87.090","1","-2","87.10","cd88d6b2-71e3-4e44-b09b-fb6cda960eae","2022-02-07 13:21:09.673"
"AEE","87.060","4","87.090","1","-2","87.10","fcaaa7fc-56e9-48a0-8d14-eec29779506b","2022-02-07 13:21:09.673"
"AEE","87.060","4","87.090","1","-2","87.10","36d4f830-f9b0-4809-a9ba-32a4c1f3b69a","2022-02-07 13:21:09.673"
"AEE","87.060","2","87.090","2","-2","87.10","57f37d39-132b-4ffc-9f47-82f63b633ba2","2022-02-07 13:21:09.673"
"AEE","87.060","2","87.090","1","-2","87.10","4ee2b129-2193-4e08-bd05-982b3924996b","2022-02-07 13:21:09.673"
"AEE","87.090","4","87.130","2","2","87.09","615706a6-9470-4209-830d-8dcae2623b3c","2022-02-07 13:21:25.394"
"AEE","87.150","5","87.200","3","-2","87.20","dcc7a983-bc30-4dcf-8276-fd460132cf50","2022-02-07 13:24:17.976"
"AEE","87.250","4","87.280","3","2","87.24","28fbf976-3581-4e24-b03d-b3df2f2cbff1","2022-02-07 13:50:30.540"
"AEE","87.260","4","87.290","2","2","87.24","b1b13925-0010-4699-ad8d-480d3ef310ca","2022-02-07 13:50:30.540"
"AEE","87.250","1","87.270","1","-2","87.28","e51b2eb6-9bf6-4b11-b4b0-6b99e04b1139","2022-02-07 13:52:08.104"
"AEE","87.240","1","87.270","5","-2","87.28","cd23c620-099c-4964-a719-19e0d5ad5953","2022-02-07 13:52:08.104"
"AEE","87.260","2","87.310","5","2","87.26","fe18eb77-c622-41db-99a9-dd21027ff8a9","2022-02-07 13:56:00.430"
"AEE","87.270","4","87.300","3","2","87.26","3186a92d-7816-4c96-8d2f-1b1ee2207722","2022-02-07 13:56:00.430"
"AEE","87.290","2","87.320","1","-2","87.32","fc8f69d2-5fb9-4888-98de-3b5cf6b29a5a","2022-02-07 13:56:35.696"
"AEE","87.320","2","87.340","5","-2","87.34","20c27807-3503-4a7f-90d6-0518cb2b99b4","2022-02-07 13:58:16.371"
"AEE","87.480","3","87.510","1","2","87.46","01032210-7447-4757-b94c-045c84591fbc","2022-02-07 14:33:03.469"
"AEE","87.440","1","87.460","2","-2","87.46","6316d21f-f3b0-42d8-afe2-776dd10303f0","2022-02-07 14:33:26.768"
"AEE","87.560","2","87.580","3","2","87.50","77854616-e58f-4cec-a8c7-684335e09545","2022-02-07 15:00:57.183"
"AEE","87.560","2","87.580","2","2","87.50","71943b28-e025-412e-a28e-416c474cc41a","2022-02-07 15:00:57.183"
"AEE","87.560","2","87.580","2","2","87.50","22943ea5-de18-4d5e-b41f-30500dad4293","2022-02-07 15:00:57.183"
"AEE","87.540","10","87.550","1","2","87.50","a0977bdd-e634-4724-b872-eb498c6efda3","2022-02-07 15:00:57.183"
"AEE","87.540","2","87.550","1","2","87.50","42b168e1-b87d-4cd1-a0d4-ba211062c78f","2022-02-07 15:00:57.183"
"AEE","87.550","1","87.550","2","2","87.50","bc9c5193-cc64-4fac-8d72-dc1d16244cbe","2022-02-07 15:00:57.183"
"AEE","87.550","1","87.550","2","2","87.50","0191ef04-ad95-4861-991c-c56679a81094","2022-02-07 15:00:57.183"
"AEE","87.550","1","87.550","2","2","87.50","4abb145e-7a90-4600-a367-7ff82fd589d6","2022-02-07 15:00:57.183"
"AEE","87.540","3","87.570","3","2","87.50","1431ede0-83bb-4468-97a8-80a4f9b9bca2","2022-02-07 15:00:57.183"
"AEE","87.540","3","87.570","2","2","87.50","ed0b28a3-15ae-43b1-9236-c9d1120c5c59","2022-02-07 15:00:57.183"
"AEE","87.530","3","87.550","1","2","87.47","c2220dba-9f67-4143-bb3e-2488811620a6","2022-02-07 15:01:04.116"
"AEE","87.510","3","87.540","2","2","87.47","73bc81cc-6544-4974-a3b1-bc77a7349f38","2022-02-07 15:01:13.714"
"AEE","87.510","3","87.540","2","2","87.47","578b15a3-a958-4aa4-bcec-76317cd2b1bf","2022-02-07 15:01:13.714"
"AEE","87.510","3","87.540","2","2","87.47","2efa8979-8d66-446d-ad22-59cccc851c55","2022-02-07 15:01:13.714"
"AEE","87.510","3","87.530","4","2","87.45","2ab5b070-384c-47a2-bb1c-30585a59c4eb","2022-02-07 15:01:16.429"
"AEE","87.500","1","87.510","1","2","87.42","2a5e080a-7160-4f7d-ac48-a81171d38c85","2022-02-07 15:01:16.435"
"AEE","87.510","1","87.520","2","2","87.42","5b1d72c4-1b95-4530-8398-19a5954ddafd","2022-02-07 15:01:16.435"
"AEE","87.410","1","87.430","2","-2","87.43","a6fb2fef-6673-4386-b48d-96762817b944","2022-02-07 15:01:42.045"
"AEE","87.410","1","87.430","2","-2","87.43","8031dd08-98e9-42b1-8c39-2ffcfc13ba9e","2022-02-07 15:01:42.045"
"AEE","87.410","1","87.430","2","-2","87.43","bfaf94dd-dd5a-4ef3-b6d4-19b9d9cc038b","2022-02-07 15:01:42.045"
"AEE","87.430","3","87.460","1","-2","87.46","ad908010-611b-4226-a684-a5c4d0f269fa","2022-02-07 15:02:03.056"
"AEE","87.430","3","87.460","1","-2","87.46","cdd802ec-1d49-4920-b466-ee477c256a76","2022-02-07 15:02:03.056"
"AEE","87.430","3","87.460","1","-2","87.46","6f76bd9a-9895-47a7-8def-bc22b414a23f","2022-02-07 15:02:03.056"
"AEE","87.430","3","87.460","1","-2","87.46","eb1c5945-2b31-48d6-b63d-98302a9d1361","2022-02-07 15:02:03.056"
"AEE","87.430","3","87.460","1","-2","87.46","b83804d9-0f22-4bb0-9c01-dab0c7d1416d","2022-02-07 15:02:03.056"
"AEE","87.430","3","87.460","1","-2","87.46","7a3e454b-ac8e-44a2-bf41-f99802513fcb","2022-02-07 15:02:03.056"
"AEE","87.430","3","87.460","1","-2","87.46","5c3d6407-f3b2-4018-b28c-fe411e1f3452","2022-02-07 15:02:03.056"
"AEE","87.430","3","87.460","1","-2","87.46","dcff8a56-d4ec-48d8-8a42-0a1b43754e0e","2022-02-07 15:02:03.056"
"AEE","87.430","3","87.460","1","-2","87.46","8a4855b9-74ca-43c6-a511-393625554967","2022-02-07 15:02:03.056"
"AEE","87.430","3","87.460","1","-2","87.46","1c034b9e-6229-413d-ba00-bd78ccbb8a3b","2022-02-07 15:02:03.056"
"AEE","87.430","3","87.460","1","-2","87.46","309f59b2-393d-41f1-bad7-9d2119709ef0","2022-02-07 15:02:03.056"
"AEE","87.450","2","87.470","1","-2","87.48","57d0982a-9d16-4df2-8c71-9a21b7259501","2022-02-07 15:02:12.445"
"AEE","87.450","2","87.470","1","-2","87.48","df46b080-e761-4f7c-abda-2ba0a2a5bf0f","2022-02-07 15:02:12.445"
"AEE","87.440","1","87.470","2","-2","87.48","85f105dd-2a3b-49a3-99c1-b24971ecccad","2022-02-07 15:02:23.568"
"AEE","87.600","1","87.610","6","2","87.45","a1aeb7d0-e1ff-4b79-94ce-a9349481a7df","2022-02-07 15:27:52.242"
"AEE","87.610","1","87.620","2","2","87.45","1b3c79e5-2306-44f0-88cc-7e8ecbcf3dc3","2022-02-07 15:27:52.242"
"AEE","87.590","1","87.600","5","2","87.45","46f22765-b87c-4cbe-b04c-af9e6084837e","2022-02-07 15:27:52.242"
"AEE","87.580","4","87.590","2","2","87.45","7d5fa968-1524-40bf-8e54-d5c0afbbaa3b","2022-02-07 15:27:52.242"
"AEE","87.580","4","87.590","2","2","87.45","e1381eb3-541c-41bd-a99b-5390bf550dd2","2022-02-07 15:27:52.242"
"AEE","87.610","1","87.620","1","2","87.45","516ad4d1-e5be-483e-9419-2a14c7b59fee","2022-02-07 15:27:52.242"
"AEE","87.590","1","87.610","3","2","87.45","44b4b61f-6118-44a3-b8e2-497fb431d1e3","2022-02-07 15:27:52.242"
"AEE","87.530","1","87.550","1","2","87.45","58ba2d8b-08c4-44c5-a0b7-299e12455776","2022-02-07 15:27:52.242"
"AEE","87.530","2","87.550","1","2","87.45","010dbb77-ec83-45cd-a052-7b878c11a14f","2022-02-07 15:27:52.242"
"AEE","87.520","1","87.550","2","2","87.45","a7b8436d-fecc-4b23-83bb-619721c92e3c","2022-02-07 15:27:52.242"
"AEE","87.460","4","87.490","1","2","87.45","881184f6-b78d-407e-a650-62e8a024635b","2022-02-07 15:27:52.242"
"AEE","87.380","3","87.400","2","-2","87.40","81228cc7-71c8-4090-89a7-ef8efd9f99f3","2022-02-07 15:29:34.698"
"AEE","87.380","3","87.400","2","-2","87.40","517b177b-1833-49ca-b622-fd8cf79060d9","2022-02-07 15:29:34.698"
"AEE","87.380","3","87.400","2","-2","87.40","a3d7f315-5971-4be4-88a0-9572e59bfeda","2022-02-07 15:29:34.698"
"AEE","87.380","3","87.400","2","-2","87.40","b28898fe-9c2c-4fb9-b9dd-3d0dbbe7e0cd","2022-02-07 15:29:34.698"
"AEE","87.380","3","87.400","2","-2","87.40","b9f57d22-7cce-404d-9258-98e0de7cf1e5","2022-02-07 15:29:34.698"
"AEE","87.380","3","87.400","2","-2","87.40","81d86219-a852-4fb7-8f1c-706acf257a12","2022-02-07 15:29:34.698"
"AEE","87.400","2","87.420","2","-2","87.42","c23dac51-9518-4690-9725-2048e2bd528c","2022-02-07 15:30:51.097"
"AEE","87.400","2","87.420","2","-2","87.42","a55bd797-58df-415b-a465-a007a06ed63a","2022-02-07 15:30:51.097"
"AEE","87.400","2","87.420","2","-2","87.42","4e65f6dc-9ea2-4bc6-92bb-629dd6c649c2","2022-02-07 15:30:51.097"
"AEE","87.400","2","87.420","1","-2","87.42","420c9f6e-3386-4cf9-bbe8-85c403750c65","2022-02-07 15:30:51.097"
"AEE","87.180","2","87.200","5","-2","87.18","7825abfc-3873-4d39-ad85-69f076b34f55","2022-02-07 15:48:00.006"
"ACI","28.310","2","28.360","3","4","28.27","1f2dd5fb-2993-4930-a37c-ecc611601979","2022-02-07 10:52:38.113"
"ACI","28.310","2","28.360","3","4","28.27","1e250921-4c15-445b-82a3-28c93ae0e17f","2022-02-07 10:52:38.113"
"ACI","28.310","4","28.360","2","4","28.27","64babaf5-cb2f-49df-878a-990976ee13a6","2022-02-07 10:52:38.113"
"ACI","28.320","2","28.350","1","4","28.27","e9d6bb32-7ce1-48ec-aecc-a63642d8eb61","2022-02-07 10:52:38.113"
"ACI","28.320","2","28.350","1","4","28.27","a3a2e282-ece3-4df9-a720-47a51bc8a6b8","2022-02-07 10:52:38.113"
"ACI","28.360","2","28.400","2","4","28.26","3faa4cca-36b4-48e6-90d5-4cb03bcb0f3d","2022-02-07 10:53:00.987"
"ACI","28.360","2","28.400","2","4","28.26","f178418a-fd1c-44ae-b46b-0c4d35c5b040","2022-02-07 10:53:00.987"
"ACI","28.360","2","28.400","2","4","28.26","f40941d9-cceb-4bce-a799-ed53e40f55ed","2022-02-07 10:53:00.987"
"ACI","28.360","5","28.400","2","4","28.26","4f2616db-7ec6-4562-97bd-a8aaa4705e26","2022-02-07 10:53:00.987"
"ACI","28.360","5","28.400","4","4","28.26","2abc72ac-cfca-4249-a4d6-82243a3db34f","2022-02-07 10:53:00.987"
"ACI","28.360","5","28.400","4","4","28.26","29c1c9b3-e307-40e6-82d9-a9e5d583d7e3","2022-02-07 10:53:00.987"
"ACI","28.360","4","28.400","6","4","28.26","8f0c8693-8ed1-40c2-9c34-95d0e3d22db6","2022-02-07 10:53:00.987"
"ACI","28.250","1","28.280","3","-4","28.28","361e0b5f-ebda-47f2-81fd-9dcc471e62f2","2022-02-07 10:55:02.254"
"ACI","28.250","1","28.280","3","-4","28.28","d6684a8b-f0ec-4ed6-8ae3-27d56d29e9fa","2022-02-07 10:55:02.254"
"ACI","28.250","1","28.280","3","-4","28.28","d38fd534-0591-4259-a68f-360a4a16a136","2022-02-07 10:55:02.254"
"ACI","28.250","1","28.280","3","-4","28.28","5a708d53-8a9e-4f28-a126-422a479ae226","2022-02-07 10:55:02.254"
"ACI","28.250","1","28.280","3","-4","28.28","f81303fb-ca6f-447f-a887-c14f09b82669","2022-02-07 10:55:02.254"
"ACI","28.250","1","28.280","3","-4","28.28","04eac0b4-5519-4925-9aeb-3f4624383b76","2022-02-07 10:55:02.254"
"ACI","28.250","1","28.280","3","-4","28.28","159e35e9-6aca-44ec-aed4-5c273dac9156","2022-02-07 10:55:02.254"
"ACI","28.250","1","28.280","3","-4","28.28","5df622f8-391f-4fcc-b7ef-9c196936648e","2022-02-07 10:55:02.254"
"ACI","28.250","1","28.280","3","-4","28.28","60434b25-d805-43ff-883a-2d59e892502d","2022-02-07 10:55:02.254"
"ACI","28.250","1","28.280","3","-4","28.28","b4987515-a681-4159-98b3-26b3d23b27fb","2022-02-07 10:55:02.254"
"ACI","28.250","1","28.280","3","-4","28.28","85c721ca-e362-4730-9f66-f494b9cd0611","2022-02-07 10:55:02.254"
"ACI","28.250","1","28.280","3","-4","28.28","1e4cae86-4249-4c57-b1c9-21f85e5ab35d","2022-02-07 10:55:02.254"
"ACI","28.280","1","28.300","1","4","28.27","c6f59827-9229-4a87-aa21-d5a439b01925","2022-02-07 11:00:00.168"
"ACI","28.250","2","28.290","5","-4","28.29","3ecd8642-4452-40f1-91bf-9007db785549","2022-02-07 11:07:14.849"
"ACI","28.260","3","28.310","1","4","28.27","063e45c1-c21d-4aa1-92d8-90dfc222c52f","2022-02-07 11:17:37.378"
"ACI","28.260","3","28.310","1","4","28.27","9b3bf5f6-fe25-4a07-bc8a-39a39cb17f55","2022-02-07 11:17:37.378"
"ACI","28.270","1","28.310","2","4","28.27","b36016b8-417a-4be3-8110-fefe82c2d088","2022-02-07 11:17:37.378"
"ACI","28.260","2","28.300","1","-4","28.30","650888f0-d041-44aa-bf4d-5e4786edcb15","2022-02-07 11:19:06.516"
"ACI","28.260","9","28.300","1","-4","28.30","89f6bcd3-e940-41d7-a6f1-ef2c22329ae5","2022-02-07 11:19:06.516"
"ACI","28.270","1","28.310","2","-4","28.31","6ceee6b1-3672-47c9-ab66-c534b1b0e680","2022-02-07 11:19:28.832"
"ACI","28.350","1","28.370","1","4","28.32","c0c00bdf-f9ab-4db1-9a6e-eae19dfcf592","2022-02-07 11:45:57.201"
"ACI","28.340","4","28.370","1","4","28.32","eabef235-910a-4fe3-8814-056136ab6046","2022-02-07 11:45:57.201"
"ACI","28.320","2","28.350","3","-4","28.35","b4269fb4-bb8f-421e-87a4-2bbb249f8a62","2022-02-07 11:48:19.604"
"ACI","28.320","2","28.350","2","-4","28.35","09ea4aed-0300-4502-ba04-288a145494c6","2022-02-07 11:48:19.604"
"ACI","28.390","8","28.420","1","4","28.39","e1d7c668-c930-48a3-84ba-b6c031f19758","2022-02-07 12:18:25.414"
"ACI","28.400","2","28.420","3","-4","28.42","5c1c0813-c5fd-4ee3-a65a-803797689d29","2022-02-07 12:20:36.238"
"ACI","28.540","2","28.560","2","4","28.51","a0605a74-5166-4ad7-b19e-8c094dc996ca","2022-02-07 13:01:31.159"
"ACI","28.510","3","28.540","1","4","28.48","948bd158-7b50-4dfc-b8b3-e5550ed7e23b","2022-02-07 13:04:16.945"
"ACI","28.540","1","28.560","3","4","28.48","91892694-7a34-4182-8f82-5b529717bcdf","2022-02-07 13:04:16.945"
"ACI","28.540","1","28.560","2","4","28.48","77451e19-464c-490d-b80a-7af0ffbf145c","2022-02-07 13:04:16.945"
"ACI","28.540","1","28.560","2","4","28.48","997195cc-76df-44a0-8f9c-7f4e08a11b68","2022-02-07 13:04:16.945"
"ACI","28.540","1","28.560","2","4","28.48","42ae26da-6a12-4884-ad3f-aebd4b633fc1","2022-02-07 13:04:16.945"
"ACI","28.540","2","28.560","2","4","28.48","01d58c2c-8735-46c5-bcba-ee4ed281c060","2022-02-07 13:04:16.945"
"ACI","28.480","2","28.500","1","-4","28.50","98f0abdb-01cc-44c4-b6b7-38aeaf3c0327","2022-02-07 13:08:56.079"
"ACI","28.480","2","28.500","1","-4","28.50","ec962daa-becc-426e-bea1-8dfba56f5327","2022-02-07 13:08:56.079"
"ACI","28.480","2","28.500","1","-4","28.50","5200295c-8619-401d-8ea3-e98c753bd807","2022-02-07 13:08:56.079"
"ACI","28.480","2","28.500","1","-4","28.50","1e9c6fbd-99bb-45c8-b126-3a701c921753","2022-02-07 13:08:56.079"
"ACI","28.480","4","28.520","4","-4","28.53","2c9e135b-4fc5-4337-9d87-38a10b686fa5","2022-02-07 13:10:12.512"
"ACI","28.480","4","28.520","4","-4","28.53","b84e7d71-a66f-4701-b2ee-c5cd57a5586b","2022-02-07 13:10:12.512"
"ACI","28.480","4","28.520","4","-4","28.53","6c4b9f7b-b059-49c2-aee0-ccfbdb59d46e","2022-02-07 13:10:12.512"
"ACI","28.470","3","28.500","4","4","28.46","433447ba-e8f8-4330-8a3e-14d1bbc04eb7","2022-02-07 13:24:41.532"
"ACI","28.400","6","28.430","2","-4","28.43","a2f55567-cf43-4ac3-ac1d-1980d5187c77","2022-02-07 13:36:30.685"
"ACI","28.350","9","28.370","1","4","28.37","f9167b6a-0e63-4126-acd8-56f0b4a1004f","2022-02-07 13:59:40.006"
"ACI","28.350","3","28.370","1","-4","28.37","f07dddb8-ab84-450e-9fe4-c2c9ef0e0735","2022-02-07 14:03:31.731"
"ACI","28.380","1","28.410","2","4","28.30","8bd166d5-ef5c-4936-8f63-41dd10b8d53e","2022-02-07 14:11:34.648"
"ACI","28.380","1","28.410","2","4","28.30","17d79bdc-e2cb-4170-96db-150304887da4","2022-02-07 14:11:34.648"
"ACI","28.380","1","28.410","2","4","28.30","7afee43b-f783-4d51-941a-7b9926d0c1b3","2022-02-07 14:11:34.648"
"ACI","28.380","1","28.410","2","4","28.30","77d513c7-e136-4363-879d-95a8bb1a3e81","2022-02-07 14:11:34.648"
"ACI","28.380","2","28.410","2","4","28.30","40b01dcb-d0b8-4650-af7c-b0f6bf7223ad","2022-02-07 14:11:34.648"
"ACI","28.380","2","28.410","2","4","28.30","621a6aa7-eced-4f4d-a758-9a90a1db5043","2022-02-07 14:11:34.648"
"ACI","28.380","2","28.410","2","4","28.30","076dcc7c-f59a-4e30-9cdf-bd9f04f7cb41","2022-02-07 14:11:34.648"
"ACI","28.370","1","28.390","4","4","28.30","a76d4eac-f7f0-41c5-beea-76a9aa06cb8c","2022-02-07 14:11:34.648"
"ACI","28.280","3","28.310","2","-4","28.31","cae42d19-e357-4ddd-8be8-33d81ffb7e18","2022-02-07 14:12:05.758"
"ACI","28.280","3","28.310","2","-4","28.31","d49b9ae7-3271-4f0d-b993-dc1b046081f1","2022-02-07 14:12:05.758"
"ACI","28.280","3","28.310","2","-4","28.31","cc5c01e6-e0ce-4e09-9b82-eea674ec8181","2022-02-07 14:12:05.758"
"ACI","28.280","3","28.310","2","-4","28.31","a8783869-05c9-4668-8908-3761c22f2797","2022-02-07 14:12:05.758"
