"Symbol","Bid","Bid Sz","Ask","Ask Sz","Shares","Price","Order ID","Timestamp"
"AA","28.230","4","28.270","3","424","28.27","50d05edf-847b-420c-b1e8-3ef9b0f7b35e","2021-03-25 09:59:00.006"
"AA","28.380","4","28.440","1","-424","28.46","605bc918-fd9e-411d-9985-73c6ea5758f8","2021-03-25 10:03:52.553"
"AA","28.440","1","28.470","2","425","28.20","7df26db1-0584-42a5-9cef-3463f73eafb4","2021-03-25 10:16:50.627"
"AA","28.510","1","28.520","5","425","28.20","70ea6074-d5fb-4b95-8b27-f10be86889ad","2021-03-25 10:16:50.627"
"AA","28.440","1","28.470","6","425","28.20","6d259dff-965a-4fe3-87cd-8994a99d9d26","2021-03-25 10:16:50.627"
"AA","28.450","3","28.490","2","425","28.20","1b8299be-78fa-4aa1-9ccf-18cc264d087b","2021-03-25 10:16:50.627"
"AA","28.460","4","28.500","2","425","28.20","07f8b650-cfe0-45e4-817b-9ebd5b77f5ae","2021-03-25 10:16:50.627"
"AA","28.460","2","28.500","2","425","28.20","be0e9bf4-028a-45e2-91a3-6d2c33d4261e","2021-03-25 10:16:50.627"
"AA","28.500","2","28.540","1","425","28.20","08d76b18-53b5-4cc4-a7ee-94780f53c08a","2021-03-25 10:16:50.627"
"AA","28.480","1","28.520","3","425","28.20","99cdaa15-4fb8-4a0d-8f39-64652016d0ae","2021-03-25 10:16:50.627"
"AA","28.510","1","28.530","2","425","28.20","42e272a9-3388-4a4c-97a8-f0192aba3fe8","2021-03-25 10:16:50.627"
"AA","28.440","4","28.480","2","425","28.20","d7199704-bb92-4d32-9273-5c12e33272bb","2021-03-25 10:16:50.627"
"AA","28.440","2","28.470","2","425","28.20","7c94d24d-3eef-4e03-9172-21338cc1b614","2021-03-25 10:16:50.627"
"AA","28.210","2","28.240","3","-425","28.24","01fbf437-b8df-4cc3-903d-2c838ce83695","2021-03-25 10:17:21.059"
"AA","28.210","2","28.240","3","-425","28.24","d253e602-5c6e-4af3-8109-55686dc41c1c","2021-03-25 10:17:21.059"
"AA","28.210","2","28.240","3","-425","28.24","1d3cdbc8-a6df-436f-b2cc-9f29101e542f","2021-03-25 10:17:21.059"
"AA","28.280","1","28.300","5","-425","28.31","0a7f39a2-8f26-48d3-8851-1ef0e7a9e0cb","2021-03-25 10:17:39.875"
"AA","28.280","1","28.300","5","-425","28.31","b1559d27-fc58-4422-a182-6c26e1e97f0f","2021-03-25 10:17:39.875"
"AA","28.280","1","28.300","5","-425","28.31","a895d1a8-0194-4bcd-9708-fc5f6cbb9572","2021-03-25 10:17:39.875"
"AA","28.280","1","28.300","5","-425","28.31","a03ab5a1-5139-4c05-84b0-d4b32950d29a","2021-03-25 10:17:39.875"
"AA","28.290","1","28.330","4","-425","28.34","028949ff-1b32-49e4-8967-c8719b565496","2021-03-25 10:17:45.360"
"AA","28.290","1","28.330","4","-425","28.34","5b25d7ff-af1b-49e8-8dc4-691354f91390","2021-03-25 10:17:45.360"
"AA","28.320","3","28.350","1","-425","28.35","73787a83-5b06-4c63-8db6-1b3fefa610b4","2021-03-25 10:17:56.203"
"AA","28.190","2","28.230","2","-425","28.23","0840e9f3-7b50-46e5-8118-6404e9aa43c1","2021-03-25 10:18:28.287"
"AA","28.460","1","28.500","4","422","28.38","09531e91-d56e-42f9-865d-d749a2c4e4dd","2021-03-25 10:24:27.766"
"AA","28.460","1","28.500","5","422","28.38","bf66ab8d-f8e1-4c55-bee5-21c9bfe83e95","2021-03-25 10:24:27.766"
"AA","28.450","4","28.480","3","422","28.38","c720e5d5-51ec-4157-84c7-dfc19bd579d4","2021-03-25 10:24:27.766"
"AA","28.500","2","28.530","1","422","28.38","69c11acf-68ad-4785-be8c-2fa515fc8b06","2021-03-25 10:24:27.766"
"AA","28.350","2","28.390","3","-422","28.39","84c58e97-40f1-48fd-9ed0-48be201dc462","2021-03-25 10:25:20.955"
"AA","28.350","2","28.390","4","-422","28.39","479c96c7-9140-4f58-ae4f-4d5866bf827b","2021-03-25 10:25:20.955"
"AA","28.390","3","28.410","1","-422","28.42","076d5af5-dcd6-4fac-ad21-72ebca94f931","2021-03-25 10:25:30.019"
"AA","28.390","3","28.410","1","-422","28.42","66fc8115-7ecd-4bfe-9833-e5e2054e3b92","2021-03-25 10:25:30.019"
"AA","28.500","4","28.520","1","422","28.37","b4734ac4-e809-42d1-9f34-25beb34bb9b3","2021-03-25 10:34:21.184"
"AA","28.580","4","28.620","3","422","28.37","b8cb46ca-f97a-4133-917e-4cbb57014ce2","2021-03-25 10:34:21.184"
"AA","28.510","2","28.550","3","422","28.37","c1205408-cb35-48d8-a4db-a233316dd0b6","2021-03-25 10:34:21.184"
"AA","28.540","4","28.560","1","422","28.37","b670f20d-a32b-4a29-a912-9ecc664a72f5","2021-03-25 10:34:21.184"
"AA","28.540","1","28.560","1","422","28.37","daf25e9d-866b-4ac1-a863-174a88a65e83","2021-03-25 10:34:21.184"
"AA","28.330","3","28.350","1","-422","28.35","e392e3ce-00bc-415f-93c3-92966e55dbaf","2021-03-25 10:35:14.934"
"AA","28.330","3","28.350","1","-422","28.35","d60e2895-b536-4c23-b9f9-d5a757af776d","2021-03-25 10:35:14.934"
"AA","28.320","3","28.350","5","-422","28.35","10ba2d7a-e65f-415f-9d16-c0483bf8588c","2021-03-25 10:35:23.568"
"AA","28.540","2","28.570","2","425","28.17","403f18ec-466c-4cbd-8c80-cb70a21fc92e","2021-03-25 10:37:09.885"
"AA","28.180","2","28.190","13","-422","28.19","eb0f20f9-8c33-4075-8b7a-4be902db1772","2021-03-25 10:37:20.492"
"AA","28.180","2","28.190","13","-425","28.19","21e204c7-d317-40ba-b41e-7db463232faa","2021-03-25 10:37:20.492"
"AA","28.220","1","28.240","3","-422","28.24","3f4e1f47-c8f3-4c80-8dad-f724976d5d41","2021-03-25 10:37:34.248"
"AA","28.280","3","28.340","3","426","28.14","33e0f11a-6d5c-456c-9294-19f369d0a029","2021-03-25 10:41:02.056"
"AA","28.270","4","28.320","1","426","28.14","1a24fc3b-3623-4a06-b2bf-23d263079b22","2021-03-25 10:41:02.056"
"AA","28.090","1","28.100","2","-426","28.10","c598886c-dfa1-4bc8-b3c3-37bf22d3b59e","2021-03-25 10:41:22.312"
"AA","28.100","25","28.120","2","-426","28.12","a3f4145b-0e5b-4468-a36e-f954a6778dcf","2021-03-25 10:41:31.317"
"AA","28.420","53","28.460","3","428","28.00","fa286dd2-421b-4217-b3ad-e25756ba7615","2021-03-25 10:46:03.561"
"AA","28.470","2","28.510","9","429","27.97","421dfcf7-0d11-47a4-a3f5-9e723dc370e5","2021-03-25 10:46:03.592"
"AA","28.420","2","28.470","5","429","27.97","dab706b9-0728-47f4-a93a-38bda44531f6","2021-03-25 10:46:03.592"
"AA","28.390","4","28.430","2","429","27.97","a764a06b-95ec-44ae-9a12-60060072acaf","2021-03-25 10:46:03.592"
"AA","28.400","1","28.430","1","429","27.97","27780ca6-6727-46f1-9ad4-bd7da2742ca4","2021-03-25 10:46:03.592"
"AA","28.430","2","28.480","4","429","27.97","cb3f9fe8-c491-4ed3-bd5d-fa077910e8be","2021-03-25 10:46:03.592"
"AA","28.480","5","28.510","1","429","27.97","b5fbf64b-61b0-4dff-bcfa-9ee536d057fa","2021-03-25 10:46:03.592"
"AA","28.450","2","28.480","1","429","27.97","176989a0-b97a-4b40-af03-0bc931ca00db","2021-03-25 10:46:03.592"
"AA","28.430","1","28.470","3","429","27.97","652ecd0e-e437-47ef-9a42-fb1818b66f78","2021-03-25 10:46:03.592"
"AA","28.440","4","28.480","5","429","27.97","ad19cf94-8c3d-490a-986d-0927fc9f87c1","2021-03-25 10:46:03.592"
"AA","28.440","1","28.470","3","429","27.97","a3cd340b-ef63-4850-bab8-6709f855ff60","2021-03-25 10:46:03.592"
"AA","28.490","1","28.520","3","429","27.97","006f0dbf-5824-4974-9957-fd3862e72dbe","2021-03-25 10:46:03.592"
"AA","28.260","3","28.300","3","429","27.97","969be1f2-286a-453e-810a-25b9dc22a2d5","2021-03-25 10:46:03.592"
"AA","28.280","1","28.320","2","429","27.97","fb377cd9-e322-4d7b-a6a4-a56f086fb232","2021-03-25 10:46:03.592"
"AA","28.270","1","28.290","2","429","27.97","401d5fe9-b142-429f-b356-f7768666e1b4","2021-03-25 10:46:03.592"
"AA","27.940","1","27.960","2","-429","27.96","67dcadc2-d38b-44b3-8ece-eca4945ca8b2","2021-03-25 10:46:41.009"
"AA","27.940","1","27.960","2","-429","27.96","7195af61-f397-4922-94a0-82dc9d7b0869","2021-03-25 10:46:41.009"
"AA","27.940","1","27.960","2","-429","27.96","c4fbb24f-d2e1-4e19-a22d-c556a638c65d","2021-03-25 10:46:41.009"
"AA","27.940","1","27.960","2","-428","27.96","809e60e8-c557-4a6c-8cd4-94abf7aac051","2021-03-25 10:46:41.009"
"AA","27.940","1","27.960","2","-429","27.96","78968173-fc6f-4065-b0b1-a504fe7d3170","2021-03-25 10:46:41.009"
"AA","27.940","1","27.960","2","-429","27.96","6002363d-34f3-461d-b365-ca539d7fc162","2021-03-25 10:46:41.009"
"AA","27.970","3","28.000","4","-429","28.01","534223a5-680e-4b28-a2ea-8ee27bdb974f","2021-03-25 10:46:49.840"
"AA","27.970","3","28.000","4","-429","28.01","c4cba358-edab-4853-82e7-79f0610435fa","2021-03-25 10:46:49.840"
"AA","27.970","3","28.000","4","-429","28.01","6f635241-0115-4f94-88df-b74fc2959cb3","2021-03-25 10:46:49.840"
"AA","27.970","3","28.000","4","-429","28.01","2841fc86-f013-4add-a239-9b6fde387bda","2021-03-25 10:46:49.840"
"AA","27.960","1","27.970","2","-429","27.97","43b9a77a-34aa-411e-b0b1-cae08dd7a41f","2021-03-25 10:47:00.486"
"AA","27.980","1","28.010","5","-429","28.01","693432b4-09c6-4189-969c-cc887b0a9ed1","2021-03-25 10:47:06.950"
"AA","27.980","1","28.010","5","-429","28.01","48b1477f-d8cf-4116-a643-493fe1327cd6","2021-03-25 10:47:06.950"
"AA","27.980","1","28.010","5","-429","28.01","e022c187-43ec-46e7-8d8d-55f789c03b03","2021-03-25 10:47:06.950"
"AA","27.950","2","27.980","2","-429","27.98","f1e33bd0-c76c-46e7-8e33-e1ad300a1e07","2021-03-25 10:47:11.209"
"AA","28.330","3","28.350","1","424","28.26","e3024173-ec05-48ae-92fd-f21be4ff2372","2021-03-25 11:46:27.075"
"AA","28.390","5","28.420","2","424","28.25","ab09984b-0312-4f49-870f-c98513fa8d30","2021-03-25 11:46:33.977"
"AA","28.390","1","28.410","4","424","28.25","944ae0e0-34db-4dec-844e-2f877856acb4","2021-03-25 11:46:33.977"
"AA","28.400","12","28.430","4","424","28.25","25093f7e-3e1e-4569-945d-8c87897f7e05","2021-03-25 11:46:33.977"
"AA","28.340","1","28.360","2","424","28.25","936df1ae-394f-4b1a-b584-2a35a9a5f547","2021-03-25 11:46:33.977"
"AA","28.310","5","28.330","1","424","28.25","452b4c1d-c9d3-410c-a1b6-5232ff8eefc7","2021-03-25 11:46:33.977"
"AA","28.290","2","28.310","2","424","28.25","6393f93b-c556-433a-80d1-296597ef2758","2021-03-25 11:46:33.977"
"AA","28.300","4","28.330","2","424","28.25","a4d87ad1-b16d-4914-a040-40cc161f84e2","2021-03-25 11:46:33.977"
"AA","28.330","3","28.350","1","424","28.25","2fe3ae07-971c-49e1-af91-2bcf423a8266","2021-03-25 11:46:33.977"
"AA","28.310","1","28.340","3","-424","28.34","1dbb1330-317a-4896-bd82-756e0ae74897","2021-03-25 11:47:10.046"
"AA","28.310","1","28.340","3","-424","28.34","e6ddff1d-ef83-4141-a60c-f9a78ba9fe9f","2021-03-25 11:47:10.046"
"AA","28.310","4","28.330","1","-424","28.33","17894f92-02c9-4607-a814-f891a1c0fe53","2021-03-25 11:47:52.078"
"AA","28.310","4","28.330","1","-424","28.33","6d75c1a2-fddf-48c9-92d7-f8c5aa10fcb7","2021-03-25 11:47:52.078"
"AA","28.280","2","28.300","1","-424","28.30","da2c2df9-63b9-4b60-a28d-e615b7333fa9","2021-03-25 11:48:21.075"
"AA","28.280","2","28.300","1","-424","28.30","8175f9c6-b54a-4b89-abfe-e1a331211415","2021-03-25 11:48:21.075"
"AA","28.310","4","28.330","4","-424","28.33","86a7e0e4-3827-44b0-b672-7514c0ec5f78","2021-03-25 11:48:33.435"
"AA","28.310","4","28.330","4","-424","28.33","40ac75f6-70ae-4d4f-8fbc-a2108be351e6","2021-03-25 11:48:33.435"
"AA","28.350","3","28.380","4","-424","28.38","7bf6a01d-e6fe-413c-9483-1f586bcf1b02","2021-03-25 11:48:44.524"
"AA","29.500","5","29.520","3","409","29.34","1428c5f8-8d06-4de7-8b86-ead827303d03","2021-03-25 13:02:32.474"
"AA","29.500","4","29.500","1","409","29.34","9d6e1b6e-564f-423c-bbb9-825b8b5b3bf9","2021-03-25 13:02:32.474"
"AA","29.450","5","29.470","2","409","29.34","8936d431-6f87-4a50-9b06-ab2283bf25bf","2021-03-25 13:02:32.474"
"AA","29.480","5","29.490","4","409","29.34","33f0a421-2ff3-4911-856a-9162171a4b20","2021-03-25 13:02:32.474"
"AA","29.350","1","29.370","4","-409","29.37","8cb1018c-1367-4122-86e1-8b11c5d83f55","2021-03-25 13:03:10.663"
"AA","29.350","1","29.370","4","-409","29.37","f42b600a-5322-4aad-aa66-fc94e1fba2a4","2021-03-25 13:03:10.663"
"AA","29.350","3","29.370","3","-409","29.37","707429ef-7db8-46ed-bb20-e8536b379dd6","2021-03-25 13:03:32.857"
"AA","29.360","2","29.370","1","-409","29.37","dfa6f0b8-c8b0-47e7-90e8-246867099fde","2021-03-25 13:04:42.149"
"AA","29.540","4","29.560","1","409","29.29","6acfe4a2-e706-4152-b39c-e602d37108c6","2021-03-25 13:11:39.163"
"AA","29.570","3","29.590","2","409","29.29","a54d8c9d-b8f3-4747-8270-3ee0671249af","2021-03-25 13:11:39.163"
"AA","29.530","5","29.550","4","409","29.29","e0a6bcab-99ae-434d-9eee-25e4344adf53","2021-03-25 13:11:39.163"
"AA","29.550","1","29.570","7","409","29.29","b01a60c2-92c0-4d8a-b08d-42bfea198bfd","2021-03-25 13:11:39.163"
"AA","29.610","2","29.620","8","410","29.23","b61e2012-d570-4279-bc4a-3efc38ef040d","2021-03-25 13:11:45.076"
"AA","29.610","4","29.620","1","410","29.23","73e1821c-a675-4811-b5e4-9c3c98066ae7","2021-03-25 13:11:45.076"
"AA","29.630","4","29.650","1","410","29.23","a74fae67-5c72-44b8-bb84-031b3f5ca7ab","2021-03-25 13:11:45.076"
"AA","29.620","3","29.630","6","410","29.23","ba829c43-78f3-4f2d-8774-e1cfc3a80f87","2021-03-25 13:11:45.076"
"AA","29.620","2","29.640","3","410","29.23","a9e44af9-806f-422a-9a90-c673add28f93","2021-03-25 13:11:45.076"
"AA","29.630","1","29.630","5","410","29.23","fa7d4183-883f-46fd-8090-fdbf8c239ee0","2021-03-25 13:11:45.076"
"AA","29.570","1","29.580","2","410","29.23","5b1b0885-dd39-4b8f-a589-7e17f6a34829","2021-03-25 13:11:45.076"
"AA","29.490","3","29.500","4","410","29.23","1bcf0092-dbcb-45cf-9699-0cfc1c91001f","2021-03-25 13:11:45.076"
"AA","29.470","4","29.490","1","410","29.23","eede1bb5-1a06-4c0f-8d7e-740ac9280299","2021-03-25 13:11:45.076"
"AA","29.540","3","29.560","6","410","29.23","0b3ff3a8-2e8f-4be0-9db1-4958607ed206","2021-03-25 13:11:45.076"
"AA","29.230","3","29.250","3","-409","29.25","c3c37a15-a036-4d3e-9789-1d3d8cc46add","2021-03-25 13:12:00.008"
"AA","29.230","3","29.250","3","-409","29.25","31d80abf-d190-4ec1-aeb6-c73d41e8c0ac","2021-03-25 13:12:00.008"
"AA","29.230","3","29.250","3","-410","29.25","a067e6ba-4921-408e-8912-b6548d989d2d","2021-03-25 13:12:00.008"
"AA","29.230","3","29.250","3","-409","29.25","5af27816-688e-451c-b9f9-c655f6f22463","2021-03-25 13:12:00.008"
"AA","29.230","3","29.250","3","-410","29.25","038ce36b-2b18-493a-8ec1-e3e4c818296d","2021-03-25 13:12:00.008"
"AA","29.230","3","29.250","3","-410","29.25","ff861ad8-19f4-4c0d-a74c-0dd4746cb350","2021-03-25 13:12:00.008"
"AA","29.230","3","29.250","3","-410","29.25","145e990b-59ee-49b1-ae7e-a350c6a70fc5","2021-03-25 13:12:00.008"
"AA","29.240","8","29.260","1","-409","29.26","ad0dd152-7692-45c2-8e4e-f0c87f9081de","2021-03-25 13:12:10.228"
"AA","29.240","8","29.260","1","-410","29.26","6040efe9-7569-4943-8df8-0263bcacab0a","2021-03-25 13:12:10.228"
"AA","29.240","8","29.260","1","-410","29.26","03975112-dfb9-4cd0-a83d-069efc7feee5","2021-03-25 13:12:10.228"
"AA","29.240","8","29.260","1","-410","29.26","9a2cdb69-6999-4ae3-8b23-9743f5c4ec96","2021-03-25 13:12:10.228"
"AA","29.250","2","29.270","4","-410","29.27","cc116fe3-ae92-4c55-8d9e-785e2f2fc478","2021-03-25 13:12:32.759"
"AA","29.210","3","29.240","4","-410","29.24","6394092f-702a-498f-8406-c166adaa307f","2021-03-25 13:13:12.345"
"AA","29.220","4","29.240","3","-410","29.24","cd3d5f4a-6ef5-4ea6-833d-0cf92cab4079","2021-03-25 13:13:12.345"
"AA","29.320","3","29.330","3","408","29.33","499e53f5-c08a-45de-8fd7-28b610d9b70f","2021-03-25 13:26:20.006"
"AA","29.110","5","29.130","2","-408","29.13","7271bc38-1b9f-4a85-8ae0-0b980663bf62","2021-03-25 13:31:57.664"
"AA","29.410","6","29.430","2","411","29.14","9e93ff81-4c62-44c3-afdf-59ae4a805925","2021-03-25 13:57:47.012"
"AA","29.270","4","29.300","2","412","29.11","e8778319-b00d-4815-9c15-f8c66fbe88d5","2021-03-25 13:57:53.283"
"AA","29.270","4","29.300","2","412","29.11","c3a87678-d9ec-4074-916f-83f44f65e370","2021-03-25 13:57:53.283"
"AA","29.250","3","29.280","2","412","29.11","e29c4029-2fa5-43b1-bb3f-90a16167a39c","2021-03-25 13:57:53.283"
"AA","29.250","3","29.280","2","412","29.09","a9f063e4-1d10-4b19-bf9d-764319ecc88d","2021-03-25 13:58:18.129"
"AA","29.250","2","29.260","1","412","29.09","a13a30ec-3334-43d9-b6cb-805c9afa6074","2021-03-25 13:58:18.129"
"AA","29.070","2","29.080","2","-412","29.09","f7147ec9-b5dc-4392-b14d-7b3f401eb438","2021-03-25 13:58:20.029"
"AA","29.070","2","29.080","2","-411","29.09","b6f193a9-c471-49d6-92d2-1abed2234613","2021-03-25 13:58:20.029"
"AA","29.040","4","29.060","2","-412","29.07","fb54ce7b-c0af-444b-8c74-93cbc139f336","2021-03-25 13:58:33.110"
"AA","29.040","4","29.060","2","-412","29.07","4058e180-0da6-4346-ae12-538eb62415ed","2021-03-25 13:58:33.110"
"AA","29.080","4","29.110","9","-412","29.12","a5dce93b-90b4-491e-b6b9-b76644b865ad","2021-03-25 13:58:50.032"
"AA","29.230","3","29.260","4","413","29.03","49180ef4-1e28-4197-82b2-08d585eaad4b","2021-03-25 13:59:28.265"
"AA","29.250","4","29.280","3","413","29.03","f952fa33-2c1c-405f-bf82-63215b3eef41","2021-03-25 13:59:28.265"
"AA","29.250","1","29.270","4","413","29.03","0bb679ab-1df5-4365-8493-fdca9c9f52be","2021-03-25 13:59:28.265"
"AA","29.200","1","29.230","3","413","29.03","bab5578a-3cb0-4fbf-b133-1a0c3cae0339","2021-03-25 13:59:28.265"
"AA","29.220","3","29.250","5","413","29.03","0b63b9ad-6d70-430d-982f-1fb9c673591f","2021-03-25 13:59:28.265"
"AA","29.020","2","29.040","1","-413","29.04","9aebf8b2-e060-4c06-86d3-67cc6b413d6e","2021-03-25 13:59:51.592"
"AA","29.020","2","29.040","1","-413","29.04","f88e5bfe-59c5-42c7-aaae-b32a7c8c1047","2021-03-25 13:59:51.592"
"AA","29.020","2","29.040","1","-413","29.04","0221313f-94c2-4930-bf53-35772be0830b","2021-03-25 13:59:51.592"
"AA","29.020","1","29.040","4","-413","29.04","6f9b3687-952b-4de9-ae8f-fbb7a6509c05","2021-03-25 14:00:10.255"
"AA","29.020","6","29.050","2","-413","29.05","d268bb02-1e94-4edf-bd82-ba5270893df5","2021-03-25 14:00:24.915"
"AA","29.020","6","29.050","2","-412","29.05","edeb5345-e35d-4066-ba60-d232be7346b9","2021-03-25 14:00:24.915"
"AA","29.170","2","29.190","4","412","29.12","361a5d37-fe8b-4480-9d9f-274463625f35","2021-03-25 14:29:28.051"
"AA","29.090","2","29.110","3","-412","29.11","8edb21bd-cd18-4352-a159-7c17899de610","2021-03-25 14:30:03.298"
"AA","29.370","5","29.390","4","408","29.35","af5924f8-b2b9-4eb5-9305-007f672df645","2021-03-25 14:40:00.070"
"AA","29.400","1","29.430","4","408","29.35","4e89c909-1370-4260-bae9-b5a151f01507","2021-03-25 14:40:00.070"
"AA","29.480","2","29.500","44","408","29.35","ff8fbbaa-f367-4800-a5c4-c8f3503c9648","2021-03-25 14:40:00.070"
"AA","29.430","5","29.470","2","408","29.35","cec1b631-fd57-46cb-ac5e-3317c0b7bc14","2021-03-25 14:40:00.070"
"AA","29.440","7","29.460","1","408","29.35","73533bdf-bc0c-4e03-9b61-99c3b16efbb2","2021-03-25 14:40:00.070"
"AA","29.420","3","29.450","6","408","29.35","2a816df6-e8fa-45fc-953a-e39847f825ef","2021-03-25 14:40:00.070"
"AA","29.400","3","29.430","13","408","29.35","b6be8c90-871e-4e62-81d2-c5cc1d773297","2021-03-25 14:40:00.070"
"AA","29.410","3","29.430","10","408","29.35","b10fe295-5d00-45bb-83e1-8f8a9b7e1657","2021-03-25 14:40:00.070"
"AA","29.390","2","29.400","1","-408","29.40","1c53d1fb-b094-4871-ace7-97e108d42807","2021-03-25 14:40:48.620"
"AA","29.390","2","29.400","1","-408","29.40","e827ab34-892e-4db0-a0a1-9b52c6d7b102","2021-03-25 14:40:48.620"
"AA","29.390","2","29.400","1","-408","29.40","dd7389f7-c43b-4f0e-b095-b26e366da7a6","2021-03-25 14:40:48.620"
"AA","29.380","4","29.400","1","-408","29.40","a614a695-a663-4c3e-a520-1f29eef9f70f","2021-03-25 14:40:53.637"
"AA","29.380","4","29.400","1","-408","29.40","9bb8672e-6f6b-4731-997d-d2606e8750d2","2021-03-25 14:40:53.637"
"AA","29.380","4","29.400","1","-408","29.40","9485fc3a-231f-4857-8555-7df4b48d7653","2021-03-25 14:40:53.637"
"AA","29.400","3","29.410","2","-408","29.42","7cde3d12-bdf5-4ab8-b6f2-1c48a287f1ef","2021-03-25 14:41:00.640"
"AA","29.410","1","29.440","3","-408","29.44","94122a2c-e538-4273-9b49-444f73aa66d7","2021-03-25 14:41:12.161"
"AA","29.470","8","29.500","4","408","29.39","ca0604b3-94ed-4cc9-8895-0c5af04f95ff","2021-03-25 15:01:23.758"
"AA","29.550","3","29.560","2","408","29.37","e566b6b9-4827-45ad-93f9-030347672bb6","2021-03-25 15:01:23.764"
"AA","29.510","3","29.530","4","408","29.34","373b9922-1844-434f-88f5-9bc3f552d1a5","2021-03-25 15:01:47.169"
"AA","29.300","4","29.320","3","-408","29.32","abe0044e-9dff-444c-a1f8-96f39d2644ed","2021-03-25 15:05:12.529"
"AA","29.300","4","29.320","3","-408","29.32","0e508cb9-8397-4d9a-b691-12630ccef269","2021-03-25 15:05:12.529"
"AA","29.330","4","29.350","1","-408","29.35","1026cd78-c69e-476f-b9a3-268ac8c36569","2021-03-25 15:05:23.534"
"AA","29.400","2","29.410","1","407","29.41","53572e2b-9a79-4005-afab-9fe8dda637a8","2021-03-25 15:12:20.006"
"AA","29.430","5","29.450","5","-407","29.45","da99601c-0cb5-429e-bb3b-292816889ef6","2021-03-25 15:12:49.181"
"AG","15.600","16","15.610","1","763","15.61","24b0ee59-ad6e-4420-a8ca-0bcb1fcdf217","2021-03-25 09:59:20.006"
"AG","15.620","4","15.630","2","-763","15.63","c6c174fb-aaa8-4d66-b8b3-aceb783f81ca","2021-03-25 09:59:49.050"
"AG","15.620","6","15.640","18","763","15.64","4b713d66-e83b-4be4-a6bc-25fbcf593eb6","2021-03-25 09:59:50.006"
"AG","15.590","13","15.600","2","-763","15.60","75c42682-2a9d-406f-989e-4061c5f27c78","2021-03-25 10:05:00.642"
"AG","15.660","5","15.670","12","771","15.55","83756cae-648c-459e-8797-a1c1d89ddbf1","2021-03-25 10:16:04.139"
"AG","15.660","1","15.670","7","771","15.55","200a18cf-7776-4b0b-8508-f38b8df1ab60","2021-03-25 10:16:04.139"
"AG","15.660","10","15.670","8","771","15.55","2ec3aa35-9ac6-419a-a477-7ff01fbd36ad","2021-03-25 10:16:04.139"
"AG","15.650","11","15.660","7","771","15.55","4da9d3be-643a-4fe8-92fb-7198e4655222","2021-03-25 10:16:04.139"
"AG","15.640","15","15.650","2","771","15.55","643812e5-677a-4ff1-9d88-6c3564719109","2021-03-25 10:16:04.139"
"AG","15.650","4","15.660","7","771","15.55","428c51a9-a2df-4f1b-a865-72279eaef490","2021-03-25 10:16:04.139"
"AG","15.620","13","15.640","12","771","15.55","85ab2fa8-905d-4b35-9935-520d6491623d","2021-03-25 10:16:04.139"
"AG","15.620","11","15.630","10","773","15.51","2749ad10-a713-4424-b102-c9cba6d624fc","2021-03-25 10:16:39.042"
"AG","15.620","10","15.630","1","773","15.51","d521061d-090e-45d7-b725-f1fc6f272055","2021-03-25 10:16:39.042"
"AG","15.630","2","15.640","12","773","15.51","09816e12-318e-49e0-a41f-946228051796","2021-03-25 10:16:39.042"
"AG","15.630","10","15.640","8","773","15.51","d2eb49d6-3a6a-4346-96f6-655950aca628","2021-03-25 10:16:39.042"
"AG","15.660","4","15.670","6","773","15.51","ffce8495-af1e-434b-9dac-81df772e3316","2021-03-25 10:16:39.042"
"AG","15.490","2","15.500","12","-771","15.50","5ec44814-3de2-4441-96f3-cb36ef767c55","2021-03-25 10:17:05.279"
"AG","15.490","2","15.500","12","-773","15.50","c0861b6b-65ba-4f94-ae97-e672239d7267","2021-03-25 10:17:05.279"
"AG","15.490","2","15.500","11","-771","15.50","1d2c8d17-d112-4918-a753-13d5e719a012","2021-03-25 10:17:19.485"
"AG","15.490","2","15.500","11","-771","15.50","37ccd87b-fcec-4f97-8290-c96d41939183","2021-03-25 10:17:19.485"
"AG","15.490","2","15.500","11","-773","15.50","250c3c32-4f0e-4566-b3c2-83706aac859c","2021-03-25 10:17:19.485"
"AG","15.490","2","15.500","11","-771","15.50","1d1759e0-17df-4f61-a954-1bd78b26ab2f","2021-03-25 10:17:19.485"
"AG","15.490","2","15.500","11","-771","15.50","fce9f383-aacf-4747-9e37-b647627614b4","2021-03-25 10:17:19.485"
"AG","15.500","8","15.500","1","-773","15.50","2e55c19d-7de5-4f02-bab2-fd27360cef76","2021-03-25 10:17:20.006"
"AG","15.500","8","15.500","1","-773","15.50","f54e941a-80a8-48f3-b5f8-b2e716f331ca","2021-03-25 10:17:20.006"
"AG","15.500","8","15.500","1","-773","15.50","50af004a-c111-4961-b1cb-4e2b26928371","2021-03-25 10:17:20.006"
"AG","15.520","15","15.530","7","-771","15.53","3fce384f-fc25-4d5d-a667-7bda23122069","2021-03-25 10:17:30.492"
"AG","15.520","11","15.530","2","-771","15.53","0cae01f0-37aa-4f10-b6df-c42cf24b591f","2021-03-25 10:17:42.351"
"AG","15.520","13","15.530","12","774","15.50","d18a141b-4907-4338-942c-c855d57c046b","2021-03-25 10:40:31.485"
"AG","15.510","2","15.520","22","774","15.50","360bff3e-99b3-42ef-bb3d-99b45acd48d7","2021-03-25 10:40:31.485"
"AG","15.500","9","15.510","2","774","15.50","978ebfe8-8a66-4f3d-a805-c777a2e22faa","2021-03-25 10:40:31.485"
"AG","15.480","13","15.490","4","-774","15.49","5eb842b8-0b6e-42b6-898a-a095e0d84e5f","2021-03-25 10:41:30.903"
"AG","15.480","13","15.490","4","-774","15.49","1d4854a3-d658-407d-8208-fa1b03e94544","2021-03-25 10:41:30.903"
"AG","15.510","2","15.520","25","-774","15.52","59a0d4a9-39a1-4c7a-b461-9f69d3f1f0d2","2021-03-25 10:42:10.840"
"AG","15.450","4","15.460","18","775","15.46","c443416e-4477-4eea-82dc-7d0bcbf886b3","2021-03-25 10:59:10.006"
"AG","15.340","15","15.350","11","-775","15.35","11678391-105e-4d40-be5d-8f66a9086d32","2021-03-25 11:07:13.500"
"AG","15.390","11","15.400","11","779","15.40","5a9fa702-b140-48b6-a20f-9fa649ee49d1","2021-03-25 11:15:10.006"
"AG","15.430","5","15.430","1","-779","15.43","391654bf-87a1-4c40-a61f-0c1e6820249c","2021-03-25 11:15:50.006"
"AG","15.420","4","15.430","17","780","15.38","d35d4c3e-b894-4720-9151-65f1b3e30a51","2021-03-25 11:20:56.167"
"AG","15.360","9","15.370","3","-780","15.37","be8c1dc5-21a3-429a-9fea-704a783f374b","2021-03-25 11:25:23.158"
"AG","15.620","3","15.630","8","771","15.56","3ad6886d-0028-447b-83bf-e3d835de25fe","2021-03-25 12:55:57.913"
"AG","15.560","1","15.570","16","-771","15.57","fe14d240-38d5-45b1-a1fa-9c5b8b705573","2021-03-25 12:56:43.390"
"AG","15.560","18","15.580","19","771","15.55","a95772eb-6073-4079-b167-404f8acd127f","2021-03-25 12:58:35.168"
"AG","15.570","11","15.580","12","771","15.55","ed324216-9689-4a27-bdc8-1f00e185ccc2","2021-03-25 12:58:35.168"
"AG","15.580","2","15.590","18","771","15.55","1b80e455-9a94-48e3-b1e6-4442cfc176d0","2021-03-25 12:58:35.168"
"AG","15.560","14","15.570","18","771","15.55","ff0ac709-110f-497a-8ef8-ea2898830953","2021-03-25 12:58:35.168"
"AG","15.520","2","15.520","11","-771","15.52","8f4ae7ec-09c6-4e7d-b29f-a38a385a6f37","2021-03-25 13:00:20.006"
"AG","15.520","2","15.520","11","-771","15.52","8004af83-35de-4253-980d-82425ce3e28a","2021-03-25 13:00:20.006"
"AG","15.530","14","15.540","21","-771","15.54","fedce4db-d327-4c57-85c1-86391da70177","2021-03-25 13:00:45.134"
"AG","15.610","1","15.620","17","774","15.50","7da9150f-8c18-46fa-a9cc-29094ec1bdb0","2021-03-25 13:01:58.638"
"AG","15.620","7","15.630","6","775","15.48","d340ef0a-b5d6-45e1-a0e0-a6adfc1b6b6f","2021-03-25 13:01:58.748"
"AG","15.620","12","15.630","2","775","15.48","2788d19e-fec6-4dab-bf27-821cfde5a99e","2021-03-25 13:01:58.748"
"AG","15.620","8","15.630","20","775","15.48","7d588363-2b5b-4003-98ab-195adaa34f62","2021-03-25 13:01:58.748"
"AG","15.430","6","15.440","14","-775","15.44","36ad30a4-4441-4892-8ae4-c59caa861767","2021-03-25 13:02:33.345"
"AG","15.430","6","15.440","14","-774","15.44","9804c5b1-d30c-4fdf-be19-04264607a197","2021-03-25 13:02:33.345"
"AG","15.430","6","15.440","14","-775","15.44","55a071b8-3468-4e18-ba51-f86b6896c1dd","2021-03-25 13:02:33.345"
"AG","15.440","25","15.450","4","-771","15.45","66d9b7db-ef84-4c6c-af71-b630f9994a58","2021-03-25 13:02:41.830"
"AG","15.450","4","15.460","12","-775","15.46","b7c0cee7-6cd0-4bcc-bffe-90cc95c94cbf","2021-03-25 13:03:13.371"
"AG","15.470","54","15.490","30","775","15.47","a18c6038-fc3d-4751-a525-6be7ef2d7f28","2021-03-25 13:32:32.606"
"AG","15.430","12","15.440","30","-775","15.44","bae100e5-a1df-4ef0-84fe-bc7ce4f78d47","2021-03-25 13:34:50.045"
"AG","15.510","8","15.520","16","777","15.44","39df8600-547b-4093-bc46-2893a4889ac2","2021-03-25 13:59:22.944"
"AG","15.520","2","15.530","12","777","15.44","5a6b50d9-fdb2-4f2f-9fc7-3a171a459d95","2021-03-25 13:59:22.944"
"AG","15.510","9","15.520","15","777","15.44","f8ec7278-0105-4ffb-b60b-2b15e0e93250","2021-03-25 13:59:22.944"
"AG","15.490","13","15.500","4","777","15.44","801a1163-00e4-4098-86f2-337d5947ed9f","2021-03-25 13:59:22.944"
"AG","15.490","5","15.500","10","777","15.44","e21453c1-1e04-45bd-81cb-3666453cdfa2","2021-03-25 13:59:22.944"
"AG","15.490","2","15.500","16","777","15.44","ab08a469-8916-4f29-9e79-831cf4531d22","2021-03-25 13:59:22.944"
"AG","15.500","2","15.510","11","777","15.44","40a41a65-bf8f-415c-ae29-f82e6b09e2c8","2021-03-25 13:59:22.944"
"AG","15.500","12","15.510","24","777","15.44","3f13541d-e4d2-4427-9eb5-148a90852bc4","2021-03-25 13:59:22.944"
"AG","15.500","2","15.510","10","778","15.42","bc6c61ae-001c-4656-afa8-41dd15cda155","2021-03-25 14:00:02.748"
"AG","15.500","1","15.510","22","778","15.42","6561b991-f559-4cf2-9613-eec21c80f603","2021-03-25 14:00:02.748"
"AG","15.490","20","15.500","6","778","15.42","5a17fbc2-3c92-44e9-953d-9a1cf310160c","2021-03-25 14:00:02.748"
"AG","15.490","7","15.500","4","778","15.42","02dd9cbc-9d37-43f1-8fe7-7f8d4f383508","2021-03-25 14:00:02.748"
"AG","15.490","2","15.500","17","778","15.42","6bb3f325-9d8f-453e-8e9d-b60e471ce5c3","2021-03-25 14:00:02.748"
"AG","15.410","14","15.420","25","-778","15.42","e223f108-0672-47d7-8aaf-62cf13cad750","2021-03-25 14:01:00.719"
"AG","15.410","7","15.420","20","-778","15.42","c9855b5a-170c-410d-9c59-c9c698e59f17","2021-03-25 14:02:37.472"
"AG","15.400","23","15.410","6","-777","15.41","c08ee90f-a705-40bf-a4a4-5fe1fe873da1","2021-03-25 14:02:55.240"
"AG","15.400","23","15.410","6","-777","15.41","4512e7ed-1754-4c76-b057-b75b30f15a9b","2021-03-25 14:02:55.240"
"AG","15.400","23","15.410","6","-777","15.41","6bacd8ec-459f-42c7-9641-91280cb66426","2021-03-25 14:02:55.240"
"AG","15.400","23","15.410","6","-777","15.41","aa061c38-0235-47e8-aaaf-1ac205b337b4","2021-03-25 14:02:55.240"
"AG","15.400","23","15.410","6","-778","15.41","11dc43ee-2548-492a-9538-345a972aee0e","2021-03-25 14:02:55.240"
"AG","15.400","23","15.410","6","-777","15.41","3c69a259-d2c5-4952-974a-c7b1c80e523d","2021-03-25 14:02:55.240"
"AG","15.400","26","15.410","21","-778","15.41","509a6a87-dc01-4605-ace5-5b667dd30a76","2021-03-25 14:03:02.694"
"AG","15.400","26","15.410","21","-777","15.41","a89a78eb-88fb-4589-a1b6-54de5819322d","2021-03-25 14:03:02.694"
"AG","15.400","26","15.410","21","-777","15.41","e7133a96-2e3a-441b-a11d-976b9ab3813d","2021-03-25 14:03:02.694"
"AG","15.410","10","15.420","17","-778","15.42","411d083e-c3e8-49ff-8452-8047e8237ec6","2021-03-25 14:03:13.261"
"AG","15.410","7","15.420","21","-777","15.42","95df3d10-8a9f-427a-a0b8-82e786a8634f","2021-03-25 14:03:56.869"
"AG","15.420","18","15.430","6","777","15.43","fd1373a7-8853-438e-b8a9-47dff0860a96","2021-03-25 14:15:20.006"
"AG","15.380","1","15.390","24","-777","15.39","40b5b43e-db95-4f14-84f1-c0125519c6aa","2021-03-25 14:27:40.806"
"AG","15.400","4","15.410","19","779","15.39","d8abe359-d927-4b84-b44a-c16c708718b5","2021-03-25 14:32:39.201"
"AG","15.400","4","15.410","19","779","15.39","61ce8517-b690-4b12-b64f-43978f2171dd","2021-03-25 14:32:39.201"
"AG","15.380","24","15.390","9","-779","15.39","fb78cdbf-c225-4ed2-b68d-7c87eefd38ef","2021-03-25 14:32:51.614"
"AG","15.390","10","15.400","11","-779","15.40","606f89b3-6aec-447c-8364-d7bef344bbdc","2021-03-25 14:33:02.118"
"ABB","30.590","11","30.600","1","391","30.60","6d1911d0-7996-4026-a306-8aa14cb28357","2021-03-25 09:58:00.006"
"ABB","30.600","28","30.610","15","-391","30.61","2dcd59ed-a8a0-4437-aa03-ab1f11126845","2021-03-25 10:03:50.130"
"ABB","30.600","9","30.610","8","392","30.55","1286a9d7-2829-4c47-9dea-9420f2606306","2021-03-25 10:15:56.309"
"ABB","30.600","9","30.610","8","392","30.55","6b19ac47-4146-4000-8d88-e7c8c5f2ab63","2021-03-25 10:15:56.309"
"ABB","30.590","13","30.610","10","392","30.55","ebbbd10e-514b-4975-b36c-29d268a0e891","2021-03-25 10:15:56.309"
"ABB","30.570","11","30.590","24","392","30.55","e7d3b933-9ada-4565-accd-007fb7e18917","2021-03-25 10:15:56.309"
"ABB","30.570","3","30.580","22","392","30.55","bebd6514-c1fa-45ab-9c27-185d3b93db31","2021-03-25 10:15:56.309"
"ABB","30.560","10","30.570","12","392","30.55","1ed37c5a-8b72-46ca-a530-5d37e412d90b","2021-03-25 10:15:56.309"
"ABB","30.550","12","30.560","15","-392","30.56","5f1e298f-781f-4ccf-bcd8-263700f32e37","2021-03-25 10:16:20.558"
"ABB","30.550","12","30.560","15","-392","30.56","b30ccbe7-e6a4-4c05-9806-68feba31261f","2021-03-25 10:16:20.558"
"ABB","30.550","12","30.560","15","-392","30.56","86519a3d-f219-40e4-82fb-73e4737706e3","2021-03-25 10:16:20.558"
"ABB","30.550","12","30.560","15","-392","30.56","ba5e07b6-2d59-475f-8664-034631f7cdf5","2021-03-25 10:16:20.558"
"ABB","30.550","12","30.560","15","-392","30.56","5b10a684-a504-4330-9d49-2f8afcd3db3c","2021-03-25 10:16:20.558"
"ABB","30.610","8","30.620","9","392","30.54","cecbf978-5e62-4836-a46a-c0a6b90eab51","2021-03-25 10:16:44.194"
"ABB","30.610","2","30.620","14","392","30.54","ba862fbd-e117-488e-bcf9-d0754ccaa5c2","2021-03-25 10:16:44.194"
"ABB","30.610","2","30.620","14","392","30.54","189f7ed8-91bb-4ed2-b7c3-cb882ceb8d5e","2021-03-25 10:16:44.194"
"ABB","30.600","8","30.610","5","392","30.54","16aa8196-8c39-428e-9600-5aabc11e17f6","2021-03-25 10:16:44.194"
"ABB","30.600","8","30.610","5","392","30.54","ed6e14be-b276-43d6-b985-86ce89b45d85","2021-03-25 10:16:44.194"
"ABB","30.510","5","30.520","18","-392","30.52","94be903c-688b-465e-bb66-c9069d953081","2021-03-25 10:17:25.750"
"ABB","30.510","5","30.520","18","-392","30.52","5313070d-07f9-4a00-b798-0e132b721fd8","2021-03-25 10:17:25.750"
"ABB","30.510","5","30.520","18","-392","30.52","db86c11f-d5db-43c5-8458-8148610a15ae","2021-03-25 10:17:25.750"
"ABB","30.510","2","30.520","21","-392","30.52","3055e764-f017-4354-812c-b3aa225e3d0f","2021-03-25 10:17:25.750"
"ABB","30.510","2","30.520","21","-392","30.52","29c27360-963d-46aa-abd2-7a75c5192cb8","2021-03-25 10:17:25.750"
"ABB","30.510","19","30.520","5","-392","30.52","ffecea23-ebf2-486e-b4ea-da4ee8fea519","2021-03-25 10:17:30.328"
"ABB","30.540","13","30.550","2","393","30.50","86ac9c09-f022-4ee9-a8ff-66b81391d78e","2021-03-25 10:41:13.201"
"ABB","30.550","11","30.560","8","393","30.50","34c6a7bd-fe1e-4630-a965-fbd5ce5852a8","2021-03-25 10:41:13.201"
"ABB","30.550","11","30.560","8","393","30.50","3b1d9f4d-5c70-4bdf-874e-1f28ea68254b","2021-03-25 10:41:13.201"
"ABB","30.500","10","30.510","17","-393","30.51","68e7ea5d-88f5-4d7c-95ba-92b9abc5282f","2021-03-25 10:41:51.485"
"ABB","30.500","10","30.510","17","-393","30.51","6c8b660e-1776-473c-b1d7-da6db9f1b6b2","2021-03-25 10:41:51.485"
"ABB","30.500","9","30.510","17","-393","30.51","e4b14ba5-753a-42d2-91f4-69a8ae90a509","2021-03-25 10:41:51.485"
"ABB","30.580","16","30.590","3","393","30.52","a9e27d70-4caf-4b44-926c-fe2a62c2907b","2021-03-25 12:13:58.697"
"ABB","30.580","16","30.590","3","393","30.52","62d81c39-2984-445f-a5a0-3c486258f404","2021-03-25 12:13:58.697"
"ABB","30.580","16","30.590","3","393","30.52","d5f936a5-f8e8-4a44-af7e-86cbdb43b520","2021-03-25 12:13:58.697"
"ABB","30.580","16","30.590","3","393","30.52","ec134348-f44d-4f71-a5c7-a753f055ce62","2021-03-25 12:13:58.697"
"ABB","30.580","16","30.590","3","393","30.52","60892399-12f9-4166-9ab6-0e0b7b618fdb","2021-03-25 12:13:58.697"
"ABB","30.580","14","30.590","8","393","30.52","7a203246-c0ed-4e1d-be7c-9252dbfbdfee","2021-03-25 12:13:58.697"
"ABB","30.580","16","30.590","8","393","30.52","6f21a87b-af00-4a3c-83a7-e6358f4acfdd","2021-03-25 12:13:58.697"
"ABB","30.570","14","30.580","6","393","30.52","fcb9d960-0eed-4ede-bc3c-e94e870f4447","2021-03-25 12:13:58.697"
"ABB","30.560","12","30.570","14","393","30.52","3bd1d999-d190-4259-8333-09e412a3014d","2021-03-25 12:13:58.697"
"ABB","30.560","7","30.570","14","393","30.52","79451b46-82f7-4e78-89ab-1268c8572103","2021-03-25 12:13:58.697"
"ABB","30.560","7","30.570","14","393","30.52","70ed93f6-e86a-49f3-9453-07daf643389e","2021-03-25 12:13:58.697"
"ABB","30.550","15","30.570","20","393","30.52","110be3ee-9e67-4cf0-9b98-aaaa5cc9c7e0","2021-03-25 12:13:58.697"
"ABB","30.530","18","30.540","6","-393","30.54","26af7632-455b-441e-a7c4-168e4626a9ea","2021-03-25 12:14:39.197"
"ABB","30.530","18","30.540","6","-393","30.54","08ca0877-0f94-4474-b495-e2c681ffe029","2021-03-25 12:14:39.197"
"ABB","30.530","18","30.540","6","-393","30.54","d3f37dc5-18cc-412f-b5be-c6703d4073a8","2021-03-25 12:14:39.197"
"ABB","30.530","18","30.540","6","-393","30.54","25ef1179-028d-4aaa-8fa8-c98fb6ce9e29","2021-03-25 12:14:39.197"
"ABB","30.530","18","30.540","6","-393","30.54","010a9a20-1e97-4966-a616-361892cb3585","2021-03-25 12:14:39.197"
"ABB","30.530","18","30.540","6","-393","30.54","b30485f1-7e58-4e3d-a3b1-bb29daa42c49","2021-03-25 12:14:39.197"
"ABB","30.520","11","30.530","12","-393","30.53","f4f560f2-cd4b-40ac-8280-754efdd9f6b8","2021-03-25 12:15:15.082"
"ABB","30.520","11","30.530","12","-393","30.53","2e0fe451-4e6a-407b-8af8-8298a9a9527e","2021-03-25 12:15:15.082"
"ABB","30.520","2","30.530","19","-393","30.53","37a47374-0f3c-420a-915b-a1c7089bfcac","2021-03-25 12:15:15.082"
"ABB","30.520","11","30.540","25","-393","30.54","8c5dd8e9-28c2-49db-8a25-a3c8c7c7ec83","2021-03-25 12:15:16.814"
"ABB","30.520","11","30.540","25","-393","30.54","699910ba-0553-4952-bb13-202046b5cd11","2021-03-25 12:15:16.814"
"ABB","30.520","11","30.540","25","-393","30.54","25a5e2de-85f5-479f-80bc-7b259e47cda7","2021-03-25 12:15:16.814"
"ABB","30.860","8","30.870","7","387","30.87","0e01f432-ed33-4d44-907e-b1c123bc93c7","2021-03-25 13:08:50.006"
"ABB","30.880","11","30.890","7","-387","30.89","04ed3986-0ace-4f44-9b26-92214bb185e0","2021-03-25 13:13:15.195"
"ABB","30.880","13","30.890","12","388","30.88","c105b993-6e8b-4b21-9851-bbef9e7930a4","2021-03-25 13:13:22.701"
"ABB","30.880","19","30.890","9","-388","30.89","799f28e2-fecb-4530-93ed-df0c47a61248","2021-03-25 13:14:37.153"
"ABB","30.890","10","30.900","11","388","30.85","31d387ef-94c2-44ce-977c-632f1f5d9232","2021-03-25 13:18:31.730"
"ABB","30.890","10","30.900","11","388","30.85","85b77c0c-779e-4750-9ebf-85158242907a","2021-03-25 13:18:31.730"
"ABB","30.890","21","30.900","6","388","30.85","e1dec160-ccf4-40ce-a800-875819a2dc69","2021-03-25 13:18:31.730"
"ABB","30.850","8","30.860","11","-388","30.86","a57c37ba-bf53-461e-a0f7-be5615a3263b","2021-03-25 13:20:03.262"
"ABB","30.850","8","30.860","11","-388","30.86","6e6525f2-82bf-4d22-bdcc-e07f711e8fcd","2021-03-25 13:20:03.262"
"ABB","30.850","8","30.860","11","-388","30.86","b694f184-3e68-4220-98c2-993b52048951","2021-03-25 13:20:03.262"
"ABB","30.890","21","30.900","6","389","30.84","b104c43e-4925-4efd-a73c-b20b43835b45","2021-03-25 13:21:44.432"
"ABB","30.830","6","30.840","16","-389","30.84","0d6c18dc-300d-43bf-9fd0-4cf03f0f51c4","2021-03-25 13:22:03.979"
"ABB","30.860","21","30.870","8","389","30.82","36b5c3d1-9817-4de6-b504-6fa4502cdc2c","2021-03-25 13:37:04.159"
"ABB","30.870","12","30.880","12","389","30.82","df9d051e-6fcb-44d5-a90c-bd5ca99aaa0c","2021-03-25 13:37:04.159"
"ABB","30.870","5","30.880","20","389","30.82","06520a80-3e24-416e-a091-b58999662d2e","2021-03-25 13:37:04.159"
"ABB","30.870","5","30.880","20","389","30.82","af7fc2cb-da8c-40b2-aad7-2dba374a80e0","2021-03-25 13:37:04.159"
"ABB","30.870","5","30.880","20","389","30.82","86a9a588-b5b8-43a1-8d61-79bed499f173","2021-03-25 13:37:04.159"
"ABB","30.860","9","30.870","8","389","30.82","945e34bb-7517-430f-bb09-b9a2517b66c2","2021-03-25 13:37:04.159"
"ABB","30.860","8","30.870","10","389","30.82","34de62c2-99c6-4183-9eaa-997cff986d2c","2021-03-25 13:37:04.159"
"ABB","30.820","1","30.820","12","-389","30.82","1bf3e74a-e7f0-4ba6-a89e-7b6d379946b3","2021-03-25 13:37:30.006"
"ABB","30.820","1","30.820","12","-389","30.82","754d3ff0-91f6-47b1-87e8-4e6b95178611","2021-03-25 13:37:30.006"
"ABB","30.820","1","30.820","12","-389","30.82","a9dfb6f9-c130-4963-830b-2c6dba308129","2021-03-25 13:37:40.006"
"ABB","30.820","1","30.820","12","-389","30.82","ae7dcada-8e55-4568-bd98-aef9e5ed0e7b","2021-03-25 13:37:50.006"
"ABB","30.820","1","30.820","12","-389","30.82","95d22ce0-6660-4532-8894-ce6de6189116","2021-03-25 13:37:50.006"
"ABB","30.820","18","30.830","13","-389","30.83","f99c693f-ca79-451c-a6e3-5b4452943a45","2021-03-25 13:38:01.052"
"ABB","30.820","18","30.830","11","-389","30.84","513fa0de-b8cd-466c-946f-f5842f92ee44","2021-03-25 13:38:15.047"
"ABB","30.880","27","30.890","10","388","30.86","0a8b0652-5889-431d-a5ba-b7bc6b4ef235","2021-03-25 13:47:35.196"
"ABB","30.870","12","30.880","4","388","30.86","41bfea09-b86f-4359-83da-a8b76dbd70d2","2021-03-25 13:47:35.196"
"ABB","30.870","14","30.880","8","388","30.86","04371a49-4fbf-4109-815e-e6a8ef7b0dd5","2021-03-25 13:47:35.196"
"ABB","30.870","15","30.880","2","388","30.86","b1b77b56-04c8-442f-a9c6-872269c1cc04","2021-03-25 13:47:35.196"
"ABB","30.870","19","30.880","1","388","30.86","6d1bfb50-e80c-470d-9a94-b77fec3e15a4","2021-03-25 13:47:35.196"
"ABB","30.870","19","30.880","1","389","30.85","5007e598-ad9e-4283-9976-017324a09d34","2021-03-25 13:47:36.307"
"ABB","30.880","3","30.890","19","389","30.85","e014f12b-7805-4f8c-8f4d-bce95d3c0371","2021-03-25 13:47:36.307"
"ABB","30.890","5","30.900","13","389","30.85","1b94aa81-cc90-42cf-bf0c-c7043444804d","2021-03-25 13:47:36.307"
"ABB","30.890","16","30.910","7","389","30.85","ff3900f3-705a-4f89-97fc-8197ba89cde7","2021-03-25 13:47:36.307"
"ABB","30.890","16","30.910","7","389","30.85","9a484ad5-680e-4df8-bd2f-ba5307801431","2021-03-25 13:47:36.307"
"ABB","30.910","11","30.920","7","389","30.85","20ce1e2f-c4ee-4c47-af7d-90bc8b5b6cfe","2021-03-25 13:47:36.307"
"ABB","30.910","4","30.920","17","388","30.85","9f0d7e72-1673-4f45-ae1c-f46f5d3b2061","2021-03-25 13:47:36.307"
"ABB","30.910","4","30.920","17","389","30.85","faae07a0-066c-4211-9862-6011696045a3","2021-03-25 13:47:36.307"
"ABB","30.910","3","30.920","17","389","30.85","40ba701f-5a2f-49fc-83fc-d5f805fa934b","2021-03-25 13:47:36.307"
"ABB","30.890","1","30.890","8","389","30.85","cc38c899-e14b-4c92-b039-b668784de2ad","2021-03-25 13:47:36.307"
"ABB","30.850","17","30.860","3","-388","30.86","51571ecb-c0fe-4ef4-85b3-2c53835681c5","2021-03-25 13:47:50.055"
"ABB","30.850","17","30.860","3","-389","30.86","10988023-ebd0-4a62-8d94-442e670c2288","2021-03-25 13:47:50.055"
"ABB","30.850","17","30.860","3","-389","30.86","165b6f3a-949b-4fc4-9b06-3ce26ebf5c78","2021-03-25 13:47:50.055"
"ABB","30.850","17","30.860","3","-388","30.86","fa2598d9-e029-47b4-8ca6-7282d9419fce","2021-03-25 13:47:50.055"
"ABB","30.850","17","30.860","3","-389","30.86","234b046c-6e79-4c0c-b947-4b3b87868649","2021-03-25 13:47:50.055"
"ABB","30.850","17","30.860","3","-389","30.86","a3bf0154-7c01-47f1-9637-43cb0e5eaeca","2021-03-25 13:47:50.055"
"ABB","30.850","17","30.860","3","-388","30.86","2a4d295c-f168-485d-b564-9951f7a37ddf","2021-03-25 13:47:50.055"
"ABB","30.850","17","30.860","3","-388","30.86","f29b00e0-97a0-453e-86ed-2e6910b71c1d","2021-03-25 13:47:50.055"
"ABB","30.870","7","30.880","10","-389","30.88","1177eadd-bd3b-4d29-9889-ab8515c63da2","2021-03-25 13:48:00.138"
"ABB","30.870","7","30.880","10","-389","30.88","786baefe-49f0-46ab-a75c-e5d7d7a2ba23","2021-03-25 13:48:00.138"
"ABB","30.870","7","30.880","10","-389","30.88","1e85ba64-9a66-4f99-943d-3d5507c9f821","2021-03-25 13:48:00.138"
"ABB","30.870","7","30.880","10","-389","30.88","d8538b49-28d0-434a-87bb-f081ba2063da","2021-03-25 13:48:00.138"
"ABB","30.870","12","30.880","6","-389","30.88","ec95ca7b-0ce0-4e6c-9460-a63f988dc010","2021-03-25 13:48:14.667"
"ABB","30.870","12","30.880","6","-388","30.88","ccc66503-eb97-4a4d-912a-5c581424ba7e","2021-03-25 13:48:14.667"
"ABB","30.880","1","30.890","13","-388","30.89","d9a0c6e0-f017-4063-b436-9a2729039c0d","2021-03-25 13:48:40.816"
"ABB","30.900","14","30.910","11","389","30.82","74900e6a-2e2b-4952-8e8e-b57b1465d724","2021-03-25 14:01:27.937"
"ABB","30.900","5","30.910","12","389","30.82","df5d6e81-9b4b-49e1-aa50-d2db54d09962","2021-03-25 14:01:27.937"
"ABB","30.900","15","30.910","10","389","30.82","6f18269f-8c8e-4ea3-bb0d-9737b5d5806d","2021-03-25 14:01:27.937"
"ABB","30.900","17","30.910","14","389","30.82","800340c1-6eab-4f14-9b29-f2bec04f378a","2021-03-25 14:01:27.937"
"ABB","30.900","22","30.910","2","389","30.82","db043d28-dc3c-47dc-a6cd-9288fccad2c2","2021-03-25 14:01:27.937"
"ABB","30.910","2","30.920","17","389","30.82","d1463266-50df-4d4f-b382-9560de5ef250","2021-03-25 14:01:27.937"
"ABB","30.900","20","30.910","8","389","30.82","1159611e-341b-4969-9d33-e35f2dea6a4d","2021-03-25 14:01:27.937"
"ABB","30.890","19","30.900","16","389","30.82","0215c92b-5b84-41d2-ae81-000cc348e29f","2021-03-25 14:01:27.937"
"ABB","30.890","16","30.900","10","389","30.82","1073fa34-8b6b-423e-b5bd-f2dab8949c55","2021-03-25 14:01:27.937"
"ABB","30.870","12","30.880","9","389","30.82","730e6d09-a44b-49bf-88ab-e9f0ed493f0f","2021-03-25 14:01:27.937"
"ABB","30.870","1","30.880","17","389","30.82","9e70d4f1-d104-409c-bc02-0fa3bb75fb13","2021-03-25 14:01:27.937"
"ABB","30.850","19","30.860","6","389","30.82","6963813d-632f-4ec3-8c97-38ec01693b67","2021-03-25 14:01:27.937"
"ABB","30.850","14","30.860","6","389","30.82","f6e38ed1-4952-4549-9d51-04807bbce2c6","2021-03-25 14:01:27.937"
"ABB","30.820","18","30.830","6","-389","30.83","cb9cadd0-e1df-46d9-876d-151a305025ca","2021-03-25 14:02:30.976"
"ABB","30.820","18","30.830","6","-389","30.83","f725e321-fcb7-4b52-a60a-9e5ba19cde92","2021-03-25 14:02:30.976"
"ABB","30.820","18","30.830","6","-389","30.83","2c24fa95-d968-433f-b79a-a545adfc468e","2021-03-25 14:02:30.976"
"ABB","30.820","18","30.830","6","-389","30.83","d8d715ae-9469-44e9-9bd4-ba897f569089","2021-03-25 14:02:30.976"
"ABB","30.820","18","30.830","6","-389","30.83","af522b68-513c-4f26-b063-7ff200c63bbe","2021-03-25 14:02:30.976"
"ABB","30.820","18","30.830","6","-389","30.83","a5880120-5d5d-4482-9a14-b91c03e247ea","2021-03-25 14:02:30.976"
"ABB","30.820","18","30.830","6","-389","30.83","2c762149-fe90-4c9d-8c35-17d8a66e9093","2021-03-25 14:02:30.976"
"ABB","30.830","11","30.840","10","-389","30.84","2d6beaa7-d965-4966-a0da-c852299e06f7","2021-03-25 14:02:40.982"
"ABB","30.830","11","30.840","10","-389","30.84","a8e4400e-65d4-4aa8-9f7e-85bcfde60c38","2021-03-25 14:02:40.982"
"ABB","30.830","11","30.840","10","-389","30.84","a822ff8d-a1ea-44d5-bbf9-b4b21bd2cd55","2021-03-25 14:02:40.982"
"ABB","30.830","18","30.840","1","-389","30.85","a990537d-9370-4937-9e1f-dce4522a1a87","2021-03-25 14:02:52.715"
"ABB","30.830","18","30.840","1","-389","30.85","495df7eb-93bd-43d7-ae5d-1f956309b7ca","2021-03-25 14:02:52.715"
"ABB","30.840","11","30.850","14","-389","30.85","7bd3f1f2-f8db-4c8d-acc0-a1f209ca90e4","2021-03-25 14:03:00.519"
"ABB","31.030","18","31.040","11","386","31.02","3b59a5eb-348c-4f73-831b-7f6343686393","2021-03-25 15:43:28.415"
"ABB","31.040","28","31.050","16","386","31.02","7e8d70a1-cc80-4cc6-a559-6098c195e47e","2021-03-25 15:43:28.415"
"ABB","31.040","8","31.050","16","386","31.02","4eb9cd1d-3179-4889-8d11-c11d6af72cad","2021-03-25 15:43:28.415"
"ABB","31.060","24","31.070","14","-1,158","31.06","f3f396a9-668d-4504-85e8-755b4472bd75","2021-03-25 15:48:00.006"
"ALB","145.100","1","145.430","3","82","144.74","48b50d3e-0017-4843-9af4-b509aa910348","2021-03-25 10:25:16.696"
"ALB","145.100","1","145.430","1","82","144.74","90633020-29f9-4ef7-8626-95ff9904ffbb","2021-03-25 10:25:16.696"
"ALB","145.100","1","145.430","1","82","144.74","241ae5ef-ce39-49a8-af45-9c687dda6f22","2021-03-25 10:25:16.696"
"ALB","145.120","3","145.420","1","-82","145.45","97f1be64-3bbd-4e87-8042-3764f06a70e4","2021-03-25 10:25:53.242"
"ALB","145.120","3","145.420","1","-82","145.45","abec9fe0-bd73-4c69-9982-00406912bda6","2021-03-25 10:25:53.242"
"ALB","144.890","1","145.040","2","-82","145.04","81712cd9-8e3c-4be2-bcc2-a1e196229526","2021-03-25 10:28:00.139"
"ALB","144.830","1","145.210","1","83","144.36","60b3115f-3733-4cbc-9d91-8bf8817d8f42","2021-03-25 10:41:26.066"
"ALB","144.840","2","145.140","2","83","144.29","b7553313-f1a5-4b15-bd1a-958ad92aa4a1","2021-03-25 10:41:26.067"
"ALB","144.710","3","144.980","3","83","144.24","74eb5046-344c-473a-bb40-e04ba5438992","2021-03-25 10:41:26.067"
"ALB","144.710","3","144.980","3","83","144.24","4c455fb2-1da9-46f9-8ed7-b9549b7c9d5f","2021-03-25 10:41:26.067"
"ALB","144.030","4","144.450","1","-83","144.46","969167b7-4a54-4593-8312-8b74f67908f9","2021-03-25 10:41:51.629"
"ALB","144.020","1","144.300","1","-83","144.30","739b42b2-bd78-442d-b1a9-2d24a01f2360","2021-03-25 10:43:34.406"
"ALB","144.020","1","144.300","1","-83","144.30","58f1ee46-e165-49bf-96c8-9c46ec2c73b7","2021-03-25 10:43:34.406"
"ALB","144.020","1","144.300","5","-83","144.30","55b2d4a3-2f73-473f-bc14-ecfd832469f0","2021-03-25 10:43:34.406"
"ALB","145.040","1","145.430","1","83","143.77","c71819ec-7d4a-43eb-a901-9f439e3c0f18","2021-03-25 10:46:50.794"
"ALB","145.040","1","145.430","1","83","143.77","a4562a7c-ba42-4b32-a902-40f97c7bcf67","2021-03-25 10:46:50.794"
"ALB","145.070","2","145.430","2","83","143.77","d778ca84-7e9a-4520-8d5a-576c3508b50e","2021-03-25 10:46:50.794"
"ALB","145.070","1","145.430","3","83","143.77","4be9f6ef-466a-4c9b-a4a8-3e518d425574","2021-03-25 10:46:50.794"
"ALB","145.070","1","145.430","3","83","143.77","1c982da8-274a-4a6e-bd44-b1c074af7c0b","2021-03-25 10:46:50.794"
"ALB","145.070","1","145.430","2","83","143.77","bc9faed7-fded-48aa-af53-28997d1fc7d5","2021-03-25 10:46:50.794"
"ALB","145.010","3","145.430","1","83","143.62","3ffec7a4-07bb-4490-9f7b-26c4e562c1ff","2021-03-25 10:48:13.143"
"ALB","143.570","1","143.900","1","-83","143.90","33620185-9204-4062-8bec-90c3f775a591","2021-03-25 10:48:24.836"
"ALB","143.570","1","143.900","1","-83","143.90","52dc52c1-a952-4764-a5df-3bca13418181","2021-03-25 10:48:24.836"
"ALB","143.580","2","143.900","2","-83","143.90","bacaf140-6627-44e3-a5ce-482d265249b6","2021-03-25 10:48:24.836"
"ALB","143.390","1","143.700","3","-83","143.70","3683682b-bd83-40a2-a06a-f1081da43ab6","2021-03-25 10:48:44.923"
"ALB","143.390","1","143.700","3","-83","143.70","6aed2928-d102-4e69-aac6-abe547bbd701","2021-03-25 10:48:44.923"
"ALB","145.500","3","145.840","3","83","143.27","9c706d1d-9d5a-421e-88e3-3d1252b3a4dc","2021-03-25 10:49:07.214"
"ALB","145.500","1","145.840","2","83","143.27","9fe76770-0842-4fde-aa3e-636c43b8c849","2021-03-25 10:49:07.214"
"ALB","145.350","1","145.750","2","83","143.27","7d8923eb-77c6-4953-a224-3e355aea9edc","2021-03-25 10:49:07.214"
"ALB","145.030","4","145.440","2","83","143.27","c06959b9-7fdb-449f-bfd7-992a72f22b14","2021-03-25 10:49:07.214"
"ALB","145.280","3","145.580","1","83","143.27","9bfa1308-d1b1-41a1-9244-fca1063694fd","2021-03-25 10:49:07.214"
"ALB","145.150","2","145.580","2","83","143.27","0d795720-9b8a-4cd1-bdaa-f17b2aa55f8a","2021-03-25 10:49:07.214"
"ALB","145.050","2","145.470","3","83","143.21","11e346ff-183d-4f14-a8a6-5e6cc1a70f05","2021-03-25 10:50:17.665"
"ALB","145.050","2","145.460","3","83","143.21","4429994e-c3ad-47dc-97d7-79bfd95442ee","2021-03-25 10:50:17.665"
"ALB","143.100","1","143.320","2","-83","143.32","d6e13888-e78b-4d2f-abe6-7b36089d6bd7","2021-03-25 10:50:32.354"
"ALB","143.100","1","143.320","2","-83","143.32","1380a0c1-673e-413d-bc4a-87bd24a73d49","2021-03-25 10:50:32.354"
"ALB","143.100","1","143.320","2","-83","143.32","8e377f95-2ece-4936-b45c-fd3ba0948ab9","2021-03-25 10:50:32.354"
"ALB","143.100","1","143.320","2","-83","143.32","cf844d61-8e33-4de2-8087-70e14de11f64","2021-03-25 10:50:32.354"
"ALB","143.100","1","143.320","2","-83","143.32","c4c041ac-8a7e-4e6e-b691-b8bd9285c008","2021-03-25 10:50:32.354"
"ALB","145.070","1","145.400","1","83","143.00","e26b2b69-42da-4737-8bb5-bfef3779c576","2021-03-25 10:50:41.808"
"ALB","145.070","1","145.400","2","83","143.00","f1514829-2223-4557-ad49-78278816d224","2021-03-25 10:50:41.808"
"ALB","145.010","1","145.390","5","83","143.00","420944e8-4f1b-43c8-9a44-79b5cdbeb36e","2021-03-25 10:50:41.808"
"ALB","142.650","3","143.000","1","-83","143.00","e1f627fc-6ee0-440c-9815-3dce09e80abf","2021-03-25 10:51:49.993"
"ALB","142.650","3","143.000","1","-83","143.00","a75c7be3-6863-49dd-b6ed-bce8f4ac9c26","2021-03-25 10:51:49.993"
"ALB","142.650","3","143.000","1","-83","143.00","2dee3c47-5647-41f9-ad00-92228a05cfbf","2021-03-25 10:51:49.993"
"ALB","142.900","1","143.080","2","-83","143.08","447ecf79-9a69-463e-b4e6-9fd4e03a6ca6","2021-03-25 10:51:50.012"
"ALB","142.900","1","143.080","2","-83","143.08","6a3b81f4-b952-46bf-a081-2dafdbdc35bc","2021-03-25 10:51:50.012"
"ALB","142.900","1","143.080","2","-83","143.08","20bec102-b2e3-4ffe-a335-1fb93343a1cf","2021-03-25 10:51:50.012"
"ALB","142.940","3","143.040","1","-83","143.08","bfa18c2d-90ac-48da-8faf-56214dbb1a0c","2021-03-25 10:51:50.012"
"ALB","142.900","3","143.040","1","-83","143.04","4e1931d1-4ad9-4072-a376-d5c9a30ea9d5","2021-03-25 10:52:05.399"
"ALB","148.040","1","148.260","1","81","147.10","2d50067f-eb51-4dc0-9997-c969df36221e","2021-03-25 12:58:36.910"
"ALB","148.040","1","148.220","1","81","147.10","20901b92-918a-4e6f-9e90-2138b2730918","2021-03-25 12:58:36.910"
"ALB","148.040","1","148.230","1","81","147.10","ce6b3508-5d52-4230-982a-f3af2651fcde","2021-03-25 12:58:36.910"
"ALB","147.800","1","148.040","2","81","147.10","0e5802d1-a463-4a71-ab4a-ca7ddf6e97b5","2021-03-25 12:58:36.910"
"ALB","147.340","1","147.470","2","81","147.06","90e0dd99-652b-4758-a5aa-d2d2673f2d05","2021-03-25 12:58:36.910"
"ALB","147.340","1","147.570","3","81","147.06","238989d3-581a-4ed5-8418-020d812034b1","2021-03-25 12:58:36.910"
"ALB","147.310","1","147.510","1","81","147.06","fa17b138-0e12-4c4d-9ff5-0fe33c30bbd6","2021-03-25 12:58:36.910"
"ALB","147.030","1","147.340","1","-81","147.34","91305423-b532-4139-9f15-32375c1430d2","2021-03-25 12:59:12.382"
"ALB","147.030","1","147.340","1","-81","147.34","0787d35c-629a-4312-973d-cbad1b71d556","2021-03-25 12:59:12.382"
"ALB","147.030","1","147.340","1","-81","147.34","a0d8c992-264c-40df-8e2d-e70ecd51bf4c","2021-03-25 12:59:12.382"
"ALB","147.030","1","147.340","1","-81","147.34","a5ea37e0-ec98-4fb7-af1c-71587bcb08df","2021-03-25 12:59:12.382"
"ALB","147.030","1","147.340","1","-81","147.34","49d03efe-67cc-4982-9e10-044e17175f07","2021-03-25 12:59:12.382"
"ALB","147.030","1","147.340","1","-81","147.34","2b5d42c1-474a-4754-9f02-726edc3f0825","2021-03-25 12:59:12.382"
"ALB","147.000","1","147.220","1","-81","147.22","34c7b872-6953-4882-9458-14ab0210c1aa","2021-03-25 13:01:11.359"
"ALB","147.360","1","147.530","3","81","147.53","4a548b87-3c1e-4f26-945c-2a95ba4b0811","2021-03-25 13:06:10.006"
"ALB","147.360","1","147.620","1","-81","147.62","b1612ff8-d7f4-4dc2-949a-127dbe85e7df","2021-03-25 13:12:30.534"
"ALB","147.890","1","148.020","2","81","147.17","e13a45c7-e9aa-4c79-86e0-d54584b22d81","2021-03-25 13:20:44.295"
"ALB","147.890","1","148.020","2","81","147.17","bbe998a0-b82d-4df6-a787-6f47ecb412f6","2021-03-25 13:20:44.295"
"ALB","147.900","1","148.180","1","81","147.17","2cbab325-4627-4bc6-aea9-7512a15d5ca0","2021-03-25 13:20:44.295"
"ALB","147.920","1","148.200","2","81","147.11","6a43b7af-2753-4db2-8c28-7e595bd4e385","2021-03-25 13:20:45.535"
"ALB","147.760","1","147.980","1","81","147.11","10a8ae6c-e9fc-472f-bc6a-763b898c58a1","2021-03-25 13:20:45.535"
"ALB","147.760","1","147.980","1","81","147.11","eaf4e68a-ac07-4f16-aee2-b21ec19cc974","2021-03-25 13:20:45.535"
"ALB","147.110","2","147.430","1","-81","147.43","11d17835-ad29-4ade-b175-0aa4e8d01d5f","2021-03-25 13:21:29.755"
"ALB","147.110","2","147.430","1","-81","147.43","9f4ae407-24b9-4735-bdef-b29464ba6d5b","2021-03-25 13:21:29.755"
"ALB","147.110","3","147.430","1","-81","147.43","82cc4892-08cb-431b-8c0a-c2870d171a24","2021-03-25 13:21:29.755"
"ALB","147.110","3","147.430","1","-81","147.43","b649b5bd-465d-41bb-87c4-d3b40048923b","2021-03-25 13:21:29.755"
"ALB","147.220","1","147.500","4","-81","147.51","28ff1faf-978b-450a-a365-41c6e2e44fb6","2021-03-25 13:22:05.534"
"ALB","147.390","2","147.620","1","-81","147.62","7e222fee-0963-4df0-bb32-345ba36f0dad","2021-03-25 13:26:12.841"
"ALB","147.580","1","147.810","1","81","147.06","de6914bf-d669-41ea-a820-7bab00a8468a","2021-03-25 13:31:25.839"
"ALB","147.650","1","147.850","1","81","147.06","b422f716-dbd5-477c-8cbf-466364827de2","2021-03-25 13:31:25.839"
"ALB","147.180","1","147.370","1","-81","147.37","b5a7ffdf-0041-4745-8f65-7dbddee2b7f6","2021-03-25 13:31:54.171"
"ALB","147.340","2","147.560","1","-81","147.56","b7e05ebd-ca9f-4659-a2b3-f241e921d0bb","2021-03-25 13:32:08.073"
"ALB","147.920","1","148.110","2","81","147.35","129dd548-cfd4-4c7b-a716-4572e56dd588","2021-03-25 14:01:58.974"
"ALB","147.650","1","147.860","1","81","147.35","ca6f5456-d4b4-4558-ab0c-3b933fda8453","2021-03-25 14:01:58.974"
"ALB","147.650","2","147.860","1","81","147.35","10744211-766a-4d0b-a240-0ed8dce3fa63","2021-03-25 14:01:58.974"
"ALB","147.580","2","147.870","2","81","147.29","e4bff380-2238-4c03-82b8-d0ba02301279","2021-03-25 14:01:58.974"
"ALB","147.650","2","147.860","3","81","147.29","f6948355-0faf-4b10-80a3-5b4c6e4f5bb6","2021-03-25 14:01:58.974"
"ALB","147.720","1","147.870","1","81","147.29","d983ca1f-2ed4-4b9f-a80a-f68417690ab5","2021-03-25 14:01:58.974"
"ALB","147.850","1","148.130","3","81","147.10","3c0505f9-6d3c-4497-aab7-1260a5ff0802","2021-03-25 14:01:59.435"
"ALB","147.730","1","148.000","3","81","147.10","291dad09-53ce-4f86-b635-d23753778756","2021-03-25 14:01:59.435"
"ALB","147.730","1","147.910","1","81","147.10","c0e7f442-e4a6-469b-84fd-d98570bc2eaa","2021-03-25 14:01:59.435"
"ALB","147.560","1","147.870","3","81","147.10","3b726464-0a0c-4bbd-99c1-a35d85b37bd0","2021-03-25 14:01:59.435"
"ALB","147.270","1","147.500","1","-81","147.50","7182b7f1-4343-4eee-8cac-1bab6a329e75","2021-03-25 14:02:31.155"
"ALB","147.270","1","147.500","1","-81","147.50","d530c1d4-f161-438e-92d0-f48a599b2b91","2021-03-25 14:02:31.155"
"ALB","147.270","1","147.500","1","-81","147.50","2ac65b9f-4e6f-42b6-ba6a-a045e429ff3a","2021-03-25 14:02:31.155"
"ALB","147.470","1","147.640","2","-81","147.64","3c375499-97c6-4b4d-b15d-70091a59bc9d","2021-03-25 14:03:01.139"
"ALB","147.470","1","147.640","2","-81","147.64","6d3fbe4e-e907-4ef3-825c-3affcbd2122a","2021-03-25 14:03:01.139"
"ALB","147.470","1","147.640","2","-81","147.64","c7049e62-6495-4923-8398-a47d4a4b6daf","2021-03-25 14:03:01.139"
"ALB","147.470","2","147.700","2","-81","147.70","34f01de9-10c3-4369-be46-dda0fad8f434","2021-03-25 14:03:25.534"
"ALB","147.350","2","147.490","1","-81","147.49","841c08e6-51f6-4a77-aac7-c9a3772817eb","2021-03-25 14:05:25.261"
"ALB","147.420","2","147.600","1","-81","147.60","e3f8c306-2d0a-4817-b19f-cadf28edd20a","2021-03-25 14:05:46.008"
"ALB","147.680","1","147.970","2","-81","147.97","58adbb61-95fb-4909-93ec-d24103f56365","2021-03-25 14:06:59.943"
"ALB","147.880","1","148.030","1","81","147.79","01ef6a67-52ca-41ab-9076-e20fa6db106c","2021-03-25 14:08:46.221"
"ALB","147.740","1","147.980","1","81","147.79","3e789fde-24ff-465e-9875-6d5fd30c12ac","2021-03-25 14:08:46.221"
"ALB","147.620","1","147.740","3","-81","147.74","d0c04a31-a8c1-4059-bd1a-33080b4733fe","2021-03-25 14:14:52.790"
"ALB","147.690","2","147.950","1","-81","147.95","e9e64872-57ee-4096-8c7c-df9253855c39","2021-03-25 14:16:49.019"
"ALB","147.920","2","148.140","3","81","147.57","1d8a577c-bc0f-4556-a265-9f32c1267190","2021-03-25 14:27:27.106"
"ALB","147.920","1","148.140","3","81","147.57","d81e2d34-530c-4551-84f8-e0524ae77ae5","2021-03-25 14:27:27.106"
"ALB","147.840","3","148.080","3","81","147.42","51c4f08e-f651-4d6a-a1bb-e44d9ac30b4a","2021-03-25 14:27:29.018"
"ALB","147.770","3","147.970","1","81","147.42","12e0e8be-e31b-46d1-8cb8-d70d08f9c0d6","2021-03-25 14:27:29.018"
"ALB","147.770","3","147.970","1","81","147.42","4e5f9f75-d6fb-4f7e-af3c-5ad82e914856","2021-03-25 14:27:29.018"
"ALB","147.870","2","147.970","1","81","147.42","4ad21fa7-5726-484e-be65-723ccf27fd10","2021-03-25 14:27:29.018"
"ALB","148.000","1","148.140","3","81","147.42","e0373ce4-3cac-41ac-bf26-505e00b315d1","2021-03-25 14:27:29.018"
"ALB","147.880","1","148.140","3","81","147.42","c4a42f72-5f8e-4922-b65a-69d3d4577026","2021-03-25 14:27:29.018"
"ALB","147.900","3","148.060","1","81","147.42","3354d83d-3501-4fc0-8860-eb5c307d3b60","2021-03-25 14:27:29.018"
"ALB","147.920","3","148.160","1","81","147.42","53a4b392-a421-47fd-8a42-c4d2394137ef","2021-03-25 14:27:29.018"
"ALB","147.410","3","147.560","1","-81","147.56","18498f17-e59c-4548-83e1-199bf27dc777","2021-03-25 14:27:59.293"
"ALB","147.410","3","147.560","1","-81","147.56","22e0c832-27b4-484e-a214-db7ea7c9883a","2021-03-25 14:27:59.293"
"ALB","147.410","3","147.560","1","-81","147.56","59480dfa-1312-4be9-865b-2d1319b23ce2","2021-03-25 14:27:59.293"
"ALB","147.710","1","147.950","6","81","147.41","a3a848ea-9d97-4642-bf94-26a74246f219","2021-03-25 14:28:46.499"
"ALB","147.090","1","147.320","2","-81","147.32","b3318b9f-9bc9-4a20-8cec-9b01862cc7de","2021-03-25 14:29:41.925"
"ALB","147.090","1","147.320","2","-81","147.32","db710595-d606-4e97-8f10-2b848b41c8d9","2021-03-25 14:29:41.925"
"ALB","147.090","1","147.320","2","-81","147.32","22efab7a-a9ca-48fa-8375-498203c3be21","2021-03-25 14:29:41.925"
"ALB","147.090","1","147.320","2","-81","147.32","2512c0cb-132d-4700-802b-550f7aa6394d","2021-03-25 14:29:41.925"
"ALB","147.140","1","147.270","1","-81","147.27","9a4231d4-d81f-4fdd-ab6e-b4e347eb5112","2021-03-25 14:30:05.041"
"ALB","147.140","1","147.320","1","-81","147.32","01f3e1c6-1920-4fe8-9e10-c35ff96e39dd","2021-03-25 14:30:05.362"
"ALB","147.140","1","147.320","1","-81","147.32","138c0052-6f20-427c-8b07-765dde020a42","2021-03-25 14:30:05.362"
"ALB","147.140","1","147.320","1","-81","147.32","ecd871c8-b4ea-46dc-8362-c833323fc367","2021-03-25 14:30:10.921"
"ALB","147.790","2","147.970","1","81","147.19","6b768ac0-cd61-4a4e-9812-c9af1eaa558d","2021-03-25 14:32:28.188"
"ALB","147.800","4","148.030","1","81","147.19","d81eb0a2-75a8-48f8-accc-9b4cf1c4726c","2021-03-25 14:32:28.188"
"ALB","147.960","4","148.160","2","81","147.19","96e45838-9ccd-4873-86c9-2043153456ab","2021-03-25 14:32:28.188"
"ALB","147.850","3","148.030","1","81","147.19","bdc2b1b4-17d8-4905-8032-2a83ee0d9312","2021-03-25 14:32:28.188"
"ALB","147.840","3","148.080","3","81","147.19","5b1ab093-90d4-4e66-827b-4f4bd6860f83","2021-03-25 14:32:28.188"
"ALB","147.270","1","147.520","2","-81","147.52","c6c5a650-07bc-464e-881a-86dad34baeb2","2021-03-25 14:33:11.638"
"ALB","147.270","1","147.520","2","-81","147.52","16a9ebbb-6b39-4f49-a6a3-2b921fca37df","2021-03-25 14:33:11.638"
"ALB","147.270","1","147.520","2","-81","147.52","a697c70f-31a1-4024-8b79-d1074d1d5aa4","2021-03-25 14:33:11.638"
"ALB","147.330","4","147.530","2","-81","147.53","639b751b-ee93-4085-9afe-28bdec03cffb","2021-03-25 14:35:20.701"
"ALB","147.470","1","147.660","1","-81","147.66","2ebc85a2-78b6-47ed-a66e-de2e71e80b5b","2021-03-25 14:35:34.391"
"ALB","148.650","3","148.770","1","80","148.23","20d6c121-1732-4f1a-8b2d-4dda7f3d4bc5","2021-03-25 15:03:49.762"
"ALB","148.600","2","148.730","2","80","148.23","b4fff713-7bc6-4360-9dfe-e57ac19218a7","2021-03-25 15:03:49.762"
"ALB","148.530","3","148.660","3","80","148.23","396baf53-832d-4e06-909a-827bf971661c","2021-03-25 15:03:49.762"
"ALB","148.580","3","148.730","1","80","148.17","8c568b25-4366-48d7-9775-10d6eb3c9317","2021-03-25 15:03:51.024"
"ALB","148.580","3","148.730","1","80","148.17","2ea16510-56d0-4f10-87a3-ec0589b9210d","2021-03-25 15:03:51.024"
"ALB","148.600","2","148.710","1","80","148.17","ce66fcab-171b-4259-875e-56368fc8a483","2021-03-25 15:03:51.024"
"ALB","148.550","3","148.710","3","80","148.17","52a777d6-f3bc-4e80-82be-e8f3304e7583","2021-03-25 15:03:51.024"
"ALB","148.630","1","148.750","1","80","148.17","6f8edbee-75e7-452e-8b18-866aca327794","2021-03-25 15:03:51.024"
"ALB","148.540","1","148.690","3","80","148.17","57da275a-36a8-463a-b623-37b8ac47556a","2021-03-25 15:03:51.024"
"ALB","148.080","3","148.280","1","-80","148.28","f4e03bfa-0e81-4d17-97f7-32abed755753","2021-03-25 15:04:55.068"
"ALB","148.080","3","148.280","1","-80","148.28","13b00363-a726-46a2-bb1b-1d91007cd1f4","2021-03-25 15:04:55.068"
"ALB","148.080","3","148.280","1","-80","148.28","11c8e360-9125-4eba-b8e8-74a15f515a85","2021-03-25 15:04:55.068"
"ALB","148.080","3","148.280","1","-80","148.28","57b034bf-5ce1-4212-8adf-dcd6f7dd7b04","2021-03-25 15:04:55.068"
"ALB","148.080","3","148.280","1","-80","148.28","ccead6dc-86d3-4caa-9750-a72624da6e4b","2021-03-25 15:04:55.068"
"ALB","148.080","3","148.280","1","-80","148.28","2882f05a-44b9-43fc-b523-dbbc5b1a664e","2021-03-25 15:04:55.068"
"ALB","148.080","3","148.280","1","-80","148.28","940f9dc4-6e01-481f-bd21-38f9bd7272e8","2021-03-25 15:04:55.068"
"ALB","148.310","1","148.470","3","-80","148.47","3553e825-eb07-4ec5-8b3f-e5c31b5bb6d6","2021-03-25 15:05:13.471"
"ALB","148.330","2","148.470","3","-80","148.47","3169be64-37ec-4cc8-8bbf-c51d78e723f0","2021-03-25 15:06:00.252"
"ALB","148.450","1","148.630","3","80","148.12","03da5f22-b381-4841-bee4-c1430b910747","2021-03-25 15:07:23.987"
"ALB","148.090","1","148.250","1","-80","148.25","c886e4fa-51aa-4698-9cab-1081ece0b2c8","2021-03-25 15:08:59.112"
"ALC","69.300","4","69.330","8","173","69.30","9ef43f14-af6d-4991-8864-cf1ab2db9f5d","2021-03-25 10:23:11.499"
"ALC","69.320","1","69.340","1","-173","69.34","146513b3-bcf5-49c1-98e7-32a3f30873f0","2021-03-25 10:24:51.030"
"ALC","69.230","3","69.300","1","173","69.18","c9156112-4e6f-42fa-888f-3aa2ed8ed73f","2021-03-25 10:33:53.278"
"ALC","69.230","4","69.270","5","173","69.17","21b271b2-3cc6-4bf8-a21f-6c047e873d84","2021-03-25 10:33:53.287"
"ALC","69.230","4","69.270","5","173","69.14","abed29ad-506b-450a-bfc7-b0b6addec3c6","2021-03-25 10:35:00.296"
"ALC","69.110","1","69.150","1","-173","69.15","1b95df4a-c7e0-4011-bae4-af61f57a6293","2021-03-25 10:38:03.588"
"ALC","69.110","1","69.160","2","-173","69.16","fe521039-4216-4713-a7ea-7762510be82e","2021-03-25 10:38:08.987"
"ALC","69.110","10","69.160","1","-173","69.16","550053a3-6b46-4925-9ef7-fe154206e04b","2021-03-25 10:38:08.987"
"ALC","68.990","1","69.030","1","173","68.99","b0507d30-8c09-4391-8d84-52bd0ab5a567","2021-03-25 11:24:20.928"
"ALC","69.060","2","69.100","3","173","68.98","12fbe5b4-a329-40d1-8482-a8a301b0f6db","2021-03-25 11:24:24.586"
"ALC","69.040","7","69.050","5","173","68.98","a865384c-f553-4aba-9058-683bec518222","2021-03-25 11:24:24.586"
"ALC","69.060","5","69.090","3","174","68.95","0a73a273-e5f1-4e20-82ac-9e27ba373946","2021-03-25 11:25:19.033"
"ALC","69.060","5","69.090","3","174","68.95","ea9a101d-6fa4-4fa7-9a52-1cb069e731d0","2021-03-25 11:25:19.033"
"ALC","69.050","3","69.090","2","174","68.95","432e0bbd-4143-4d3f-9e52-32e26a4b169b","2021-03-25 11:25:19.033"
"ALC","69.120","2","69.170","3","174","68.95","85e53e22-8cac-4dab-96eb-aec600d11acc","2021-03-25 11:25:19.033"
"ALC","69.120","5","69.130","1","174","68.95","c79dd4c0-5b9b-42e4-a9d3-9270ccbb4b19","2021-03-25 11:25:19.033"
"ALC","69.040","10","69.070","2","174","68.95","da8d59ad-04aa-41ef-b520-294c4ae4070d","2021-03-25 11:25:19.033"
"ALC","69.040","10","69.080","6","174","68.95","11a7a764-30d5-4c72-a489-d2361ee4ae59","2021-03-25 11:25:19.033"
"ALC","69.050","4","69.070","1","174","68.95","c5f3c8f3-cf77-4409-afd6-b1394f3b03b5","2021-03-25 11:25:19.033"
"ALC","69.050","4","69.070","1","174","68.95","6e9e1825-3045-42c3-a342-c12de5a8b1d9","2021-03-25 11:25:19.033"
"ALC","69.050","4","69.070","1","174","68.95","80a1d6b8-5803-4f02-b51a-e83fbe2fec84","2021-03-25 11:25:19.033"
"ALC","69.050","9","69.070","2","174","68.95","3a46180e-3c77-4849-8f12-243afd9a5db4","2021-03-25 11:25:19.033"
"ALC","69.050","10","69.080","1","174","68.95","0ceb279b-5173-4f84-b799-750e0ebde356","2021-03-25 11:25:19.033"
"ALC","69.070","4","69.110","1","174","68.95","d861a04f-1cf9-4e15-b55f-11eb879d44ee","2021-03-25 11:25:19.033"
"ALC","69.050","1","69.100","3","174","68.95","b24eadc3-c025-44b9-904d-0638336ab0d3","2021-03-25 11:25:19.033"
"ALC","68.890","8","68.920","7","-174","68.92","7f305a47-c557-4d82-a06c-8e8318bb2d76","2021-03-25 11:27:00.826"
"ALC","68.890","8","68.920","7","-174","68.92","f2711f0e-4a9b-444c-8c48-c7f2a351f99d","2021-03-25 11:27:00.826"
"ALC","68.890","8","68.920","7","-173","68.92","5ac3afa2-8e2f-4b2c-afc9-bf52d0ae32c7","2021-03-25 11:27:00.826"
"ALC","68.890","8","68.920","7","-174","68.92","394770c4-8d78-458d-a9fd-34b18a1056d8","2021-03-25 11:27:00.826"
"ALC","68.890","8","68.920","7","-174","68.92","9a8bece5-1113-48ba-87e5-ce260d4184ff","2021-03-25 11:27:00.826"
"ALC","68.890","8","68.920","7","-174","68.92","5d9df4ee-6749-4ab2-80e9-7b9c2461ac6d","2021-03-25 11:27:00.826"
"ALC","68.940","1","68.990","1","-173","68.99","922d8fdc-40a7-4994-b307-cb2eb3c6e978","2021-03-25 11:27:27.941"
"ALC","68.940","1","68.990","1","-174","68.99","91d3388a-775c-425e-b0e3-cfc739fc68ca","2021-03-25 11:27:27.941"
"ALC","68.940","1","68.990","1","-174","68.99","65cd7892-5e1e-4bb5-b87a-1eca7f32eecb","2021-03-25 11:27:27.941"
"ALC","68.960","2","68.990","1","-174","68.99","fa785011-fbc6-44c6-8d6f-650215b9f5d6","2021-03-25 11:27:31.236"
"ALC","68.960","2","68.990","1","-174","68.99","82299fbd-bd85-4e80-959c-2cbc32d6bb69","2021-03-25 11:27:31.236"
"ALC","68.960","2","68.990","1","-174","68.99","4c3c7d20-13d0-4410-99f3-a0761e0ad82c","2021-03-25 11:27:31.236"
"ALC","68.960","2","68.990","1","-174","68.99","7a10d699-c4da-4034-ac56-d57acb6623fd","2021-03-25 11:27:31.236"
"ALC","68.960","1","68.990","1","-174","68.99","231083fb-95a5-40c6-82b0-df7fc5fb9d94","2021-03-25 11:29:54.430"
"ALC","68.960","1","68.990","1","-174","68.99","2b23a12c-015f-40ee-bf47-e8b9be8fa38c","2021-03-25 11:29:54.430"
"ALC","68.960","1","68.990","1","-173","68.99","197feea1-2cd7-4f6c-9ad7-b59557be162e","2021-03-25 11:29:54.430"
"ALC","68.950","8","68.990","1","-174","68.99","ad0125cc-ecc2-48e3-825a-ee4e11a77005","2021-03-25 11:29:54.430"
"ALC","69.040","1","69.070","1","173","69.05","64405bd0-57dc-4486-babe-59796574e407","2021-03-25 11:30:53.909"
"ALC","69.040","1","69.070","1","173","69.05","e2db8837-c004-44b6-ba88-d2c90bb8694c","2021-03-25 11:30:53.909"
"ALC","69.000","2","69.060","1","-173","69.06","64718d35-1593-4066-b262-1e8bac5c8145","2021-03-25 11:35:47.693"
"ALC","69.000","2","69.060","1","-173","69.06","11761926-a797-4634-b3ea-9d9a3d8fa272","2021-03-25 11:35:47.693"
"ALC","69.570","4","69.630","1","172","69.57","e9ffb164-fd16-4395-87af-13ee6b68a18f","2021-03-25 12:43:19.228"
"ALC","69.560","5","69.610","1","-172","69.61","f0d03b58-6093-4a61-83cc-736567d7a515","2021-03-25 12:45:43.965"
"ALC","69.570","1","69.610","3","172","69.61","2a3db77b-1912-49ca-980e-1ef59a3641ea","2021-03-25 12:46:20.006"
"ALC","69.600","4","69.640","3","-172","69.64","99ca689d-ee61-48ee-beb3-878b0abf24c1","2021-03-25 12:56:20.999"
"ALC","69.570","1","69.620","1","172","69.56","2ff9af95-9685-4c59-ba41-ea9c7ea7869a","2021-03-25 12:58:28.301"
"ALC","69.550","1","69.600","1","172","69.53","b2dea167-4a3a-428b-9b19-3b18db0e4a14","2021-03-25 13:00:05.940"
"ALC","69.600","3","69.640","1","172","69.53","0b03ab4a-84fe-42d1-a578-85a6b386af20","2021-03-25 13:00:05.940"
"ALC","69.600","3","69.640","1","172","69.53","3880ca31-09fb-4600-a725-29b24bcda4e6","2021-03-25 13:00:05.940"
"ALC","69.600","2","69.630","3","172","69.53","a23a90ad-68bc-4de3-9b3b-29e52a8a7690","2021-03-25 13:00:05.940"
"ALC","69.600","2","69.630","3","172","69.53","0646595d-3127-4f4a-a72f-d29c3858fe27","2021-03-25 13:00:05.940"
"ALC","69.570","1","69.620","3","172","69.50","89203927-124b-4190-a1a6-f47fb2e3cafa","2021-03-25 13:00:29.801"
"ALC","69.570","1","69.620","3","172","69.50","e48b221f-ff12-4bc2-8353-00f7e502dd2f","2021-03-25 13:00:29.801"
"ALC","69.570","2","69.610","5","172","69.50","2c9b8070-2fa3-4a82-8a1d-e612d9b5248b","2021-03-25 13:00:29.801"
"ALC","69.550","1","69.600","1","172","69.50","bd3604ca-ee11-499f-8c33-0c2fc93fd9d0","2021-03-25 13:00:29.801"
"ALC","69.470","10","69.520","2","-172","69.52","a6b4c171-e1e5-4b85-82a2-f51b7459b31b","2021-03-25 13:00:54.636"
"ALC","69.470","10","69.520","2","-172","69.52","8abe4e74-b633-43a5-9883-d5257d9d886d","2021-03-25 13:00:54.636"
"ALC","69.470","10","69.520","2","-172","69.52","d09d1c0c-83b8-42d8-a1fe-ab360313fd87","2021-03-25 13:00:54.636"
"ALC","69.470","10","69.520","2","-172","69.52","36646c4e-71e2-41cf-9859-f06a6f624ee8","2021-03-25 13:00:54.636"
"ALC","69.470","10","69.520","2","-172","69.52","bf292162-3c4a-4ed9-a1cb-76e63bfce482","2021-03-25 13:00:54.636"
"ALC","69.500","4","69.560","4","-172","69.56","ec4534da-e7a6-4c5b-8188-902256c33041","2021-03-25 13:07:03.975"
"ALC","69.500","4","69.560","4","-172","69.56","ca597861-69b2-43d9-83e2-356b1c0b03cc","2021-03-25 13:07:03.975"
"ALC","69.500","4","69.560","4","-172","69.56","99fab74a-3eb2-45b1-96a3-e4b2612ff5ef","2021-03-25 13:07:03.975"
"ALC","69.500","1","69.560","4","-172","69.56","f5da5ccc-3d7b-4bf4-acf6-003ee029411d","2021-03-25 13:07:03.975"
"ALC","69.500","1","69.560","4","-172","69.56","bc6d3375-61c4-4581-91ab-5776f85a2747","2021-03-25 13:07:03.975"
"ALC","69.570","2","69.620","4","172","69.56","661b30c0-1ceb-4fce-8343-3d504be51b74","2021-03-25 13:16:03.165"
"ALC","69.570","2","69.620","4","172","69.56","bf38913d-27e9-48b5-9ca6-7b318efca133","2021-03-25 13:16:03.165"
"ALC","69.640","2","69.680","2","172","69.56","fd8dd0bf-4b68-48b5-a6af-3ef16c21c6da","2021-03-25 13:16:03.165"
"ALC","69.580","5","69.640","2","172","69.56","873bf953-5f8c-43a5-8310-e44323bdef90","2021-03-25 13:16:03.165"
"ALC","69.580","5","69.640","2","172","69.56","f0c5114f-f7fe-4068-92d1-8c25abc35295","2021-03-25 13:16:03.165"
"ALC","69.580","5","69.640","2","172","69.56","31e76360-99e0-4730-aec6-8354d107e41c","2021-03-25 13:16:03.165"
"ALC","69.580","5","69.640","2","172","69.56","8bf3b9d0-59a9-4757-96b3-debe88e5c764","2021-03-25 13:16:03.165"
"ALC","69.590","5","69.640","2","172","69.56","e056a11d-b82f-428a-876f-68ae17c43303","2021-03-25 13:16:03.165"
"ALC","69.590","4","69.640","2","172","69.56","d3c9cd14-e418-46ae-87cf-3b7b99672414","2021-03-25 13:16:03.165"
"ALC","69.590","4","69.630","1","172","69.56","eed6ee26-54c3-4673-b4d3-0801ba9236a0","2021-03-25 13:16:03.165"
"ALC","69.630","1","69.680","1","172","69.56","f8ae73e8-255d-4501-8ab3-2123bd5d20d1","2021-03-25 13:16:03.165"
"ALC","69.630","1","69.680","1","172","69.56","bd8d2940-6995-4a38-99a9-4bc013f4f2c9","2021-03-25 13:16:03.165"
"ALC","69.630","2","69.680","1","172","69.56","3e61af80-83b3-4caf-85f5-184ef63412c5","2021-03-25 13:16:03.165"
"ALC","69.600","8","69.660","2","172","69.54","66a60f7b-d4e7-4d33-8770-51d30ce467c9","2021-03-25 13:16:12.098"
"ALC","69.600","6","69.650","5","172","69.54","e88279d3-7fe1-458f-b0df-4325419cd928","2021-03-25 13:16:12.098"
"ALC","69.600","6","69.650","5","172","69.54","f68f1430-2b85-4faa-94d4-86e27bf484e1","2021-03-25 13:16:12.098"
"ALC","69.490","3","69.560","2","-172","69.56","626e7828-833f-447f-8944-bb8e3274b7be","2021-03-25 13:20:04.327"
"ALC","69.490","3","69.560","2","-172","69.56","e929a804-c7b2-4dea-8b30-c320b3b9424f","2021-03-25 13:20:04.327"
"ALC","69.490","3","69.560","2","-172","69.56","91515b49-3a3b-4a13-9d1f-8df319e5cf58","2021-03-25 13:20:04.327"
"ALC","69.490","3","69.560","2","-172","69.56","771cee3e-5a16-4927-8ce1-23d8d7ee3d9b","2021-03-25 13:20:04.327"
"ALC","69.490","3","69.560","2","-172","69.56","347c1897-1902-4619-ba9f-7c809dc9ca12","2021-03-25 13:20:04.327"
"ALC","69.490","3","69.560","2","-172","69.56","ff9f9554-55f7-4819-8093-6d1bab51a1c2","2021-03-25 13:20:04.327"
"ALC","69.490","3","69.560","2","-172","69.56","0354fcff-7904-458e-83e2-954d5cead6c3","2021-03-25 13:20:04.327"
"ALC","69.490","3","69.560","2","-172","69.56","436652c4-ef6e-468c-b79d-c2da3ef9d7ff","2021-03-25 13:20:04.327"
"ALC","69.490","3","69.560","2","-172","69.56","63a82031-c36b-48fd-b0f9-d5cb0f55655a","2021-03-25 13:20:04.327"
"ALC","69.490","3","69.560","2","-172","69.56","388907c6-a97b-40a6-8029-daa62c2d2dab","2021-03-25 13:20:04.327"
"ALC","69.490","3","69.560","2","-172","69.56","c0a82e56-628e-400b-9b35-475f8f2cf925","2021-03-25 13:20:04.327"
"ALC","69.490","3","69.560","2","-172","69.56","9776c8cc-5e33-4233-b56b-102f43322c9b","2021-03-25 13:20:04.327"
"ALC","69.470","4","69.540","1","-172","69.56","84277cec-46fe-48e3-84f2-5ff537f7d413","2021-03-25 13:20:04.327"
"ALC","69.470","4","69.540","1","-172","69.56","26cc10f8-debb-438b-9900-509ace0d48f2","2021-03-25 13:20:04.327"
"ALC","69.460","3","69.540","5","-172","69.56","5fe41a33-5117-41a5-b223-b2947214f00d","2021-03-25 13:20:04.327"
"ALC","69.460","3","69.540","5","-172","69.56","82b53bba-886e-488d-a88f-a8a4bb283b94","2021-03-25 13:20:04.327"
"ALC","69.450","1","69.490","1","172","69.49","fdc100f8-5705-4688-9037-57fe2e418fac","2021-03-25 13:30:10.006"
"ALC","69.490","1","69.530","1","-172","69.53","c3a951a2-7c9d-484d-a08c-67db688da2fc","2021-03-25 13:31:48.148"
"ALC","69.560","4","69.580","1","172","69.52","26784019-ae9a-4eed-a648-05f3bd8c5d9e","2021-03-25 13:34:30.040"
"ALC","69.410","1","69.440","3","-172","69.44","83e1ffb8-bccf-4fd0-a534-1b02c614a404","2021-03-25 13:36:41.475"
"ALC","69.530","3","69.600","2","172","69.37","9fa76530-b449-4dda-bc0f-94febff397da","2021-03-25 13:37:27.697"
"ALC","69.530","3","69.600","2","172","69.37","60691298-a56d-4e08-a28f-7439b3b8062e","2021-03-25 13:37:27.697"
"ALC","69.530","3","69.600","2","172","69.37","10434c55-f127-4670-b873-023a54d12f91","2021-03-25 13:37:27.697"
"ALC","69.530","1","69.600","5","172","69.37","4c865cc3-87e9-466c-bdd1-eef59be63a1e","2021-03-25 13:37:27.697"
"ALC","69.530","1","69.600","5","172","69.37","10119fee-66ae-43e8-84e5-4b92a9807cd4","2021-03-25 13:37:27.697"
"ALC","69.450","3","69.530","7","172","69.37","3a3f6eba-ed06-4fb8-a614-7893d97014e9","2021-03-25 13:37:27.697"
"ALC","69.450","3","69.530","7","172","69.37","7b100d03-63e0-4728-9e97-fdf39eeec44a","2021-03-25 13:37:27.697"
"ALC","69.450","1","69.530","7","172","69.37","93c6af83-f194-4ed2-83f7-2e96581f5bf4","2021-03-25 13:37:27.697"
"ALC","69.330","1","69.390","3","-172","69.39","327651e7-df6a-490f-b762-1fc9258895f6","2021-03-25 13:37:58.674"
"ALC","69.330","1","69.390","3","-172","69.39","a5246b61-3c83-4430-8eb4-c6441f20e46b","2021-03-25 13:37:58.674"
"ALC","69.330","1","69.390","3","-172","69.39","ac30188f-eebe-4ab6-b904-add144b9a180","2021-03-25 13:37:58.674"
"ALC","69.330","1","69.390","3","-172","69.39","81df6e6e-0144-43e5-a643-c1d47bbc08ed","2021-03-25 13:37:58.674"
"ALC","69.340","1","69.390","3","-172","69.39","adee9972-7f6a-41d1-b4ce-ff2fa18101e1","2021-03-25 13:38:15.250"
"ALC","69.360","3","69.390","1","-172","69.39","6c95967a-92c0-4085-b2d5-f633a7ab597c","2021-03-25 13:39:35.093"
"ALC","69.400","4","69.450","1","-172","69.45","c1a33d0c-b628-47ca-9c7c-a9b18c6968e1","2021-03-25 13:39:41.017"
"ALC","69.390","1","69.450","4","-172","69.45","f740d303-ddf8-4133-964e-b270e9aad243","2021-03-25 13:40:15.810"
"ALC","69.480","3","69.510","1","172","69.45","f9cbf0f3-80b8-4d3c-beae-a29b15183dbc","2021-03-25 13:47:29.029"
"ALC","69.480","3","69.510","1","172","69.45","70f9c4a2-fe37-4c77-81d5-f4b8cb94f89d","2021-03-25 13:47:29.029"
"ALC","69.470","1","69.510","4","172","69.45","762fde8e-8c83-4683-b1da-15740578c732","2021-03-25 13:47:29.029"
"ALC","69.450","1","69.510","4","172","69.45","7a8dc8e6-6356-48e1-84e4-16b4ae3dd001","2021-03-25 13:47:29.029"
"ALC","69.450","2","69.500","4","172","69.45","3252f5a4-26af-4291-b700-c517e51e32de","2021-03-25 13:47:29.029"
"ALC","69.380","2","69.410","4","-172","69.41","770b43a5-48fd-4385-a977-5f9a5cfe2c44","2021-03-25 13:48:34.069"
"ALC","69.400","4","69.450","2","-172","69.45","c1692188-471b-4e7a-81ef-a01267de2fec","2021-03-25 13:49:12.184"
"ALC","69.400","4","69.450","2","-172","69.45","438a013d-fe42-4b52-8af8-670d607f41a0","2021-03-25 13:49:12.184"
"ALC","69.400","4","69.450","2","-172","69.45","d265ecfb-e092-4ffe-aece-2ab441b9ea39","2021-03-25 13:49:12.184"
"ALC","69.400","4","69.450","2","-172","69.45","7671d27d-5239-44b5-a98c-4939d0648abf","2021-03-25 13:49:12.184"
"ALC","69.260","3","69.290","2","173","69.24","355daaff-5da0-4a5d-bfa4-4d7a79626f4e","2021-03-25 14:29:17.447"
"ALC","69.290","1","69.310","4","173","69.24","794d7466-de46-4f3c-bf11-e8e1581e6460","2021-03-25 14:29:17.447"
"ALC","69.290","1","69.310","4","173","69.24","abc4d32c-000e-4934-967b-18b89c55efbd","2021-03-25 14:29:17.447"
"ALC","69.270","2","69.330","2","173","69.23","602aeb15-53de-446e-8622-70226239c571","2021-03-25 14:29:17.716"
"ALC","69.270","2","69.330","2","173","69.23","c2c93a1d-c455-4faa-b243-3010b8efe2c9","2021-03-25 14:29:17.716"
"ALC","69.260","3","69.310","4","173","69.23","a95ebed2-51b2-435b-b0c9-42d71c8d7403","2021-03-25 14:29:17.716"
"ALC","69.260","3","69.310","2","173","69.23","7e048a80-07e2-4977-b1b3-249c54a6f7c9","2021-03-25 14:29:17.716"
"ALC","69.300","2","69.320","1","173","69.23","0fe0ee34-cce4-4364-9f6f-5ac0b78ab6b4","2021-03-25 14:29:17.716"
"ALC","69.300","2","69.320","1","173","69.23","f0e7800e-0740-4106-88c5-4c73b1cc1030","2021-03-25 14:29:17.716"
"ALC","69.290","4","69.320","1","173","69.23","387df20c-0e55-444e-b345-8a5ee72d9f7e","2021-03-25 14:29:17.716"
"ALC","69.320","2","69.360","4","173","69.23","df54dfd9-e440-4d89-9169-f53211ac74db","2021-03-25 14:29:17.716"
"ALC","69.280","1","69.330","4","173","69.23","cce8ee2e-8111-4c94-a623-df32fa18299d","2021-03-25 14:29:17.716"
"ALC","69.260","1","69.310","2","173","69.20","6bcf8322-bc69-4d45-ab07-f8c3bc751dec","2021-03-25 14:29:32.836"
"ALC","69.210","3","69.240","1","-173","69.24","2113cb47-2a49-4f52-a0f9-a7f1fc02ee95","2021-03-25 14:29:56.557"
"ALC","69.210","3","69.240","1","-173","69.24","ef2963ed-0c36-477d-8076-66481978eb18","2021-03-25 14:29:56.557"
"ALC","69.210","3","69.240","1","-173","69.24","ac6ca978-774d-429d-aaa5-3c1bd1a79e43","2021-03-25 14:29:56.557"
"ALC","69.210","3","69.240","1","-173","69.24","bebcf8ed-7ad9-4a0c-8f2c-e0a72f1c0d76","2021-03-25 14:29:56.557"
"ALC","69.210","3","69.240","1","-173","69.24","26029794-c9e4-4f03-be8a-ddb5c1976300","2021-03-25 14:29:56.557"
"ALC","69.210","3","69.240","1","-173","69.24","aecb2fd8-5429-4f62-8885-550f6f7f07fc","2021-03-25 14:29:56.557"
"ALC","69.210","3","69.240","1","-173","69.24","89e2fdca-70fe-4d49-a493-92f1317ade3c","2021-03-25 14:29:56.557"
"ALC","69.210","3","69.240","1","-173","69.24","d52e4e21-d19b-4c6d-b310-34265ec98eca","2021-03-25 14:29:56.557"
"ALC","69.210","3","69.240","1","-173","69.24","86553b21-205e-4c6c-bbdd-1a4ef35b792b","2021-03-25 14:29:56.557"
"ALC","69.210","3","69.240","1","-173","69.24","81702542-5a07-4be9-bf1e-c5c2a45d2a6d","2021-03-25 14:29:56.557"
"ALC","69.200","2","69.240","3","-173","69.24","5b7f92bd-0943-403c-8355-783f67bad6bf","2021-03-25 14:30:00.202"
"ALC","69.200","2","69.240","3","-173","69.24","ea6fbafc-d902-42ed-a964-42057ebd28de","2021-03-25 14:30:00.202"
"ALC","69.220","1","69.250","2","-173","69.25","e53f7fcf-655e-40fe-8c9a-3a38e2160ed1","2021-03-25 14:30:10.433"
"ALC","69.480","1","69.510","2","172","69.43","b05dbd42-85f8-4e82-ba08-a1c301f284c1","2021-03-25 15:10:32.882"
"ALC","69.500","5","69.520","2","172","69.43","9f077ad5-2cda-48c6-8da9-60686138dc77","2021-03-25 15:10:32.882"
"ALC","69.480","5","69.520","4","172","69.43","9a30deea-1627-4791-b506-c44631ea05b6","2021-03-25 15:10:32.882"
"ALC","69.480","5","69.520","3","172","69.43","35777759-79d5-4f25-9b44-d2402ead737a","2021-03-25 15:10:32.882"
"ALC","69.510","1","69.570","4","172","69.42","17bd3993-d89c-4df9-b7e0-ccbc2319bf88","2021-03-25 15:11:09.080"
"ALC","69.510","1","69.570","4","172","69.42","281a48be-ca2b-4fb7-a936-d2dd821f0e38","2021-03-25 15:11:09.080"
"ALC","69.510","4","69.550","2","172","69.42","88de588f-086e-4880-bcd8-e62417e32dd1","2021-03-25 15:11:09.080"
"ALC","69.510","4","69.550","2","172","69.42","ccb2af45-053b-4e8a-b635-84b30122e4ce","2021-03-25 15:11:09.080"
"ALC","69.480","2","69.510","4","172","69.42","6b1451f2-1a1e-433a-9d7a-4acc9a1c0b90","2021-03-25 15:11:09.080"
"ALC","69.430","2","69.450","2","-172","69.45","e7aa5417-31a4-4dab-a6a3-f1a768befdf4","2021-03-25 15:11:43.658"
"ALC","69.430","2","69.450","2","-172","69.45","e4cf7680-5980-4f29-9c3e-7e22fa6ebaa9","2021-03-25 15:11:43.658"
"ALC","69.430","2","69.450","2","-172","69.45","84d50baa-bd11-4ba9-80f4-49eaf3d6a344","2021-03-25 15:11:43.658"
"ALC","69.430","2","69.450","2","-172","69.45","bf4433c6-6f35-413c-833f-db4a18346db3","2021-03-25 15:11:43.658"
"ALC","69.430","2","69.450","2","-172","69.45","b137284c-354b-46cf-b036-ec567835c3eb","2021-03-25 15:11:43.658"
"ALC","69.430","2","69.450","2","-172","69.45","335bc1b2-70c4-48b9-85fe-f58a88c0d181","2021-03-25 15:11:43.658"
"ALC","69.430","2","69.450","2","-172","69.45","93b6fe5e-d8c3-4ac9-890c-a825be0757f4","2021-03-25 15:11:43.658"
"ALC","69.420","7","69.450","2","-172","69.45","c0273efa-1f9c-4167-a784-1349e5b680ef","2021-03-25 15:11:43.658"
"ALC","69.420","7","69.450","2","-172","69.45","6e3c364f-bbb7-4a4f-ac78-43af5a597416","2021-03-25 15:11:54.412"
"ALC","69.540","4","69.590","5","172","69.52","ebf27e0c-34d5-42fb-bc57-ab49eb69c6d6","2021-03-25 15:23:49.008"
"ALC","69.530","2","69.570","4","172","69.52","f25eb30d-06a3-4bbb-9c8b-f113b1842786","2021-03-25 15:23:49.008"
"ALC","69.550","2","69.590","3","172","69.51","fbc8a382-5d7e-4113-9e20-5cb2a0598e0e","2021-03-25 15:23:51.817"
"ALC","69.550","4","69.590","3","172","69.51","9d599f6f-7bec-4c8e-a1e2-1b4b5fe525fa","2021-03-25 15:23:51.817"
"ALC","69.550","3","69.590","4","172","69.51","97c4afd0-f00f-458b-a347-6ebc0e13a379","2021-03-25 15:23:51.817"
"ALC","69.540","4","69.580","3","172","69.51","53fc13a7-5d07-40a0-868e-26c2b6970bfd","2021-03-25 15:23:51.817"
"ALC","69.540","2","69.550","1","172","69.47","0311d6cf-c170-448b-827d-dbe390af4b2b","2021-03-25 15:24:12.121"
"ALC","69.560","2","69.590","1","172","69.47","91a3a966-0998-4d21-a119-e1680668929c","2021-03-25 15:24:12.121"
"ALC","69.500","1","69.540","1","-172","69.54","aa830b82-bf10-4589-8dfc-84202dc08666","2021-03-25 15:27:19.153"
"ALC","69.530","3","69.560","2","-172","69.56","b818b32e-1a1b-46a7-b2c4-f19378548387","2021-03-25 15:28:15.793"
"ALC","69.530","3","69.560","2","-172","69.56","a1a1c612-29cf-491e-a0ae-abc8262c595b","2021-03-25 15:28:15.793"
"ALC","69.530","3","69.560","2","-172","69.56","b4a4b4cb-76b6-4cba-a11d-a319865b5a64","2021-03-25 15:28:15.793"
"ALC","69.540","4","69.570","1","-172","69.57","90e9590c-9dca-43bc-91d4-78341ef4015f","2021-03-25 15:28:29.208"
"ALC","69.540","4","69.570","1","-172","69.57","7f8ab3e7-d385-4801-92ea-1017c0edc72a","2021-03-25 15:28:29.208"
"ALC","69.560","2","69.590","1","-172","69.59","03b61352-f868-4d5c-ba4d-1f50a36d8b96","2021-03-25 15:29:36.388"
"ALC","69.500","4","69.520","3","-172","69.50","41de67b8-0510-4e97-8bc0-3923920c306d","2021-03-25 15:48:00.006"
"AEE","81.130","1","81.210","1","148","80.89","fc2f7be7-dff3-459b-8442-7848c9293d99","2021-03-25 10:02:55.492"
"AEE","81.130","1","81.210","1","148","80.89","ab532200-7d1b-40c1-ac27-704c5401af10","2021-03-25 10:02:55.492"
"AEE","81.110","1","81.240","1","148","80.89","46ee42f1-093b-4f12-9575-31d2af24d4bd","2021-03-25 10:02:55.492"
"AEE","81.100","2","81.240","1","148","80.89","d66cd7d3-44c0-4b75-9b96-5eb6459eda0a","2021-03-25 10:02:55.492"
"AEE","81.100","2","81.240","1","148","80.89","fccf5864-292a-4e9c-8498-8c0d3f879abf","2021-03-25 10:02:55.492"
"AEE","81.100","4","81.200","1","148","80.89","4995a8c4-f55e-400f-8b96-7bad87fbc81e","2021-03-25 10:02:55.492"
"AEE","81.060","2","81.150","1","148","80.89","9e882833-87c3-4c46-8e00-7ddbf1bc7f09","2021-03-25 10:02:55.492"
"AEE","80.830","3","80.940","2","-148","80.95","a463b1df-3c0f-4146-bb45-ff4289e557a0","2021-03-25 10:04:02.925"
"AEE","80.830","3","80.940","2","-148","80.95","11b8bc16-c839-44f3-9098-a9eef13c5b21","2021-03-25 10:04:02.925"
"AEE","80.830","3","80.940","2","-148","80.95","72df2cc7-d30f-402f-b3c3-81b7f570d28d","2021-03-25 10:04:02.925"
"AEE","80.860","5","80.950","1","-148","80.96","c8947421-ea51-4f32-ad0c-1774fd24bfa8","2021-03-25 10:04:35.833"
"AEE","80.840","1","80.930","3","-148","80.96","fb388954-9e83-44c7-ab10-d0d7ded1d0a7","2021-03-25 10:04:35.833"
"AEE","80.930","1","80.990","2","-148","81.01","02cd7e0b-71dc-436d-82f6-b94a59340c7d","2021-03-25 10:04:46.216"
"AEE","80.930","1","80.990","2","-148","81.01","74dcfbae-34e2-4c67-acb3-8be41ea7836b","2021-03-25 10:04:46.216"
"AEE","82.180","1","82.230","1","146","82.14","5068a01b-5066-44ff-95a3-7d91be2b05a2","2021-03-25 11:28:04.026"
"AEE","82.210","4","82.250","3","146","82.14","8a4dbe32-1b1b-4085-8c2e-3e90e97383b5","2021-03-25 11:28:04.026"
"AEE","82.220","1","82.260","1","146","82.14","6bbd00b1-d4c0-4c30-8a91-a8c19a11b1cd","2021-03-25 11:28:04.026"
"AEE","82.290","4","82.370","1","146","82.14","d61331fc-146f-410a-b529-87bfcbd9ec6c","2021-03-25 11:28:04.026"
"AEE","82.150","4","82.230","6","146","82.06","2819edcc-dcc9-4626-8e82-132e568362f8","2021-03-25 11:33:21.738"
"AEE","82.120","3","82.180","1","146","82.06","3cd3af13-dda8-46ab-8ce7-ccaa995716a0","2021-03-25 11:33:21.738"
"AEE","82.120","3","82.180","1","146","82.06","14c1de2f-4641-4753-a04d-82015509d135","2021-03-25 11:33:21.738"
"AEE","82.140","1","82.190","1","146","82.06","929551a4-9a63-4d7a-9b70-0b400e2227a5","2021-03-25 11:33:21.738"
"AEE","82.160","3","82.230","1","146","82.06","1dd305a5-8be0-46ae-b476-cf11c03dfebe","2021-03-25 11:33:21.738"
"AEE","82.160","4","82.230","1","146","82.06","0d2feb97-bda5-41f0-8048-ed59eeb0eb45","2021-03-25 11:33:21.738"
"AEE","82.160","4","82.230","1","146","82.06","a4669f55-88fe-44a0-bd4f-879191872956","2021-03-25 11:33:21.738"
"AEE","82.170","4","82.230","3","146","82.06","a1357d8b-503f-4136-9553-fd9e742513e1","2021-03-25 11:33:21.738"
"AEE","82.170","4","82.230","3","146","82.06","9258ede0-e97a-409a-acc6-1f0f875bef0e","2021-03-25 11:33:21.738"
"AEE","82.020","1","82.070","4","-146","82.08","b88eb109-730a-4551-bf21-08f867f25ce7","2021-03-25 11:34:01.300"
"AEE","82.020","1","82.070","4","-146","82.08","8d6ae323-9c3b-4866-9ad7-bd10dcd3dfc6","2021-03-25 11:34:01.300"
"AEE","82.020","1","82.070","4","-146","82.08","1c38154a-8983-4ed0-bb4c-b9c63505c4e2","2021-03-25 11:34:01.300"
"AEE","82.020","1","82.070","4","-146","82.08","4419e0ee-466b-4722-82aa-7f4d861458be","2021-03-25 11:34:01.300"
"AEE","82.020","1","82.070","4","-146","82.08","431441d1-0f42-4ea2-a2e3-ffbca41e9ed7","2021-03-25 11:34:01.300"
"AEE","82.020","1","82.070","4","-146","82.08","4bc91f09-3b9e-48c7-85f0-71e7f5fb93b4","2021-03-25 11:34:01.300"
"AEE","82.020","1","82.070","4","-146","82.08","f9a619c5-018c-4dbf-aa9a-090472875276","2021-03-25 11:34:01.300"
"AEE","82.200","1","82.240","1","146","81.97","4166548b-dd3c-486e-bd57-d302400bc7a4","2021-03-25 11:34:59.417"
"AEE","81.990","1","82.050","6","-146","82.05","a71a270d-e123-4cf6-91d6-1c5ae0e6cf5a","2021-03-25 11:35:01.618"
"AEE","82.040","4","82.090","5","-146","82.09","4712ae80-5c05-4858-9c1a-37d4a5fb9de5","2021-03-25 11:35:50.321"
"AEE","82.040","4","82.090","5","-146","82.09","591b052e-51fa-4991-a575-7fd60bace6a7","2021-03-25 11:35:50.321"
"AEE","82.040","4","82.090","5","-146","82.09","9d1f0c1a-688f-436d-a3f3-f779d8fe147b","2021-03-25 11:35:50.321"
"AEE","82.040","4","82.100","3","-146","82.10","132d9a39-4eb7-4e99-b2e7-4740127771fa","2021-03-25 11:35:51.019"
"AEE","82.040","4","82.100","3","-146","82.10","9ad5478b-7ea6-4b1f-8aee-6840883a0462","2021-03-25 11:35:51.019"
"AEE","82.060","3","82.100","1","-146","82.10","dc74d896-88a1-42ca-ac92-a385c8a59521","2021-03-25 11:36:11.886"
"AEE","81.930","1","82.010","4","146","81.99","65bd8449-45af-4756-bea5-32bcba92f367","2021-03-25 11:56:06.113"
"AEE","81.850","1","81.900","1","-146","81.90","d8b7aa7c-7b1c-44e1-a5be-8c50e3b36fa5","2021-03-25 12:04:12.766"
"AEE","81.860","5","81.920","2","146","81.80","c769d714-4b23-45c5-896d-2cc849f99a09","2021-03-25 12:28:22.416"
"AEE","81.860","5","81.920","2","146","81.80","e4a6d821-83db-4afe-bb95-0a0e001275eb","2021-03-25 12:28:22.416"
"AEE","81.940","3","81.980","3","146","81.79","f1b5e21c-f238-4a04-9ab1-be13578eef05","2021-03-25 12:30:18.357"
"AEE","81.960","4","82.020","6","146","81.79","6137ce41-906b-4a6e-a665-739127e517bd","2021-03-25 12:30:18.357"
"AEE","81.950","1","81.980","1","146","81.79","d804866c-303e-44c2-b5e7-8b8b5f6ab817","2021-03-25 12:30:18.357"
"AEE","81.950","3","82.000","2","146","81.79","07e13330-70be-4c64-b9ef-b06bd510e194","2021-03-25 12:30:18.357"
"AEE","81.960","3","82.010","1","146","81.79","7ef1fece-f3f5-4f04-b9d9-ec62bffccd47","2021-03-25 12:30:18.357"
"AEE","81.940","1","81.990","4","146","81.79","78d338c4-427a-47d8-970a-0bd6d444b0f3","2021-03-25 12:30:18.357"
"AEE","81.940","1","82.000","6","146","81.79","95591f5d-e76f-496c-a903-53d48215a8d2","2021-03-25 12:30:18.357"
"AEE","81.940","1","82.000","6","146","81.79","2be80258-62af-418a-815a-d6b8c99869ec","2021-03-25 12:30:18.357"
"AEE","81.800","1","81.840","6","-146","81.84","11e52979-727b-477f-abd9-f0ad8b6e9e59","2021-03-25 12:31:37.767"
"AEE","81.800","1","81.840","6","-146","81.84","d9a2a206-1cad-4587-bcc8-c4cd8ee96545","2021-03-25 12:31:37.767"
"AEE","81.800","1","81.840","6","-146","81.84","2bddf62c-cb7e-4c55-99ea-72fb9b3b8919","2021-03-25 12:31:37.767"
"AEE","81.800","1","81.840","6","-146","81.84","a196fd56-5827-4059-8dc3-5cf8b6ec46dc","2021-03-25 12:31:37.767"
"AEE","81.800","1","81.840","6","-146","81.84","d7929a40-4793-40f4-a32f-d3bcaabdf50b","2021-03-25 12:31:37.767"
"AEE","81.800","1","81.830","4","-146","81.84","393ec63c-cf06-4e8f-a413-11672282feb0","2021-03-25 12:31:37.767"
"AEE","81.800","1","81.830","4","-146","81.84","9800c332-3ed5-44ae-ab86-fa059858c59c","2021-03-25 12:31:37.767"
"AEE","81.800","1","81.830","4","-146","81.84","82efcd62-1ff4-41fe-b44d-b36419af9d34","2021-03-25 12:31:37.767"
"AEE","81.800","1","81.840","4","-146","81.84","884050a8-9775-4007-85d0-087856b33eea","2021-03-25 12:31:37.767"
"AEE","81.820","2","81.870","6","-146","81.87","35400fb1-b401-44b4-8afb-963ee7fe7677","2021-03-25 12:31:45.015"
"AEE","81.760","4","81.840","3","146","81.77","297df0a6-1eed-4e8d-9714-9948b3541ef5","2021-03-25 13:17:45.807"
"AEE","81.760","4","81.840","3","146","81.77","e168a1f3-7c14-4fee-a733-549f74d9053e","2021-03-25 13:17:45.807"
"AEE","81.770","1","81.830","13","146","81.70","ee02a7ed-c15f-4b25-84d7-1b9635378c6c","2021-03-25 13:19:21.367"
"AEE","81.760","1","81.830","12","146","81.70","56d35890-1147-4c61-b2e9-d8d9edb1d8a5","2021-03-25 13:19:21.367"
"AEE","81.790","4","81.830","10","146","81.70","572233db-4a81-44de-9ffd-e410ded46128","2021-03-25 13:19:21.367"
"AEE","81.790","1","81.830","11","146","81.70","926154e3-ecea-47e4-b57c-be985f9e5f49","2021-03-25 13:19:21.367"
"AEE","81.790","1","81.830","11","146","81.70","36a7a621-1019-4515-bbe9-e3afc6dca360","2021-03-25 13:19:21.367"
"AEE","81.680","2","81.730","5","-146","81.74","0af059df-01c5-48dd-a019-e89878f433f9","2021-03-25 13:19:57.326"
"AEE","81.680","2","81.730","5","-146","81.74","8271d6e8-34bc-449f-a548-fb1708bb6779","2021-03-25 13:19:57.326"
"AEE","81.700","1","81.730","4","-146","81.73","d9124d92-8782-4fe6-9781-e28c227ab13c","2021-03-25 13:20:01.615"
"AEE","81.710","4","81.740","10","-146","81.74","aca48a5d-61e3-4a54-a60f-a8676b490f64","2021-03-25 13:20:11.146"
"AEE","81.710","4","81.740","10","-146","81.74","1dd2f1e6-3d37-4022-a935-38c0d8e4f268","2021-03-25 13:20:11.146"
"AEE","81.710","4","81.740","10","-146","81.74","d2eaf0ec-cc28-4b6e-b5d6-9eddccd84ec9","2021-03-25 13:20:11.146"
"AEE","81.710","4","81.740","10","-146","81.74","ef45b967-36e3-417e-aede-2de44a05ee0d","2021-03-25 13:20:11.146"
"AEE","82.040","1","82.090","1","146","81.68","8ee4283d-fd7d-49f4-9f37-98d426690cc3","2021-03-25 13:20:42.801"
"AEE","81.790","1","81.840","2","146","81.67","3532ef68-2bf9-4a5a-aa75-17c9cf44b26c","2021-03-25 13:22:49.571"
"AEE","81.770","1","81.830","2","146","81.67","77728096-1d69-48f9-a3f6-05b8447a32ad","2021-03-25 13:22:49.571"
"AEE","81.750","5","81.820","1","146","81.67","6ef2176b-3d36-4e81-bb7f-225c811a52ff","2021-03-25 13:22:49.571"
"AEE","81.770","1","81.830","1","146","81.67","bd496170-acdb-4b2f-b367-daec2eccbe06","2021-03-25 13:22:49.571"
"AEE","81.690","1","81.720","1","-146","81.72","b45b538e-4230-499e-82ad-3837766dd676","2021-03-25 13:23:29.772"
"AEE","81.690","1","81.720","1","-146","81.72","c2825ebc-6f10-47f3-89c4-33300e82c194","2021-03-25 13:23:29.772"
"AEE","81.690","1","81.720","1","-146","81.72","13e65802-188d-433e-a22c-a4a5d7c183be","2021-03-25 13:23:29.772"
"AEE","81.660","3","81.710","4","-146","81.71","b42afc44-ac29-48d1-a0aa-43d0685e94b1","2021-03-25 13:23:45.327"
"AEE","81.720","1","81.740","1","-146","81.74","fbd53bc6-ae87-48df-8413-f24d6d2dde07","2021-03-25 13:24:01.016"
"AEE","81.880","1","81.910","1","146","81.74","f7f41ac8-0dcb-4afa-a45f-9b5366a99074","2021-03-25 13:52:48.049"
"AEE","81.830","5","81.880","1","146","81.73","ffc15a62-e987-4a92-80bb-9bac81fb96c8","2021-03-25 13:52:48.421"
"AEE","81.830","1","81.880","4","146","81.73","255dc99c-0f72-4e9d-8f9e-47719d97b24e","2021-03-25 13:52:48.421"
"AEE","81.880","1","81.910","2","146","81.70","b5b21655-60c5-485e-b154-dc14d157eac2","2021-03-25 13:52:59.162"
"AEE","81.860","3","81.880","1","146","81.70","abf3a710-4ff3-4a80-83ba-cfccaf7d40e4","2021-03-25 13:52:59.162"
"AEE","81.680","7","81.720","1","-146","81.72","62eccfc1-b6bc-485e-aac0-e22fb48cccca","2021-03-25 13:53:55.987"
"AEE","81.700","1","81.730","6","-146","81.74","7a8c305a-1377-4f9b-92a0-18f47e88bcf1","2021-03-25 13:54:12.047"
"AEE","81.700","1","81.730","6","-146","81.74","335d1ade-d7e6-4c40-9069-ba2d8a9ed6b9","2021-03-25 13:54:12.047"
"AEE","81.680","1","81.720","5","-146","81.72","acfdd8cd-1380-4f7f-baa5-a3f4cb5604d2","2021-03-25 13:57:19.331"
"AEE","81.690","10","81.730","4","-146","81.75","60fb03f5-71cd-4b2e-83f4-11c8436aadee","2021-03-25 13:59:30.106"
"AEE","81.820","2","81.850","4","146","81.65","9c1caa77-58c0-4042-9f03-2da4e3dc4a70","2021-03-25 14:07:43.437"
"AEE","81.850","1","81.890","3","146","81.65","0ccf00d3-db7c-4414-ad00-fe74a067a4f9","2021-03-25 14:07:43.437"
"AEE","81.870","4","81.910","2","146","81.65","349f0f05-3d77-46d4-9b01-3a531878d72a","2021-03-25 14:07:43.437"
"AEE","81.880","1","81.910","1","146","81.65","6400383d-3102-4cc9-987a-d1f666a09825","2021-03-25 14:07:43.437"
"AEE","81.870","1","81.910","3","146","81.65","0a638896-658d-4749-a0c6-818ea3e1a42f","2021-03-25 14:07:43.437"
"AEE","81.870","1","81.910","3","146","81.65","bcab92f3-6beb-42af-8186-c7814ba1dca7","2021-03-25 14:07:43.437"
"AEE","81.850","5","81.900","4","146","81.65","770ef52e-85f3-457d-b359-f9ae428fe33d","2021-03-25 14:07:43.437"
"AEE","81.870","4","81.900","1","146","81.65","0ff2e4ee-17e7-458f-8d46-b10d71565a4d","2021-03-25 14:07:43.437"
"AEE","81.660","1","81.690","3","-146","81.69","c42e5b19-ede1-41d7-87eb-3b5270127d9e","2021-03-25 14:09:00.623"
"AEE","81.660","1","81.690","3","-146","81.69","23acca96-3cbd-4cf4-8b9d-af9926dd2c1e","2021-03-25 14:09:00.623"
"AEE","81.660","1","81.690","3","-146","81.69","514a5f87-0aaf-4ada-8699-75dbd0a80298","2021-03-25 14:09:00.623"
"AEE","81.660","1","81.690","3","-146","81.69","35ea117b-c6d8-46a3-94e0-bd4a42ef1ad7","2021-03-25 14:09:00.623"
"AEE","81.670","1","81.690","1","-146","81.70","036abf2c-e91e-477d-a1fe-c3d4da42bcb7","2021-03-25 14:09:10.819"
"AEE","81.670","1","81.690","1","-146","81.70","83adbf47-42c5-4caa-ad7f-746504e334b0","2021-03-25 14:09:10.819"
"AEE","81.700","5","81.720","1","-146","81.72","e7140569-7dac-4b5b-90ba-e18ee3a6527b","2021-03-25 14:09:20.511"
"AEE","81.700","1","81.720","1","-146","81.73","4bb0d506-ddf6-4e55-a228-2c5c65ab10be","2021-03-25 14:09:39.361"
"AEE","81.680","4","81.710","1","146","81.71","67843316-3c52-4369-a2ee-45f70f853acc","2021-03-25 14:20:40.006"
"AEE","81.580","3","81.630","1","-146","81.63","5691c6e3-bdda-42f5-96ff-c4839cbdee22","2021-03-25 14:27:40.566"
"AEE","81.700","1","81.730","5","147","81.59","98d19d04-daa3-4323-ba31-acfc18dff2dc","2021-03-25 14:36:29.884"
"AEE","81.650","4","81.710","5","147","81.58","8469c8a9-be86-43bd-98b9-6f156760ae44","2021-03-25 14:36:44.064"
"AEE","81.640","6","81.690","2","147","81.56","7eb18fa1-6f77-4797-ba0c-bdcee2bc7651","2021-03-25 14:36:46.091"
"AEE","81.690","1","81.710","4","147","81.56","c4b86506-9587-4e9f-846b-ace2e0a9b8fb","2021-03-25 14:36:46.091"
"AEE","81.670","1","81.710","5","147","81.56","550249dc-3854-40f5-a8bb-9907d497eebc","2021-03-25 14:36:46.091"
"AEE","81.580","1","81.620","4","-147","81.62","da17f527-2dd2-472e-8bca-507542884e7f","2021-03-25 14:38:49.694"
"AEE","81.580","1","81.620","4","-147","81.62","8ed777e6-64ed-43ff-be93-a5375047bc4d","2021-03-25 14:38:49.694"
"AEE","81.590","1","81.650","5","-147","81.65","96efceb9-e47a-4b79-aa7d-f844cf6ab662","2021-03-25 14:39:58.471"
"AEE","81.610","3","81.650","1","-147","81.65","8ea729f3-8563-47b7-a45b-c68f63cc157d","2021-03-25 14:40:03.657"
"AEE","81.630","1","81.660","1","-147","81.66","f6b01d3b-f22d-4e78-9b02-e28cc107c9df","2021-03-25 14:40:10.392"
"AEE","81.750","4","81.790","4","146","81.71","6198673a-feb9-4567-bf1e-0186d103c9c5","2021-03-25 15:40:19.429"
"AEE","81.760","4","81.790","1","146","81.71","1814f9b3-ed55-471c-917b-d42b107db662","2021-03-25 15:40:19.429"
"AEE","81.770","1","81.790","1","146","81.71","be8e6adc-76c7-44e7-971b-a7e0e2528163","2021-03-25 15:40:19.429"
