"Symbol","Bid","Bid Sz","Ask","Ask Sz","Shares","Price","Order ID","Timestamp"
"AA","60.780","2","60.840","1","2","60.48","6b45d086-7e0f-4a39-b34c-6395fab5c66b","2022-02-03 10:09:42.667"
"AA","60.990","1","61.060","2","2","60.48","a7f0c74c-7f45-47d9-8900-410d6f432540","2022-02-03 10:09:42.667"
"AA","60.960","1","61.010","1","2","60.48","d9ef6342-6dd6-4eb0-a663-6c0559317573","2022-02-03 10:09:42.667"
"AA","60.840","3","60.920","2","2","60.48","ae444774-c061-4167-b885-963d41e9ee6e","2022-02-03 10:09:42.667"
"AA","60.670","3","60.730","3","2","60.45","80f8fae8-bce5-4b86-b5e7-f6357e0b33da","2022-02-03 10:09:42.745"
"AA","60.540","1","60.610","1","2","60.45","3bd33f50-707e-46d6-9ce5-f233a9418e7a","2022-02-03 10:09:42.745"
"AA","60.760","6","60.820","1","2","60.45","efd68bdf-1f2f-447d-832e-f59c613e8f7e","2022-02-03 10:09:42.745"
"AA","60.820","1","60.890","1","2","60.45","9a0c82e8-fecc-4f52-905c-daf89fc13b94","2022-02-03 10:09:42.745"
"AA","60.810","3","60.860","1","2","60.45","db6560b1-927d-448e-bd48-dbc070e5f946","2022-02-03 10:09:42.745"
"AA","60.830","1","60.880","1","2","60.45","be1dd301-53b3-46a3-9b66-ff92ccb4373d","2022-02-03 10:09:42.745"
"AA","60.830","1","60.890","3","2","60.45","a90ffeae-65fe-4470-866e-6bea4dee363d","2022-02-03 10:09:42.745"
"AA","60.810","1","60.870","3","2","60.45","9e8b2e55-173b-434c-b805-c34eac3511c3","2022-02-03 10:09:42.745"
"AA","60.830","2","60.880","1","2","60.45","5ffaed3b-6ced-4faf-b522-4701d4ca9a7f","2022-02-03 10:09:42.745"
"AA","60.820","3","60.880","2","2","60.45","3415d5f3-63dc-4165-8853-43ed951b8db5","2022-02-03 10:09:42.745"
"AA","60.770","1","60.830","3","2","60.45","9d331bea-8c33-4b8e-8750-c8bdb8d65ba0","2022-02-03 10:09:42.745"
"AA","60.500","1","60.550","3","-2","60.55","f7e8de21-849e-4741-bb0a-3e54fe0e0bb8","2022-02-03 10:10:12.961"
"AA","60.500","1","60.550","3","-2","60.55","765e0b29-f6a7-42e1-a321-4180dab654f2","2022-02-03 10:10:12.961"
"AA","60.500","1","60.550","3","-2","60.55","d1517a2a-892f-4444-b0c0-bd4d1240ec93","2022-02-03 10:10:12.961"
"AA","60.500","1","60.550","3","-2","60.55","46d22f9f-c867-4d21-a7a6-7705ce778db8","2022-02-03 10:10:12.961"
"AA","60.610","3","60.640","1","-2","60.64","26fe019e-0138-44ae-862a-1c138e09e2fe","2022-02-03 10:10:20.492"
"AA","60.610","3","60.640","1","-2","60.64","89ec7da8-3809-4359-b434-f7b84deeaeda","2022-02-03 10:10:20.492"
"AA","60.610","3","60.640","1","-2","60.64","4640c64e-0c25-4852-82f7-a43e7a85310b","2022-02-03 10:10:20.492"
"AA","60.610","3","60.640","1","-2","60.64","fd09612f-d862-4764-8d26-fde0aa64250e","2022-02-03 10:10:20.492"
"AA","60.610","3","60.640","1","-2","60.64","0f6fff9b-cdd0-4164-883b-eb0110a1364a","2022-02-03 10:10:20.492"
"AA","60.610","3","60.640","1","-2","60.64","18574b94-8aaa-4b12-a806-b3cabf503459","2022-02-03 10:10:20.492"
"AA","60.660","2","60.700","1","-2","60.70","58e1c9ae-fe8b-48f1-9c9c-0fd6ffcb579d","2022-02-03 10:10:49.600"
"AA","60.640","3","60.690","1","-2","60.69","e6626773-85bf-4940-b279-e389755ce845","2022-02-03 10:11:02.128"
"AA","60.710","1","60.750","2","-2","60.77","1e9dbdbe-f4e0-4389-8358-1ce65956e497","2022-02-03 10:11:11.748"
"AA","60.710","1","60.750","2","-2","60.77","8cc08320-9894-4df4-94a5-fe00cf1e3173","2022-02-03 10:11:11.748"
"AA","60.780","4","60.820","1","-2","60.82","f6e9ece2-8d02-4c93-a983-2e2770869a3c","2022-02-03 10:11:20.529"
"AA","62.350","2","62.380","4","2","62.15","957a0735-428b-4c8f-9c0e-6061ad25f7ee","2022-02-03 11:00:50.815"
"AA","62.420","3","62.440","1","2","62.10","a9ad4b01-7286-4425-983c-45450847a572","2022-02-03 11:00:55.731"
"AA","62.400","2","62.430","1","2","62.10","e78f988b-cd8a-4039-8f7e-88597674ee29","2022-02-03 11:00:55.731"
"AA","62.370","1","62.410","1","2","62.10","5a6bffbb-1603-4c32-b9c5-bd4a099c20ea","2022-02-03 11:00:55.731"
"AA","62.370","1","62.410","3","2","62.10","05b9ee0a-725f-4096-9393-0091ebda3c01","2022-02-03 11:00:55.731"
"AA","62.360","1","62.390","6","2","62.10","2e92f7b7-2d28-4801-b343-c9b7e9ff26a8","2022-02-03 11:00:55.731"
"AA","62.360","3","62.400","1","2","62.10","b85bf9f7-c6f0-450b-82a5-681b8598dc4e","2022-02-03 11:00:55.731"
"AA","62.370","6","62.400","1","2","62.10","1d6607c2-7f35-450c-9ec4-79c483142d8f","2022-02-03 11:00:55.731"
"AA","62.360","1","62.390","2","2","62.10","ca2c4283-bfae-4938-982c-bf54c5fb30b1","2022-02-03 11:00:55.731"
"AA","62.390","6","62.420","1","2","62.10","c4753437-2064-49b1-bf40-1e33e8c68a67","2022-02-03 11:00:55.731"
"AA","62.250","4","62.290","4","-2","62.29","02f63bb1-5b9d-449b-9b5b-eeac9b2e92ff","2022-02-03 11:01:10.432"
"AA","62.250","4","62.290","4","-2","62.29","95e52184-605f-4631-a4cf-df69d25aed11","2022-02-03 11:01:10.432"
"AA","62.250","4","62.290","4","-2","62.29","02cd6ecb-c214-4430-bca3-0360ad2e16a7","2022-02-03 11:01:10.432"
"AA","62.250","4","62.290","4","-2","62.29","5ef7d727-bf28-4b57-b1e6-d3b3f6c12276","2022-02-03 11:01:10.432"
"AA","62.250","4","62.290","4","-2","62.29","2717d6d4-c68d-4126-8526-63c35c9196e4","2022-02-03 11:01:10.432"
"AA","62.260","2","62.300","1","-2","62.30","717982fa-b292-4ddf-a7d0-6e56f8f8c8f2","2022-02-03 11:01:23.568"
"AA","62.260","2","62.300","1","-2","62.30","340db762-ef53-4c1c-b9d1-de2af09830bd","2022-02-03 11:01:23.568"
"AA","62.260","2","62.300","1","-2","62.30","1504f395-9ba1-4df2-9bd6-10167846badf","2022-02-03 11:01:23.568"
"AA","62.260","2","62.290","1","-2","62.29","111f6079-b59b-49b5-b9c3-c2ff15a41358","2022-02-03 11:01:36.143"
"AA","62.270","7","62.310","5","-2","62.31","bd6280ff-229f-444b-a54b-f361db09ad86","2022-02-03 11:01:41.065"
"AA","62.300","1","62.340","1","2","62.20","e1760d2e-b14e-486a-867c-46ac56a199fc","2022-02-03 11:10:17.433"
"AA","62.310","3","62.350","1","-2","62.35","d4c42fb8-f133-4c83-82a2-d76149958b9c","2022-02-03 11:10:50.657"
"AA","62.430","2","62.450","7","2","62.31","445d8340-e512-41bf-9f60-725423eb1e78","2022-02-03 11:17:11.773"
"AA","62.400","8","62.440","1","2","62.31","e86ea103-6068-4e99-a802-3b325ef91014","2022-02-03 11:17:11.773"
"AA","62.510","1","62.530","10","2","62.31","9a2995db-6443-47f9-8e98-dab0835695fd","2022-02-03 11:17:11.773"
"AA","62.360","3","62.400","5","2","62.25","6808af4f-624a-4100-8abe-63a4cc41825a","2022-02-03 11:17:17.563"
"AA","62.350","1","62.380","1","2","62.25","b4f6dcd1-f54d-47dc-b489-590dab851ccd","2022-02-03 11:17:17.563"
"AA","62.340","8","62.370","1","2","62.25","98413b0f-9c6a-4e5f-9d14-de23d3d5b493","2022-02-03 11:17:17.563"
"AA","62.200","1","62.250","5","-2","62.25","d2d65779-ceb8-495b-a9da-adba4c17fb4a","2022-02-03 11:17:54.400"
"AA","62.200","1","62.250","5","-2","62.25","9efc9f9a-0e51-48e8-a797-28c809ec8e76","2022-02-03 11:17:54.400"
"AA","62.210","5","62.250","1","-2","62.25","81423417-813e-436e-b68a-7849eb529e8a","2022-02-03 11:18:17.522"
"AA","62.250","1","62.260","2","-2","62.26","539ef4f0-d343-4fa4-8f62-9b99afa418fb","2022-02-03 11:18:25.586"
"AA","62.250","1","62.260","2","-2","62.26","542de70a-0d7d-4c07-9989-1bf45b63d755","2022-02-03 11:18:25.586"
"AA","62.220","1","62.260","4","-2","62.26","4b9a5072-f7cf-4b22-a95b-f6ae485cf69a","2022-02-03 11:18:25.586"
"AA","62.650","3","62.690","5","2","62.29","94285791-cb89-4056-bc27-bacc012361a1","2022-02-03 11:37:35.950"
"AA","62.670","6","62.700","6","2","62.29","c2192902-8c9a-4de5-aa77-5424055208f6","2022-02-03 11:37:35.950"
"AA","62.740","1","62.760","1","2","62.29","19a50291-5152-4a88-b395-559713938792","2022-02-03 11:37:35.950"
"AA","62.760","3","62.800","28","2","62.29","66428478-d91e-49dd-a765-518c781d7869","2022-02-03 11:37:35.950"
"AA","62.780","4","62.800","25","2","62.29","3195dfea-f1db-4838-9f3d-429c8b39ff1a","2022-02-03 11:37:35.950"
"AA","62.710","1","62.740","2","2","62.29","b7e2d75b-3f29-4329-b54d-a11d6d4c86d6","2022-02-03 11:37:35.950"
"AA","62.580","1","62.620","4","2","62.25","bec5195e-9280-4f4e-8622-45cd0732bbaf","2022-02-03 11:38:29.580"
"AA","62.510","2","62.530","1","2","62.24","fccff407-f775-41d7-8b19-95233ae3e085","2022-02-03 11:38:29.588"
"AA","62.220","1","62.240","2","-2","62.24","89cda5f5-78c1-4445-b660-dd0264c301eb","2022-02-03 11:38:42.103"
"AA","62.220","1","62.240","2","-2","62.24","25d0f092-eeea-4e7d-82b5-19a3e369b01a","2022-02-03 11:38:42.103"
"AA","62.220","1","62.240","2","-2","62.24","cb9dd9a0-d3e4-44c4-a1b5-94d542049425","2022-02-03 11:38:42.103"
"AA","62.220","1","62.240","2","-2","62.24","e87db4bc-2725-46a4-bc56-fde6955bf7b3","2022-02-03 11:38:42.103"
"AA","62.210","2","62.230","1","-2","62.23","1c5bf7e5-b7b0-41ea-94da-8dcac5af0a23","2022-02-03 11:39:02.759"
"AA","62.210","2","62.240","1","-2","62.24","08873531-355a-44cb-ba79-798077879ba6","2022-02-03 11:39:10.036"
"AA","62.210","1","62.250","1","-2","62.25","72ed4999-da50-47b1-bc61-2852274dc686","2022-02-03 11:39:35.103"
"AA","62.210","1","62.250","1","-2","62.25","8805d109-c34f-40fb-818c-d8a5e8c5c309","2022-02-03 11:39:35.103"
"AA","62.250","3","62.280","1","2","62.21","490eb0d1-0d8e-4775-bc57-e970dc92f9bc","2022-02-03 11:55:30.730"
"AA","62.250","2","62.270","1","2","62.21","07920fc4-c092-41c5-94ab-9cd01bee48fb","2022-02-03 11:55:30.730"
"AA","62.080","1","62.140","2","-2","62.14","aa6235b0-e804-4925-be13-1acf717f8ce5","2022-02-03 11:57:11.842"
"AA","62.100","1","62.150","1","-2","62.15","4490d05a-193c-4f87-bfa0-c95100a43a6f","2022-02-03 11:57:11.842"
"AA","62.210","2","62.230","1","2","62.10","dfe7454b-1382-455c-b523-2f76d2aea890","2022-02-03 12:02:24.868"
"AA","62.190","2","62.220","1","2","62.10","846f1d83-08c9-4f16-8cbe-c08879666428","2022-02-03 12:02:24.868"
"AA","62.020","2","62.050","3","-2","62.05","da44096c-aba5-4d55-8999-173cd0e3e095","2022-02-03 12:05:00.953"
"AA","62.050","13","62.070","1","-2","62.07","dec61ed3-8e53-4977-9d9d-08662e8e7291","2022-02-03 12:05:38.411"
"AA","62.220","3","62.250","5","2","62.08","6c54f522-3df1-414c-828e-ca1c6be25b34","2022-02-03 12:14:21.975"
"AA","62.260","2","62.280","1","2","62.08","67b398ac-1f45-4853-80d9-1d0ca843ba05","2022-02-03 12:14:21.975"
"AA","62.270","2","62.310","4","2","62.08","dc6dabab-0a1e-4f85-9222-215a848e379b","2022-02-03 12:14:21.975"
"AA","62.290","4","62.330","6","2","62.08","93297793-cb36-4412-b7c4-29142bcfaeea","2022-02-03 12:14:21.975"
"AA","62.110","1","62.140","3","-2","62.15","c3d53f7d-7970-48b8-8ef7-68b4782fabd0","2022-02-03 12:14:56.071"
"AA","62.170","2","62.190","1","-2","62.19","a15178e0-fb5f-4630-8fb8-91d2fa6ba278","2022-02-03 12:15:14.267"
"AA","62.180","2","62.210","5","-2","62.22","9fa61694-fc6d-4984-9236-c9700b47b9d2","2022-02-03 12:15:21.001"
"AA","62.160","2","62.200","1","-2","62.20","8c6223c4-cf3d-4402-adac-d85b3b5135d5","2022-02-03 12:15:32.039"
"AA","62.460","6","62.510","1","2","62.31","716b6572-0f2d-4dc6-80ad-675d93353ad9","2022-02-03 12:41:12.188"
"AA","62.510","2","62.550","1","2","62.31","8af28393-5748-493f-bbe2-1ffdf4d5ed73","2022-02-03 12:41:12.188"
"AA","62.520","5","62.550","1","2","62.31","34d1129d-97cf-4fc3-a1a3-7746ec153140","2022-02-03 12:41:12.188"
"AA","62.510","2","62.520","1","2","62.31","f124cc52-3fdd-41bf-b0c1-77c8879f4a42","2022-02-03 12:41:12.188"
"AA","62.510","1","62.530","1","2","62.31","9bb9b11a-096f-4d23-af23-0d463a24a1ba","2022-02-03 12:41:12.188"
"AA","62.480","2","62.530","5","2","62.31","323ac9e6-1e0a-4a77-886e-2a92bf9e66be","2022-02-03 12:41:12.188"
"AA","62.470","12","62.500","1","2","62.31","6c48dbe8-490b-403e-a46e-58dcbe521115","2022-02-03 12:41:12.188"
"AA","62.430","2","62.460","1","2","62.31","2bd8e6c6-68e6-44ea-b560-d3b7f5765706","2022-02-03 12:41:12.188"
"AA","62.470","1","62.490","1","2","62.31","9efd918e-534b-4d1f-bc60-11b44e5804ce","2022-02-03 12:41:12.188"
"AA","62.410","2","62.450","1","2","62.31","69884598-7e40-4c0d-9b7f-3384eeb46fde","2022-02-03 12:41:12.188"
"AA","62.490","2","62.520","1","2","62.29","5f34860d-d264-4d85-a042-777dd219e013","2022-02-03 12:41:12.952"
"AA","62.350","2","62.390","3","-2","62.39","a624920e-edac-40d4-85ed-ee1fbc5cd657","2022-02-03 12:42:09.383"
"AA","62.350","2","62.390","3","-2","62.39","56deed44-ea9c-45b5-a5e5-80925d334ae6","2022-02-03 12:42:09.383"
"AA","62.350","2","62.390","3","-2","62.39","2d669ba0-f129-4d8f-b560-2f9fa942f979","2022-02-03 12:42:09.383"
"AA","62.380","1","62.420","1","-2","62.42","1ce1f3be-c37d-453b-a832-6de3d1535453","2022-02-03 12:42:14.056"
"AA","62.380","1","62.420","1","-2","62.42","8a3f2b7e-a7d5-4856-8ef7-7c1577cd3432","2022-02-03 12:42:14.056"
"AA","62.380","1","62.420","1","-2","62.42","ee4c2cd0-fbfb-4bc8-9010-a635adbafd67","2022-02-03 12:42:14.056"
"AA","62.380","1","62.420","1","-2","62.42","86a590ea-2f12-4338-9ec4-ee00a95d9d27","2022-02-03 12:42:14.056"
"AA","62.420","3","62.450","2","-2","62.45","08409afa-d8d5-419b-a067-09ec91e404af","2022-02-03 12:42:25.040"
"AA","62.420","3","62.450","2","-2","62.45","11fb6b0c-33a5-4d4b-97f0-b370f5779990","2022-02-03 12:42:25.040"
"AA","62.420","5","62.450","1","-2","62.45","2a48f517-f7ad-446c-aa28-89159c782d08","2022-02-03 12:42:46.007"
"AA","62.350","3","62.380","1","-2","62.40","a5ac00f0-68cf-4e89-8a70-031c30e142ad","2022-02-03 12:43:51.240"
"AA","62.510","2","62.540","1","2","62.25","d10c04f1-fb5f-49b1-ab3b-0af30850d622","2022-02-03 12:47:21.006"
"AA","62.510","5","62.550","1","2","62.25","d88f6bb5-de02-43b3-963a-ead19edf6a6b","2022-02-03 12:47:21.006"
"AA","62.470","1","62.510","1","2","62.25","bcace827-8ed0-4f89-8aed-eb0a3613cfcf","2022-02-03 12:47:21.006"
"AA","62.230","25","62.260","6","-2","62.27","3f9fa5cb-de83-4032-8663-9c3d6f86d6f1","2022-02-03 12:47:56.178"
"AA","62.200","2","62.240","6","-2","62.24","8b52d7c7-34cf-4402-92a3-796790e6f1a8","2022-02-03 12:48:26.799"
"AA","62.200","1","62.230","6","-2","62.23","6dfd9f7a-9284-4a37-aeb0-c89860520a96","2022-02-03 12:48:44.846"
"AA","62.400","3","62.440","1","2","62.18","a30cb8d0-ac24-4915-ac56-7e350a738450","2022-02-03 12:54:28.272"
"AA","62.240","2","62.270","2","-2","62.27","9dd848cd-1464-4d72-9b22-a6f472e45c8c","2022-02-03 12:55:57.425"
"AA","62.410","1","62.440","1","2","62.31","570174da-1d20-4d63-bece-8c986206b3e1","2022-02-03 13:02:48.769"
"AA","62.410","1","62.440","1","2","62.31","e249c0b2-0bd6-40fb-8042-16796ee6b644","2022-02-03 13:02:48.769"
"AA","62.370","2","62.390","1","2","62.31","40814940-f8dd-4e73-a878-c9455a623be7","2022-02-03 13:02:48.769"
"AA","62.370","1","62.410","1","2","62.31","d70dbf65-3f56-420c-9281-92042dcd3530","2022-02-03 13:02:48.769"
"AA","62.390","1","62.410","2","2","62.31","9317ae46-3439-424b-a8e7-95592444eab1","2022-02-03 13:02:48.769"
"AA","62.330","3","62.350","1","-2","62.35","a761301c-7c04-48db-b9db-cc9035875309","2022-02-03 13:03:21.763"
"AA","62.330","3","62.350","1","-2","62.35","889f3917-fa0b-4960-9e0c-bad452846f01","2022-02-03 13:03:21.763"
"AA","62.330","3","62.350","1","-2","62.35","5177ac62-032c-4a9c-81f7-fd0c6475bb35","2022-02-03 13:03:21.763"
"AA","62.280","2","62.310","1","-2","62.31","b32fb557-4df9-413c-9ee0-a70b45aa35c4","2022-02-03 13:03:33.257"
"AA","62.280","1","62.300","3","-2","62.32","4494a95a-f452-4186-ab05-ef4ef04c9f7f","2022-02-03 13:03:41.672"
"AA","62.370","1","62.390","1","2","62.25","e6c68602-d1a6-4657-ab5e-41af91ebc680","2022-02-03 13:09:44.041"
"AA","62.350","3","62.400","1","2","62.18","c98719be-108b-42c6-8929-222865dcd596","2022-02-03 13:10:11.858"
"AA","62.320","1","62.350","11","2","62.18","1413e8a8-a76c-4894-b191-377781cf859d","2022-02-03 13:10:11.858"
"AA","62.330","1","62.370","7","2","62.18","5c11c9c6-bed8-4dfe-b029-7721ea30795c","2022-02-03 13:10:11.858"
"AA","62.300","3","62.330","2","2","62.18","3c445712-39cf-4746-aac0-5fad32d93917","2022-02-03 13:10:11.858"
"AA","62.310","3","62.330","2","2","62.18","3a9525ab-3ea2-4d72-b4fc-e11cd0b46a6a","2022-02-03 13:10:11.858"
"AA","62.310","2","62.350","3","2","62.18","05492d26-467c-4cf8-9019-ccad6e37c598","2022-02-03 13:10:11.858"
"AA","62.300","3","62.330","4","2","62.18","8dbb3f33-da30-4126-ad73-81dfac65b5c4","2022-02-03 13:10:11.858"
"AA","62.390","2","62.420","1","2","62.18","0b9b6984-3343-4492-bf49-1e62f3ad7dad","2022-02-03 13:10:11.858"
"AA","62.410","2","62.430","1","2","62.18","f41f1dda-7ec7-4340-a08d-6b8205044071","2022-02-03 13:10:11.858"
"AA","62.390","7","62.440","1","2","62.17","3cdce1e0-a76f-42cf-b75c-297e4617e225","2022-02-03 13:10:11.860"
"AA","62.360","2","62.390","1","2","62.17","10effa7a-2607-422b-8ff0-be8454316b2b","2022-02-03 13:10:11.860"
"AA","62.420","4","62.430","2","2","62.17","614060b6-81de-4399-a41e-e0e8a05afa96","2022-02-03 13:10:11.860"
"AA","62.240","1","62.250","1","-2","62.26","53133b92-6479-47ef-a205-5b4efa129e22","2022-02-03 13:10:32.179"
"AA","62.240","1","62.250","1","-2","62.26","f564a74b-5263-450b-b7fa-c9b4b050c265","2022-02-03 13:10:32.179"
"AA","62.240","1","62.250","1","-2","62.26","0b7a74b0-dfc8-4904-bdd0-336abe97c4e9","2022-02-03 13:10:32.179"
"AA","62.240","1","62.250","1","-2","62.26","9e18e83d-e4d3-4256-af66-78300e2a6f57","2022-02-03 13:10:32.179"
"AA","62.240","1","62.250","1","-2","62.26","3ad0ee02-640f-4817-b675-363486affaf2","2022-02-03 13:10:32.179"
"AA","62.240","1","62.250","1","-2","62.26","b000a1f0-0b76-44a3-b02d-c2269c7cd8d7","2022-02-03 13:10:32.179"
"AA","62.240","1","62.250","1","-2","62.26","a2d83048-8a76-40ec-ba00-ac7a2fb524e0","2022-02-03 13:10:32.179"
"AA","62.250","5","62.270","1","-2","62.27","4d7e5dd8-1012-4995-9e39-4277de8e18f5","2022-02-03 13:10:40.338"
"AA","62.250","5","62.270","1","-2","62.27","8bac679b-034f-4b6a-abf7-3c0764d30e3d","2022-02-03 13:10:40.338"
"AA","62.250","5","62.270","1","-2","62.27","4c87e787-6f9f-4b1d-b684-df6a0f34317b","2022-02-03 13:10:40.338"
"AA","62.250","1","62.290","1","-2","62.29","5e480744-0b2b-454f-96d0-ed8bf922268a","2022-02-03 13:10:50.567"
"AA","62.250","1","62.290","1","-2","62.29","be54a04a-bd61-4966-840d-495a31061f88","2022-02-03 13:10:50.567"
"AA","62.260","1","62.300","4","-2","62.30","b1b036ba-d528-415f-a7ed-1edcc950510a","2022-02-03 13:11:02.986"
"AA","62.430","6","62.470","2","2","62.26","87194110-8aeb-42ef-b5c2-2f35fb479ede","2022-02-03 13:19:02.111"
"AA","62.490","3","62.530","3","2","62.26","2da38046-87f2-44f8-8e14-3c7c60ce9907","2022-02-03 13:19:02.111"
"AA","62.580","1","62.610","3","2","62.26","84d2f12d-2e22-4380-83e6-abe9d2587890","2022-02-03 13:19:02.111"
"AA","62.600","1","62.630","1","2","62.26","71c9853b-77ba-40a6-ada6-94c37fee53c0","2022-02-03 13:19:02.111"
"AA","62.540","11","62.580","2","2","62.26","29a237db-5b56-41de-9b8f-6d17775e76d4","2022-02-03 13:19:02.111"
"AA","62.560","2","62.580","1","2","62.26","3c5ded71-d419-47c8-9cdd-2592a2d8cccd","2022-02-03 13:19:02.111"
"AA","62.540","1","62.580","1","2","62.26","0547a766-ec29-4852-bd0d-2617b219c009","2022-02-03 13:19:02.111"
"AA","62.480","7","62.510","1","2","62.26","8f5b686a-2dbb-4e06-a032-0f52c73d9e10","2022-02-03 13:19:02.111"
"AA","62.490","13","62.530","3","2","62.22","7fa92852-4e20-4809-a7d9-f26c28772b62","2022-02-03 13:19:11.587"
"AA","62.500","14","62.530","2","2","62.22","ec1ba1c0-516e-4aa0-853d-9d74947dd9b4","2022-02-03 13:19:11.587"
"AA","62.500","1","62.530","5","2","62.22","d7f86c7e-1b93-4729-906a-cca8cce1a129","2022-02-03 13:19:11.587"
"AA","62.460","3","62.480","3","2","62.22","1f1923a3-b88b-4985-82f4-6189deab5fd1","2022-02-03 13:19:11.587"
"AA","62.450","1","62.460","1","2","62.22","710bbf56-2b75-4aa7-a6a5-a78b1ade1d2b","2022-02-03 13:19:11.587"
"AA","62.450","1","62.480","1","2","62.22","1a929210-8194-48e7-a20c-7aecd994b2b0","2022-02-03 13:19:11.587"
"AA","62.210","1","62.230","2","-2","62.23","85209838-1780-4746-8661-de3ed428a31f","2022-02-03 13:19:25.177"
"AA","62.210","1","62.230","2","-2","62.23","281d3578-2c6e-44ae-872d-cf99e5c89e0c","2022-02-03 13:19:25.177"
"AA","62.210","1","62.230","2","-2","62.23","580ecbb0-95fb-4970-b2ae-5d507156acc8","2022-02-03 13:19:25.177"
"AA","62.210","1","62.230","2","-2","62.23","3bff3e22-a9e5-42fd-b616-1f0c92b31f92","2022-02-03 13:19:25.177"
"AA","62.270","3","62.290","1","-2","62.29","398df33f-11e2-4cae-95a0-e32bfe0d2050","2022-02-03 13:19:53.042"
"AA","62.270","3","62.290","1","-2","62.29","10e358b6-7252-463a-adf5-112de95ae872","2022-02-03 13:19:53.042"
"AA","62.270","3","62.290","1","-2","62.29","14ba63a1-d1e6-40b3-9e15-e9059e716c6b","2022-02-03 13:19:53.042"
"AA","62.270","3","62.290","1","-2","62.29","0f2049c2-1b20-4642-9f31-2b93152b86c3","2022-02-03 13:19:53.042"
"AA","62.280","6","62.310","1","-2","62.31","856f4ae9-60dc-48d7-80fa-5f3c660add99","2022-02-03 13:20:08.191"
"AA","62.280","6","62.310","1","-2","62.31","badb5d3a-9455-4fc3-a53b-4608380fbed7","2022-02-03 13:20:08.191"
"AA","62.280","6","62.310","1","-2","62.31","cbed7ef3-fe41-4f4d-b1d1-e3a399ae515a","2022-02-03 13:20:08.191"
"AA","62.280","3","62.310","1","-2","62.31","069b18f7-7682-4c16-ad03-6f117db27da6","2022-02-03 13:20:11.073"
"AA","62.280","3","62.310","1","-2","62.31","96ed6168-ce60-42da-a157-2fa586140546","2022-02-03 13:20:11.073"
"AA","62.340","11","62.370","1","-2","62.37","ca05cf25-4588-4637-8820-2523401bbf40","2022-02-03 13:20:44.875"
"AA","62.960","2","62.990","4","2","62.91","cd7cd66f-3fb3-4541-b919-914c5a5d3a86","2022-02-03 14:27:21.471"
"AA","62.950","2","62.970","1","2","62.91","edd7811c-714c-4f6c-ae48-172a0b520c09","2022-02-03 14:27:21.471"
"AA","62.940","9","62.970","1","2","62.91","b5357267-3690-4894-bf2c-df4c33af1a41","2022-02-03 14:27:21.471"
"AA","62.960","5","62.990","1","2","62.91","236793b1-81f1-4ee4-9878-d722baca4dbf","2022-02-03 14:27:21.471"
"AA","62.870","5","62.900","1","-2","62.90","77988de7-a720-45ad-ada9-486236fc198c","2022-02-03 14:27:51.210"
"AA","62.870","5","62.900","1","-2","62.90","4eff4e37-51b0-4381-a224-ed789e927ec1","2022-02-03 14:27:51.210"
"AA","62.870","1","62.890","1","-2","62.89","ad7b5767-1150-4092-aa14-f26d93feec72","2022-02-03 14:28:00.305"
"AA","62.910","1","62.940","2","-2","62.94","c516cd28-5834-45fd-a5c9-de23cf778436","2022-02-03 14:28:11.492"
"AA","62.880","6","62.900","3","2","62.76","5cc4f820-a7e6-4def-b9cf-a3d7a765dbc5","2022-02-03 14:30:14.622"
"AA","62.910","4","62.940","2","2","62.76","5b4b9fad-5913-4533-98b4-3613acd0685a","2022-02-03 14:30:14.622"
"AA","62.970","3","62.990","1","2","62.76","3565a0ae-7cee-4412-b042-ce2f6f45de34","2022-02-03 14:30:14.622"
"AA","62.970","2","62.990","1","2","62.76","25a9f391-f1cd-4b8a-a7d9-76789b50e253","2022-02-03 14:30:14.622"
"AA","62.980","5","63.010","1","2","62.76","917c15d4-04cd-473a-8cee-8b02dd41bc9c","2022-02-03 14:30:14.622"
"AA","63.000","2","63.030","1","2","62.76","a4699c5e-fbf5-4c64-8e5e-072bc3dcbb02","2022-02-03 14:30:14.622"
"AA","62.960","5","63.000","2","2","62.76","0d5a01ce-e26f-4910-a9d8-5dd74f300378","2022-02-03 14:30:14.622"
"AA","62.980","1","63.010","1","2","62.76","3a7c872d-4b0c-4844-a093-41c01aaaefe0","2022-02-03 14:30:14.622"
"AA","62.980","1","63.010","1","2","62.76","21b36d90-a1f4-49dd-8cf1-059df836be4a","2022-02-03 14:30:14.622"
"AA","63.000","1","63.010","2","2","62.76","57c454cb-9425-45b4-8692-6ed1fc61e433","2022-02-03 14:30:14.622"
"AA","62.980","2","63.010","3","2","62.76","843ef4eb-3b79-45af-a546-b19887ed7107","2022-02-03 14:30:14.622"
"AA","62.980","3","63.030","4","2","62.76","c7dd3311-4462-4be5-a9a9-57ef456a2736","2022-02-03 14:30:14.622"
"AA","63.000","1","63.020","2","2","62.76","98b79327-9479-4038-bf73-90e5d7f57057","2022-02-03 14:30:14.622"
"AA","63.000","1","63.020","1","2","62.76","2b5338f1-9342-4dc7-bd9e-9a1b19e40a89","2022-02-03 14:30:14.622"
"AA","62.760","3","62.810","4","-2","62.81","795bd01e-da91-48ea-ac16-6beae7dfc3b7","2022-02-03 14:30:50.775"
"AA","62.760","3","62.810","4","-2","62.81","f6db8432-e73a-4e3a-8250-7c6172e02150","2022-02-03 14:30:50.775"
"AA","62.760","3","62.810","4","-2","62.81","68ef63a3-4e95-459b-b76d-af2b3a9aa9f2","2022-02-03 14:30:50.775"
"AA","62.760","3","62.810","4","-2","62.81","ed40f90d-a0c1-4e14-84bc-4b359c580325","2022-02-03 14:30:50.775"
"AA","62.760","3","62.810","4","-2","62.81","d6ccce42-5f3e-4b77-8111-6fe184c206e6","2022-02-03 14:30:50.775"
"AA","62.760","3","62.810","4","-2","62.81","b02085a1-e4f2-41f1-961e-737e2cae7df4","2022-02-03 14:30:50.775"
"AA","62.760","3","62.810","4","-2","62.81","6ecb682b-2369-4c65-aff0-49f8eabc9575","2022-02-03 14:30:50.775"
"AA","62.760","6","62.800","1","-2","62.81","b2359f0a-74b9-47b7-ac26-a1bfaed73014","2022-02-03 14:30:50.775"
"AA","62.760","6","62.800","1","-2","62.81","0a1b1e85-0620-4f8c-bb8c-39b87cf00206","2022-02-03 14:30:50.775"
"AA","62.760","6","62.800","1","-2","62.81","bd1e18cb-c241-4081-9f11-946e2c49534a","2022-02-03 14:30:50.775"
"AA","62.760","6","62.800","1","-2","62.81","a43eacf3-4659-4c7f-b9cb-1b1a34267cac","2022-02-03 14:30:50.775"
"AA","62.760","6","62.810","6","-2","62.81","bb37736f-88b0-41cb-97fe-b3987925b4f2","2022-02-03 14:30:50.775"
"AA","62.760","6","62.810","6","-2","62.81","42534e8d-d0dc-4197-a37c-0da62a252134","2022-02-03 14:30:50.775"
"AA","62.820","1","62.850","1","-2","62.85","6ccebcb3-4560-4200-81ac-17c649d9053b","2022-02-03 14:31:01.681"
"AA","62.900","2","62.930","4","2","62.88","cde68f92-9a57-49ca-859d-a42e6e14cac6","2022-02-03 14:37:21.958"
"AA","62.920","2","62.960","1","2","62.88","966e550b-9e5e-4055-bc4c-9eed530c0cc1","2022-02-03 14:37:21.958"
"AA","63.010","2","63.030","1","2","62.88","c67dac9d-df9d-4360-9cb9-4c743d260425","2022-02-03 14:37:21.958"
"AA","62.870","1","62.900","6","-2","62.90","f56baf49-672d-4679-b096-6a6559b7756c","2022-02-03 14:38:54.035"
"AA","62.890","4","62.910","1","-2","62.91","d7fca009-eb25-4cc7-98aa-d48a1b211640","2022-02-03 14:38:54.097"
"AA","62.910","1","62.930","2","-2","62.93","f932dad9-4ad6-4866-93cc-a6568f0579aa","2022-02-03 14:39:18.309"
"AG","9.960","34","9.970","31","10","9.93","b2ca6e58-c0ba-452e-8a2e-57af790e8999","2022-02-03 11:02:31.182"
"AG","9.950","37","9.960","28","10","9.93","ffa400f0-66f6-486a-b9e0-89c4b8ba0f03","2022-02-03 11:02:31.182"
"AG","9.960","25","9.970","62","10","9.93","25a86a57-7162-43a8-a86a-42465f917de2","2022-02-03 11:02:31.182"
"AG","9.950","43","9.960","33","10","9.93","765e17c2-c3bb-4117-8010-95434bccce51","2022-02-03 11:02:31.182"
"AG","9.980","54","9.990","23","10","9.92","4036f4f2-66a9-4d19-8ae3-b25a45b2d462","2022-02-03 11:02:41.649"
"AG","9.980","43","9.990","25","10","9.92","271a81cb-5625-4b41-a607-cf21574ce8d9","2022-02-03 11:02:41.649"
"AG","9.980","50","9.990","25","10","9.92","437ffea6-9e17-4d30-91da-d13f6822c175","2022-02-03 11:02:41.649"
"AG","9.970","44","9.980","35","10","9.92","7939df39-377e-4d8a-a771-8c92caac646b","2022-02-03 11:02:41.649"
"AG","9.880","36","9.890","19","-10","9.89","fd30e963-11b9-4d99-8ed2-398bc9d0a2c1","2022-02-03 11:03:47.095"
"AG","9.880","36","9.890","19","-10","9.89","cb203689-1b51-4d03-b701-2b4408e0b6aa","2022-02-03 11:03:47.095"
"AG","9.880","36","9.890","19","-10","9.89","13a26021-213d-4e52-9a76-76c0aa9690be","2022-02-03 11:03:47.095"
"AG","9.890","9","9.900","39","-10","9.90","60c1e3f8-0731-4a56-a5dd-a36d93341993","2022-02-03 11:03:49.388"
"AG","9.890","9","9.900","39","-10","9.90","069a231a-cb3e-46ed-a4e1-904b957c5ce2","2022-02-03 11:03:49.388"
"AG","9.890","9","9.900","39","-10","9.90","baa06f4b-02f2-46a8-9ab7-0573b58fde95","2022-02-03 11:03:49.388"
"AG","9.890","33","9.900","26","-10","9.90","c2cb8ae7-6c15-4fa5-9969-d1346e744951","2022-02-03 11:04:15.730"
"AG","9.890","33","9.900","26","-10","9.90","f099e3cd-a36d-430e-bf13-dcce1f453c00","2022-02-03 11:04:15.730"
"AG","10.030","14","10.040","54","10","10.00","5925dddc-0c7c-4f42-a2c7-1727e0ba08d6","2022-02-03 11:35:02.930"
"AG","10.020","47","10.030","46","10","10.00","b05d4bd8-eb27-4a55-9f81-1d819c2371d1","2022-02-03 11:35:02.930"
"AG","10.000","47","10.010","35","-10","10.01","918672e5-f509-47b5-b4ab-04a8d4b11c2e","2022-02-03 11:35:30.579"
"AG","10.000","40","10.010","33","-10","10.01","87e3a13e-2bc6-492a-a453-4178ff2ab638","2022-02-03 11:36:01.591"
"AG","10.040","26","10.050","24","10","10.01","b1770046-5319-40b0-ad2e-e66142a9620c","2022-02-03 11:40:56.420"
"AG","10.040","18","10.050","34","10","10.01","d6b1cb95-6e08-45b4-be52-c91be7c5253e","2022-02-03 11:40:56.420"
"AG","9.990","69","10.000","27","-10","10.00","5548ac9f-dcc3-42d1-9837-41414826676b","2022-02-03 11:41:46.687"
"AG","9.990","68","10.000","18","-10","10.00","7edcabb9-1b63-451c-9543-4e0fff1385a1","2022-02-03 11:41:46.687"
"AG","10.020","19","10.030","69","10","9.91","fb958140-2c56-486d-88b7-6f62a698485a","2022-02-03 12:02:59.777"
"AG","10.020","7","10.030","74","10","9.91","6c863540-c986-4a25-b3d4-03d182353bc0","2022-02-03 12:02:59.777"
"AG","10.020","65","10.030","24","10","9.91","80564dea-0e70-4b50-a52d-f3f542482d43","2022-02-03 12:02:59.777"
"AG","10.010","18","10.020","35","10","9.91","ac2018e4-5448-4bd8-832c-e0e09a2e3790","2022-02-03 12:02:59.777"
"AG","10.010","16","10.020","40","10","9.91","8cfcba08-0275-4840-90b2-e0bfddb2f6ea","2022-02-03 12:02:59.777"
"AG","10.000","49","10.010","17","10","9.91","6f76d253-f3bf-48d6-9492-feefed34e873","2022-02-03 12:02:59.777"
"AG","10.000","21","10.010","39","10","9.91","bbd9581a-8614-45c3-94ff-8c948bb4e678","2022-02-03 12:02:59.777"
"AG","10.010","53","10.020","13","10","9.90","611c1a0b-e70d-4721-ad74-705ea9cda29f","2022-02-03 12:04:05.486"
"AG","10.010","35","10.020","22","10","9.89","020a669b-3a07-404e-9622-86ee00efb463","2022-02-03 12:04:09.640"
"AG","10.030","23","10.040","31","10","9.89","170d257a-d8b3-4e6b-a163-5a624daa2217","2022-02-03 12:04:09.640"
"AG","10.030","23","10.040","32","10","9.89","0e68247a-254c-47ab-891f-f948f55c8c44","2022-02-03 12:04:09.640"
"AG","10.020","33","10.030","35","10","9.89","a85e3c7b-2816-426b-b8d4-913d8b6cad9f","2022-02-03 12:04:09.640"
"AG","10.020","53","10.030","34","10","9.89","98ecfe1e-ea71-4d91-8954-a1053f9d024f","2022-02-03 12:04:09.640"
"AG","9.880","29","9.890","36","-10","9.89","428a79e8-a0e1-47ae-9732-5b12366f9e23","2022-02-03 12:05:38.399"
"AG","9.880","29","9.890","36","-10","9.89","abd9009e-017e-4ff6-960d-8a3697cca47a","2022-02-03 12:05:38.399"
"AG","9.880","29","9.890","36","-10","9.89","98d82ae4-f7b9-4f9c-88c9-32f5d161621f","2022-02-03 12:05:38.399"
"AG","9.880","29","9.890","36","-10","9.89","99a9ab16-132a-4a8e-b10d-2f7c04fc7e4d","2022-02-03 12:05:38.399"
"AG","9.880","29","9.890","36","-10","9.89","c4f6f422-de79-413f-b850-ff2065f1f345","2022-02-03 12:05:38.399"
"AG","9.880","29","9.890","36","-10","9.89","3407f389-50e6-49b0-b065-aaa2d78e3aa5","2022-02-03 12:05:38.399"
"AG","9.880","29","9.890","36","-10","9.89","58c00d5a-d9f9-4fcd-b284-5138447a02bd","2022-02-03 12:05:38.399"
"AG","9.880","29","9.890","36","-10","9.89","ace14c2f-7cd7-4444-a9b6-094fb4a4ddf9","2022-02-03 12:05:38.399"
"AG","9.880","29","9.890","36","-10","9.89","fa3196d9-93a3-480a-bdc9-472c0d83837f","2022-02-03 12:05:38.399"
"AG","9.880","29","9.890","36","-10","9.89","f4da12d9-1c6d-4e72-8f5b-e1481dfb8184","2022-02-03 12:05:38.399"
"AG","9.850","58","9.860","21","-10","9.86","f72dd41d-ae8f-4b7f-81cc-134bc05853a2","2022-02-03 12:08:43.363"
"AG","9.850","58","9.860","21","-10","9.86","0ddfd543-3a62-4e4c-b1d7-3e117f2b2e71","2022-02-03 12:08:43.363"
"AG","9.850","60","9.860","14","-10","9.86","3850967c-62b8-4655-982c-eae4242723a3","2022-02-03 12:08:43.363"
"AG","9.870","42","9.880","49","10","9.88","e8fd8b6e-5a2a-4180-a7f1-29ea58eb42b0","2022-02-03 12:18:10.006"
"AG","9.870","17","9.880","29","-10","9.88","1b6c48e0-ed69-41b7-902f-f9bb77edaf10","2022-02-03 12:20:17.189"
"AG","9.880","10","9.890","73","10","9.87","ae8c66dc-dff9-4afe-89cc-028389c0d79c","2022-02-03 12:41:11.943"
"AG","9.880","54","9.890","53","10","9.87","5249e4cd-60a5-47ea-ae48-70e38560c402","2022-02-03 12:41:11.943"
"AG","9.890","37","9.900","47","10","9.85","cf54d3c1-148a-4fdf-895a-f4135a74da54","2022-02-03 12:44:58.429"
"AG","9.890","41","9.900","51","10","9.84","5aa6fa2e-bf2f-4bc3-9898-39961d583c10","2022-02-03 12:46:53.592"
"AG","9.890","12","9.900","67","10","9.84","fa127afe-5dbc-47b6-86c0-41e20d7fce5b","2022-02-03 12:46:53.592"
"AG","9.890","12","9.900","67","10","9.84","0610486e-2183-4baa-b0f7-adadee7101f5","2022-02-03 12:46:53.592"
"AG","9.890","27","9.900","47","10","9.84","68549790-2f1d-491b-a182-67ad45d937d5","2022-02-03 12:46:53.592"
"AG","9.890","27","9.900","47","10","9.84","2b95739f-0fb0-4e56-8d97-908476d3e59c","2022-02-03 12:46:53.592"
"AG","9.890","27","9.900","47","10","9.84","563e90ee-31af-4fb1-9855-a0b951baf6bf","2022-02-03 12:46:53.592"
"AG","9.890","29","9.900","49","10","9.84","af401c66-62f9-4e39-8133-c52933accdde","2022-02-03 12:46:53.592"
"AG","9.890","18","9.900","51","10","9.84","6942faf8-d691-4ef0-a338-def9edeefb49","2022-02-03 12:46:53.592"
"AG","9.890","17","9.900","51","10","9.84","238aff75-7c22-48cf-a202-8b3a3c5a295b","2022-02-03 12:46:53.592"
"AG","9.890","27","9.900","39","10","9.84","de6acd68-fef2-4c09-b4e8-f3000c04b83d","2022-02-03 12:46:53.592"
"AG","9.900","20","9.910","46","10","9.84","b5bdd633-4a6c-4013-a173-be914ca4cd13","2022-02-03 12:46:53.592"
"AG","9.890","74","9.900","12","10","9.84","39e2fdb5-375f-44eb-bc4e-5768be8b87a9","2022-02-03 12:46:53.592"
"AG","9.830","30","9.840","89","-10","9.84","87955cfb-ad6c-451a-b45e-a52e6cf1624d","2022-02-03 12:49:22.920"
"AG","9.830","39","9.840","19","-10","9.84","87971c26-8e14-42fd-97cf-a1b2e944c681","2022-02-03 12:51:58.850"
"AG","9.830","39","9.840","19","-10","9.84","47524912-49f8-4cb8-9564-cb1d2d740547","2022-02-03 12:51:58.850"
"AG","9.830","39","9.840","19","-10","9.84","f5c0ea72-d820-49fe-858f-6bdbc7b8e689","2022-02-03 12:51:58.850"
"AG","9.830","39","9.840","19","-10","9.84","8c90b094-9fbd-4f49-b52f-17b7d7d1e45d","2022-02-03 12:51:58.850"
"AG","9.830","39","9.840","19","-10","9.84","e9874d9e-ac02-4556-a494-a0db354423fa","2022-02-03 12:51:58.850"
"AG","9.830","39","9.840","19","-10","9.84","7a8092e5-6421-403b-91ab-f67846d4463d","2022-02-03 12:51:58.850"
"AG","9.830","39","9.840","19","-10","9.84","d250946c-70b4-4ba2-a8a7-4e70058e89f3","2022-02-03 12:51:58.850"
"AG","9.830","39","9.840","19","-10","9.84","cb645e27-e052-4b21-9fa2-a594b63bee25","2022-02-03 12:51:58.850"
"AG","9.830","39","9.840","19","-10","9.84","f53c0d5a-3d5f-4b10-adb1-236b8069deb4","2022-02-03 12:51:58.850"
"AG","9.830","39","9.840","19","-10","9.84","b5e3a922-5b14-43ee-8972-4ef7fe95764f","2022-02-03 12:51:58.850"
"AG","9.830","39","9.840","19","-10","9.84","e56a200a-8522-425b-8ff4-7c2859b4fa2b","2022-02-03 12:51:58.850"
"AG","9.830","32","9.840","30","-10","9.84","af4f0966-92ca-4a1b-afb5-fb9e77bbde96","2022-02-03 12:51:58.850"
"AG","9.830","32","9.840","30","-10","9.84","5ee66a7b-344e-4206-bd01-60be1ba6fea2","2022-02-03 12:51:58.850"
"AG","9.830","32","9.840","30","-10","9.84","5e4b6d46-5236-43bd-ba90-8975a29f7e0c","2022-02-03 12:51:58.850"
"AG","9.850","40","9.860","27","10","9.85","21e17e6b-6a31-43e7-bd16-69e11ba64638","2022-02-03 13:01:46.403"
"AG","9.850","36","9.860","35","-10","9.86","ab86e683-461e-4078-9aaf-847f9eb94f7f","2022-02-03 13:05:22.321"
"AG","9.940","30","9.950","24","10","9.91","b1313d54-c6ab-4000-a3a2-d01cb29905ab","2022-02-03 13:38:08.353"
"AG","9.940","29","9.950","16","10","9.91","14fd5e0a-78b0-40a9-af18-4d7fadd77a1c","2022-02-03 13:38:08.353"
"AG","9.940","29","9.950","16","10","9.91","30845362-2b8d-4b8e-a660-dc523183f1b4","2022-02-03 13:38:08.353"
"AG","9.940","28","9.950","43","10","9.91","b81f4308-f1cc-41fa-8dec-95b184ee659d","2022-02-03 13:38:08.353"
"AG","9.940","28","9.950","43","10","9.91","96d6dd8b-f7a7-453e-9fbc-2d0ed972f1dd","2022-02-03 13:38:08.353"
"AG","9.940","16","9.950","50","10","9.91","10fe58aa-67f9-4c38-b6cc-47269af217bf","2022-02-03 13:38:08.353"
"AG","9.940","27","9.950","19","10","9.91","b4f74e91-d6ae-41cc-adda-275f0a29b920","2022-02-03 13:38:08.353"
"AG","9.940","46","9.950","49","10","9.91","1e49d0ed-4979-4cdc-847c-015002c79493","2022-02-03 13:38:08.353"
"AG","9.940","46","9.950","49","10","9.91","c7a5c355-51bf-47ab-a95f-89d565465390","2022-02-03 13:38:08.353"
"AG","9.910","68","9.920","10","-10","9.92","3fdfe2d8-4b38-4fd2-bf9e-26c5b5f1b21e","2022-02-03 13:42:40.228"
"AG","9.910","68","9.920","10","-10","9.92","b7d4c379-55e3-4cd3-9d31-4c29b8e5f005","2022-02-03 13:42:40.228"
"AG","9.910","68","9.920","10","-10","9.92","0981feed-f952-4c77-9d74-1e4b765fae54","2022-02-03 13:42:40.228"
"AG","9.910","50","9.920","12","-10","9.92","28088b5f-7099-4844-814d-f3c10f513493","2022-02-03 13:42:58.192"
"AG","9.910","50","9.920","12","-10","9.92","d0e2a27b-acef-4895-b5e0-5025e25d3819","2022-02-03 13:42:58.192"
"AG","9.920","22","9.930","45","-10","9.93","7fd833ad-cb18-4ecb-8906-ac28e1cc0397","2022-02-03 13:42:58.238"
"AG","9.920","22","9.930","45","-10","9.93","2c65ce06-d606-436b-b878-d66dc70061b0","2022-02-03 13:42:58.238"
"AG","9.920","22","9.930","45","-10","9.93","cd3bb4ee-28d2-420e-a0b3-ee94ae587c59","2022-02-03 13:42:58.238"
"AG","9.920","70","9.930","22","-10","9.93","92d4b081-6699-4de1-b36b-ef8a4ef55126","2022-02-03 13:43:08.081"
"AG","10.010","47","10.020","19","10","10.00","debb2b79-fd38-4159-a303-a9f02be75bd3","2022-02-03 14:27:02.382"
"AG","10.010","43","10.020","46","10","10.00","4ec2521f-7082-4167-8066-ad8a72caf4e8","2022-02-03 14:27:02.382"
"AG","10.010","66","10.020","33","10","9.98","1f2a056c-0837-4537-95a1-b00f6e0c33a8","2022-02-03 14:29:50.337"
"AG","10.010","66","10.020","33","10","9.98","4e3ea96f-324c-4de1-9bd9-659c25be80bd","2022-02-03 14:29:50.337"
"AG","10.010","66","10.020","33","10","9.98","4ea0ebf0-5890-4e24-b6be-fc1d84d961f3","2022-02-03 14:29:50.337"
"AG","10.010","66","10.020","33","10","9.98","7b0403a8-defb-4554-8e2a-029abd1aca23","2022-02-03 14:29:50.337"
"AG","10.010","66","10.020","33","10","9.98","c1c685ad-6446-46fd-8b11-cde2b9b1c06a","2022-02-03 14:29:50.337"
"AG","10.010","66","10.020","33","10","9.98","38c6c363-e9f4-4a1e-ac07-c4f4ecbb2410","2022-02-03 14:29:50.337"
"AG","10.010","68","10.020","28","10","9.98","0be997c6-5aba-4580-94f4-d1d44a88ab00","2022-02-03 14:29:50.337"
"AG","9.970","34","9.980","68","-10","9.98","3c88fad7-1d61-4155-a3e7-20865b2cf1d5","2022-02-03 14:30:42.252"
"AG","9.970","34","9.980","68","-10","9.98","2ab5e2c9-be5b-465d-980a-7e1896743cb6","2022-02-03 14:30:42.252"
"AG","9.970","34","9.980","68","-10","9.98","c663ec3a-829e-407c-a9e9-2296c3bb5c82","2022-02-03 14:30:42.252"
"AG","9.970","34","9.980","68","-10","9.98","b2b176e5-145b-4638-ab38-49a56ae1538b","2022-02-03 14:30:42.252"
"AG","9.970","34","9.980","68","-10","9.98","58580a4e-ed17-42f6-90a5-c52ae719c92d","2022-02-03 14:30:42.252"
"AG","9.970","34","9.980","68","-10","9.98","9c94af1d-358e-4100-baf8-ff917f4afafe","2022-02-03 14:30:42.252"
"AG","9.970","34","9.980","68","-10","9.98","18e25a31-2093-4256-9050-0ff5917f68b7","2022-02-03 14:30:42.252"
"AG","9.970","37","9.980","54","-10","9.98","732c1e52-9632-4a90-87f4-a841227745ce","2022-02-03 14:30:42.252"
"AG","9.970","35","9.980","55","-10","9.98","03e6a971-b6e3-4199-9e32-100dec35bcce","2022-02-03 14:30:51.645"
"AG","10.000","49","10.010","35","10","9.97","69c28db2-bec5-4fa9-83a8-be55c0b20f2a","2022-02-03 14:31:27.268"
"AG","10.010","68","10.020","30","10","9.97","825088ba-7121-4bf0-aa02-ff81ad5dcc7e","2022-02-03 14:31:27.268"
"AG","10.010","68","10.020","30","10","9.97","0ae9737b-63e9-45d4-8214-0edb961d85d6","2022-02-03 14:31:27.268"
"AG","10.010","63","10.020","36","10","9.97","8a698682-f815-46b6-bec0-ee6684863877","2022-02-03 14:31:27.268"
"AG","10.010","66","10.020","33","10","9.97","2a8efade-5837-4072-9376-d407d7462725","2022-02-03 14:31:27.268"
"AG","10.010","66","10.020","33","10","9.97","589224aa-e8a6-41ef-acfa-a113334b6760","2022-02-03 14:31:27.268"
"AG","9.980","57","9.990","34","-10","9.99","b22b1614-e2a8-4ef5-8f9e-1481b3710940","2022-02-03 14:35:07.072"
"AG","9.980","57","9.990","34","-10","9.99","35b54d9e-a220-4b60-adf0-4af872f5cea1","2022-02-03 14:35:07.072"
"AG","9.980","51","9.990","50","-10","9.99","f49f4540-2628-4c28-b6df-b519782f0349","2022-02-03 14:35:48.389"
"AG","9.980","47","9.990","41","-10","9.99","099cd43c-b624-467e-98c2-02a94302a004","2022-02-03 14:35:53.829"
"AG","9.980","47","9.990","41","-10","9.99","b7626a3e-6104-4cc1-8d57-73f4601de42e","2022-02-03 14:35:53.829"
"AG","9.980","43","9.990","31","-10","9.99","8ac36ea6-69a6-4b65-8bb0-f6bacea511c8","2022-02-03 14:36:02.320"
"AG","10.000","60","10.010","51","10","9.95","9e100fc5-79f6-4518-af87-3b3bbe30e07c","2022-02-03 14:40:13.822"
"AG","10.000","43","10.010","50","10","9.95","a02cebde-5f24-4c5d-944e-a34018f9b303","2022-02-03 14:40:13.822"
"AG","10.000","43","10.010","50","10","9.95","f7c2d1aa-efb9-4dac-9b31-7ac2d94dff5e","2022-02-03 14:40:13.822"
"AG","9.920","27","9.930","40","-10","9.93","dfc32746-e909-4df5-b645-15ac7723c1de","2022-02-03 14:44:22.043"
"AG","9.910","29","9.920","24","-10","9.92","dc7e7805-deb6-417c-ab53-745017b3fe08","2022-02-03 14:46:09.108"
"AG","9.910","29","9.920","26","-10","9.92","aec8a48b-fa3e-49a7-880e-516f44bc6faa","2022-02-03 14:46:09.108"
"AG","9.920","56","9.930","37","10","9.91","a6faa1ba-c00d-4a4f-ae46-35eed7afc58c","2022-02-03 15:09:08.953"
"AG","9.900","49","9.910","9","-10","9.91","782edfdf-48c5-4b73-978d-a41b7b89295e","2022-02-03 15:09:22.295"
"AG","9.920","40","9.930","68","10","9.91","6efbde73-bebd-4908-9f59-1e2a55355e35","2022-02-03 15:24:14.072"
"AG","9.920","54","9.930","28","10","9.91","263faab0-92b1-4a9e-ad99-a17a5801773f","2022-02-03 15:24:14.072"
"AG","9.920","51","9.930","37","10","9.91","0e62ad9c-0b69-4967-b5d0-30ddd7d284f6","2022-02-03 15:24:14.072"
"AG","9.920","51","9.930","37","10","9.91","657c4930-775a-4a5b-a52f-bdc42c352ccc","2022-02-03 15:24:14.072"
"AG","9.920","56","9.930","26","10","9.91","9502671c-ad3e-4db0-a789-9824d9a1c15a","2022-02-03 15:24:14.072"
"AG","9.920","55","9.930","31","10","9.91","cc13c586-95a7-454f-91dc-c392a09f158a","2022-02-03 15:24:14.072"
"AG","9.930","21","9.940","62","10","9.91","bcae04d5-b4f5-4504-8722-4a85baec0a95","2022-02-03 15:24:14.072"
"AG","9.930","21","9.940","65","10","9.91","2295504c-41e2-4276-831e-1b8414361555","2022-02-03 15:24:14.072"
"AG","9.930","23","9.940","66","10","9.91","f342eacc-3471-4a6f-a6bb-bdbbd6afb92b","2022-02-03 15:24:14.072"
"AG","9.930","33","9.940","52","10","9.91","1ddf27e7-8393-462e-9476-86156d24c0ee","2022-02-03 15:24:14.072"
"AG","9.930","24","9.940","54","10","9.91","88ef2c54-dc91-48ac-991d-b3b481c6d4ed","2022-02-03 15:24:14.072"
"AG","9.930","39","9.940","30","10","9.91","daddb7b6-1852-402f-bf50-9e4cddccf182","2022-02-03 15:24:14.072"
"AG","9.930","34","9.940","40","10","9.91","a95815e1-3d95-4307-82bc-c2feea4a94bc","2022-02-03 15:24:14.072"
"AG","9.910","28","9.920","64","-10","9.92","c1a2203b-32f3-40d5-a9aa-e27d32fddb6c","2022-02-03 15:25:30.065"
"AG","9.910","28","9.920","64","-10","9.92","351b8473-62de-4a56-a8a2-e24f53b7a81b","2022-02-03 15:25:30.065"
"AG","9.910","28","9.920","64","-10","9.92","f4cf903b-86d6-44ab-81d6-a332a893110d","2022-02-03 15:25:30.065"
"AG","9.910","28","9.920","64","-10","9.92","35a656b0-f4cc-420a-9863-f08248041467","2022-02-03 15:25:30.065"
"AG","9.910","28","9.920","64","-10","9.92","78f21ed7-4c99-45eb-ab3a-5fce6bcc3d3a","2022-02-03 15:25:30.065"
"AG","9.910","28","9.920","64","-10","9.92","04d760db-b295-4668-8e8e-5add83fc461e","2022-02-03 15:25:30.065"
"AG","9.910","28","9.920","64","-10","9.92","ab6daf7a-e387-475e-abfc-a11de897090a","2022-02-03 15:25:30.065"
"AG","9.910","28","9.920","64","-10","9.92","9db7ecf1-8e91-498d-a502-6a0a2ea0eda8","2022-02-03 15:25:30.065"
"AG","9.910","28","9.920","64","-10","9.92","fb2bed1f-6652-47fd-b914-f8836fc8d275","2022-02-03 15:25:30.065"
"AG","9.910","28","9.920","64","-10","9.92","d8847ec7-f474-4480-96a3-2b4908872740","2022-02-03 15:25:30.065"
"AG","9.910","28","9.920","64","-10","9.92","3c8623e4-9b96-4f18-9c87-74263f419bc9","2022-02-03 15:25:30.065"
"AG","9.910","28","9.920","64","-10","9.92","109775c4-4488-4faa-8517-4fb8cb808bca","2022-02-03 15:25:30.065"
"AG","9.910","34","9.920","54","-10","9.92","82c91e4d-fb57-4347-85e0-f34cef217c5b","2022-02-03 15:25:30.065"
"ABB","34.760","11","34.770","6","3","34.66","cd2e2876-f3a2-4eb0-bb4a-048072e5179c","2022-02-03 10:33:54.053"
"ABB","34.750","1","34.760","39","3","34.66","e2400609-cd3a-4687-893d-ff81584c8ad1","2022-02-03 10:33:54.053"
"ABB","34.740","2","34.750","39","3","34.66","1a072040-0902-470f-9e1a-44cf3e843153","2022-02-03 10:33:54.053"
"ABB","34.730","2","34.740","39","3","34.66","86c9b97d-d2a0-40af-904e-e85b70ceb5f6","2022-02-03 10:33:54.053"
"ABB","34.730","1","34.740","39","3","34.66","180fd8a4-3db5-40c6-93a7-e42eaad70ace","2022-02-03 10:33:54.053"
"ABB","34.740","4","34.760","34","3","34.64","12993834-859a-4a12-a20d-758ba77ccf2d","2022-02-03 10:34:21.675"
"ABB","34.740","2","34.760","39","3","34.64","b2c0ed85-3cc5-4474-b4e2-076f548c025d","2022-02-03 10:34:21.675"
"ABB","34.760","4","34.770","5","3","34.64","3b93bca3-9213-46b9-a186-adbd6b2b6ad2","2022-02-03 10:34:21.675"
"ABB","34.760","4","34.770","3","3","34.64","804bdf29-1e2d-440a-b392-ed1ed7b3a38a","2022-02-03 10:34:21.675"
"ABB","34.750","4","34.770","9","3","34.64","52542455-5e51-4bcb-9592-ce94c82cf620","2022-02-03 10:34:21.675"
"ABB","34.750","5","34.760","2","3","34.64","4a0f5bf8-7de8-4b93-8942-67f34a9ecf54","2022-02-03 10:34:21.675"
"ABB","34.740","4","34.760","9","3","34.64","97099a87-52c9-406f-8ad4-5701050187a6","2022-02-03 10:34:21.675"
"ABB","34.750","2","34.760","3","3","34.64","8ab3b174-dfdb-458e-b343-237a82c94222","2022-02-03 10:34:21.675"
"ABB","34.600","6","34.610","1","-3","34.61","a983737b-937d-41c5-9df1-6502c6742b86","2022-02-03 10:35:19.934"
"ABB","34.600","6","34.610","1","-3","34.61","6189afdc-60c3-425c-84e5-d856584e6de7","2022-02-03 10:35:19.934"
"ABB","34.600","3","34.610","2","-3","34.61","3c5553b4-7555-4b38-a041-2da64e3f9651","2022-02-03 10:35:20.031"
"ABB","34.600","5","34.610","2","-3","34.61","00876eb8-176c-45ec-a841-57028ddf8685","2022-02-03 10:35:40.015"
"ABB","34.600","5","34.610","2","-3","34.61","d47c9760-b5ef-4e96-aeb6-a3fd165e75fc","2022-02-03 10:35:40.015"
"ABB","34.600","5","34.610","2","-3","34.61","404972d8-8ffa-48c4-b174-894f6abc207b","2022-02-03 10:35:40.015"
"ABB","34.600","5","34.610","2","-3","34.61","e10a4779-21f9-4207-b08c-02a1e18abfe1","2022-02-03 10:35:40.015"
"ABB","34.600","5","34.610","2","-3","34.61","01340ed5-7823-454a-a563-655d7a8d0c5a","2022-02-03 10:35:40.015"
"ABB","34.610","7","34.620","3","-3","34.62","a8935a59-a553-4f8d-8cb1-7b842569fc18","2022-02-03 10:36:02.193"
"ABB","34.610","7","34.620","3","-3","34.62","4ceb9421-605b-48a3-8245-b0bbf8e70d17","2022-02-03 10:36:02.193"
"ABB","34.610","7","34.620","3","-3","34.62","c1aa7759-3aff-4d43-b7df-d81443feaf5a","2022-02-03 10:36:02.193"
"ABB","34.610","2","34.620","18","-3","34.62","efcb8d52-7a1f-43ad-9dce-fa877dee5c92","2022-02-03 10:36:02.193"
"ABB","34.630","8","34.640","1","-3","34.64","df49afbb-c6b2-41bf-8fb8-87f5f46e4ae7","2022-02-03 10:36:38.222"
"ABB","34.700","5","34.720","42","3","34.70","596b6076-379f-4076-83d0-a380c09731d8","2022-02-03 10:42:16.777"
"ABB","34.690","4","34.700","6","-3","34.70","db3d0743-167a-4dd0-a091-90c8df75240c","2022-02-03 10:43:26.019"
"ABB","34.660","4","34.680","36","3","34.68","4dbe959a-68f7-473a-a339-f33144495a59","2022-02-03 10:48:30.006"
"ABB","34.630","7","34.640","1","-3","34.64","25cd3ecf-235a-4fef-92e9-55f1ee0a3954","2022-02-03 10:50:30.962"
"ABB","34.730","8","34.740","9","3","34.68","c5fd8b89-12c3-4ca9-bfab-747e82fd6a52","2022-02-03 11:03:03.380"
"ABB","34.720","11","34.730","5","3","34.68","d4465271-2f5e-49ba-bc71-e6ab60f23704","2022-02-03 11:03:03.380"
"ABB","34.730","7","34.740","16","3","34.68","43d62c8f-2aab-4f1f-a914-29928668d608","2022-02-03 11:03:03.380"
"ABB","34.730","4","34.740","6","3","34.68","d1b11a2b-8db3-4a96-aed6-2a63122f115c","2022-02-03 11:03:03.380"
"ABB","34.730","4","34.740","5","3","34.68","4e5cd2e2-0df7-49b8-b457-18302a743f2c","2022-02-03 11:03:03.380"
"ABB","34.720","35","34.730","6","3","34.65","275d01c7-96d9-4142-a7f9-2b1a5e7d31f3","2022-02-03 11:03:03.677"
"ABB","34.720","44","34.730","4","3","34.65","03abab2a-7d71-4cac-b1cf-4c66006d1585","2022-02-03 11:03:03.677"
"ABB","34.720","6","34.730","4","3","34.65","75f8b170-c4c0-46b0-bfe6-647f715d0410","2022-02-03 11:03:03.677"
"ABB","34.630","45","34.650","12","-3","34.65","9907ad01-1478-413d-b889-83fe5ab49e16","2022-02-03 11:03:23.963"
"ABB","34.630","45","34.650","12","-3","34.65","1bb52700-2aac-4c45-beb5-38780ca1923a","2022-02-03 11:03:23.963"
"ABB","34.630","45","34.650","12","-3","34.65","e2d2970f-fa09-4ea9-8079-7d22357cbf2c","2022-02-03 11:03:23.963"
"ABB","34.630","45","34.650","12","-3","34.65","ea87131d-2bcb-4dcb-9714-3f121b55c4b1","2022-02-03 11:03:23.963"
"ABB","34.640","1","34.650","8","-3","34.65","f7563f63-7146-4b83-8291-19b15b006e11","2022-02-03 11:04:11.576"
"ABB","34.640","1","34.650","8","-3","34.65","2fd66489-b58a-493a-a983-3f4efc51cb10","2022-02-03 11:04:11.576"
"ABB","34.630","46","34.650","8","-3","34.65","9dd82574-b482-4cb3-ab41-b77e47b87ff2","2022-02-03 11:04:11.576"
"ABB","34.660","15","34.670","7","-3","34.68","c83c3dcd-1ae4-4790-ab77-bf0860ef621b","2022-02-03 11:04:35.054"
"ABB","34.720","8","34.730","5","3","34.65","75b6b12e-cbd7-4605-914d-032f48670956","2022-02-03 11:20:44.263"
"ABB","34.720","41","34.740","7","3","34.64","2b319676-7192-43f1-b60f-33130161ff3c","2022-02-03 11:20:44.897"
"ABB","34.720","45","34.740","7","3","34.64","48fbf060-03b9-4664-870a-6e4577709a85","2022-02-03 11:20:44.897"
"ABB","34.720","45","34.730","4","3","34.64","09020478-6e7c-47df-9fdd-aa77ad2e998e","2022-02-03 11:20:44.897"
"ABB","34.730","10","34.740","6","3","34.64","8bb22441-340a-49c9-824c-c37d59c8fd3f","2022-02-03 11:20:44.897"
"ABB","34.730","42","34.740","6","3","34.64","de2c0466-8339-43d5-bc6b-c981ca7608be","2022-02-03 11:20:44.897"
"ABB","34.730","42","34.740","7","3","34.64","5aa8e471-8b2c-4a8d-a751-264011734eb9","2022-02-03 11:20:44.897"
"ABB","34.730","42","34.740","7","3","34.64","eea8d414-90e2-49c3-8b82-4516e4cf960e","2022-02-03 11:20:44.897"
"ABB","34.720","45","34.730","6","3","34.64","7f387ce3-a6f9-4019-a54a-73155caabdec","2022-02-03 11:20:44.897"
"ABB","34.720","45","34.730","5","3","34.64","b02f8f52-9c6f-444f-a6dd-41157628a6c2","2022-02-03 11:20:44.897"
"ABB","34.700","42","34.720","10","3","34.63","21f804f4-8e0e-4176-a569-3c02593bde3a","2022-02-03 11:21:16.678"
"ABB","34.720","4","34.730","6","3","34.63","c1f2b46d-aef3-441d-960c-ab291e246db9","2022-02-03 11:21:16.678"
"ABB","34.720","4","34.730","6","3","34.63","a90ae85e-fa9d-47cc-a857-93f12541221b","2022-02-03 11:21:16.678"
"ABB","34.720","6","34.730","2","3","34.63","808bd7a0-0083-44c8-a74f-6a326877e865","2022-02-03 11:21:16.678"
"ABB","34.710","7","34.720","11","3","34.63","8134d972-d9a2-4683-ad6f-f47d904afd96","2022-02-03 11:21:16.678"
"ABB","34.720","4","34.730","13","3","34.63","97411da8-d23f-469b-986c-5665592c00ef","2022-02-03 11:21:16.678"
"ABB","34.640","2","34.650","4","-3","34.65","b4b2a404-42da-42f6-a5b1-cd54e00b97c0","2022-02-03 11:21:45.818"
"ABB","34.640","2","34.650","4","-3","34.65","4675d360-e2ad-4fd7-b974-d4d6b89492fc","2022-02-03 11:21:45.818"
"ABB","34.640","2","34.650","4","-3","34.65","3e6c790f-72ba-45a1-bd87-25ebee0ae429","2022-02-03 11:21:45.818"
"ABB","34.640","2","34.650","4","-3","34.65","5ce29e11-690d-4ce4-9144-81007a9de5fc","2022-02-03 11:21:45.818"
"ABB","34.620","4","34.630","7","-3","34.63","25ec0116-6c5a-4128-b039-6d3a51dc6c73","2022-02-03 11:23:08.247"
"ABB","34.620","4","34.630","7","-3","34.63","facb24f3-ffa0-4375-b0b4-4e171c8a2b5f","2022-02-03 11:23:08.247"
"ABB","34.620","4","34.630","7","-3","34.63","fec7adc5-a0ad-4028-9921-05a0df0e8885","2022-02-03 11:23:08.247"
"ABB","34.620","4","34.630","7","-3","34.63","6dce3d5a-3a37-420b-80f5-63abda74ef69","2022-02-03 11:23:08.247"
"ABB","34.610","3","34.620","4","-3","34.62","a564caca-cdbf-4008-8e64-7e37195504c2","2022-02-03 11:25:47.789"
"ABB","34.610","3","34.620","4","-3","34.62","eb048da8-3622-4742-b1fc-947cda7a20a9","2022-02-03 11:25:47.789"
"ABB","34.610","3","34.620","4","-3","34.62","f2a38426-e4f3-4997-b933-0340e8d8253c","2022-02-03 11:25:47.789"
"ABB","34.610","3","34.620","4","-3","34.62","28894d13-cae6-481b-8016-1f323009eca0","2022-02-03 11:25:47.789"
"ABB","34.610","3","34.620","4","-3","34.62","448426e5-aace-43ce-af7d-c59b2485f10e","2022-02-03 11:25:47.789"
"ABB","34.610","3","34.620","4","-3","34.62","af12aa09-f966-4faf-ba2a-7e7f90745999","2022-02-03 11:25:47.789"
"ABB","34.610","5","34.620","2","-3","34.62","2b6d49af-31a5-4c3f-a562-9eb9d51c5e24","2022-02-03 11:26:00.161"
"ABB","34.660","1","34.670","42","3","34.59","d8a0c7c9-42f7-4ade-b400-d06cc0f2cc05","2022-02-03 11:26:41.518"
"ABB","34.660","6","34.670","34","3","34.59","097580af-297f-4571-90b3-9ca70eb4aee8","2022-02-03 11:26:41.518"
"ABB","34.660","4","34.680","7","3","34.59","f78af08a-79a9-42fc-bc3c-a35d8ea2a5c9","2022-02-03 11:26:41.518"
"ABB","34.620","2","34.630","5","-3","34.64","072d89ac-1327-49e1-9584-c9e50441be72","2022-02-03 11:27:25.834"
"ABB","34.630","2","34.640","6","-3","34.64","ae28b519-9988-4c0e-86b9-999d9f323c01","2022-02-03 11:27:52.018"
"ABB","34.630","1","34.640","6","-3","34.64","5ebb58c0-93a5-4e70-a598-ca9df05322d6","2022-02-03 11:28:33.887"
"ABB","34.630","4","34.640","12","-3","34.65","e77f5f5d-f697-4d57-aa6b-42d82692e6e5","2022-02-03 11:30:03.051"
"ABB","34.630","3","34.640","5","3","34.61","c91f6519-31e4-49a4-b51e-6762a1d4b8f5","2022-02-03 11:40:27.346"
"ABB","34.630","3","34.640","5","3","34.61","ac01ef7a-e34f-41e8-b409-8550203148a1","2022-02-03 11:40:27.346"
"ABB","34.630","3","34.640","5","3","34.61","294a7176-7e8c-488b-b632-a3d95b76413f","2022-02-03 11:40:27.346"
"ABB","34.630","3","34.640","5","3","34.61","74551822-69cf-4c3f-8060-ba012e60c321","2022-02-03 11:40:27.346"
"ABB","34.620","2","34.630","5","-3","34.63","3734adc8-da61-4f3f-ab10-8e0835092bdd","2022-02-03 11:41:03.352"
"ABB","34.620","2","34.630","5","-3","34.63","49ba72c0-2169-49bd-8e02-b0823654bb9a","2022-02-03 11:41:03.352"
"ABB","34.610","6","34.630","5","-3","34.63","3d33f993-a061-4d35-b26d-23799569e3e0","2022-02-03 11:41:03.352"
"ABB","34.660","4","34.680","8","3","34.56","03f7a0ff-5828-463b-8b9e-81f1b3d20c8f","2022-02-03 11:45:20.297"
"ABB","34.630","6","34.640","1","3","34.54","61f4df75-96df-4a77-accc-ca8be58b3eca","2022-02-03 11:47:23.548"
"ABB","34.620","5","34.630","10","3","34.54","86c48467-17b4-401c-b427-9d638b89ea46","2022-02-03 11:47:23.548"
"ABB","34.520","4","34.530","4","-3","34.53","3a42c879-7980-4239-9a66-3456455217e8","2022-02-03 11:48:31.075"
"ABB","34.520","4","34.530","4","-3","34.53","6586698b-8785-4e02-a7e8-bae8035e200a","2022-02-03 11:48:31.075"
"ABB","34.510","3","34.520","2","-3","34.52","e2af2715-2fbb-48a9-baf8-13fa1cde089b","2022-02-03 11:48:53.109"
"ABB","34.510","6","34.520","1","-3","34.52","d0649242-f1f9-4054-afc1-c7af8e0537f8","2022-02-03 11:48:53.109"
"ABB","34.610","1","34.630","43","3","34.39","7103475a-c740-478d-993c-8fc8afef2e18","2022-02-03 12:03:47.319"
"ABB","34.600","7","34.620","4","3","34.39","0511e469-61b9-4e38-9c54-59cde4d80b34","2022-02-03 12:03:47.319"
"ABB","34.600","3","34.620","41","3","34.39","eb4a9e69-17ba-4766-9804-0be42e9b4882","2022-02-03 12:03:47.319"
"ABB","34.610","4","34.640","35","3","34.39","4c6e3d98-d3fe-4625-8d31-0e1815452556","2022-02-03 12:03:47.319"
"ABB","34.390","3","34.400","6","-3","34.40","5bdaefde-f155-4fcf-acae-5bc50c8b1666","2022-02-03 12:06:00.902"
"ABB","34.390","3","34.400","6","-3","34.40","54647419-a055-45ab-abdd-26537d6f4b73","2022-02-03 12:06:00.902"
"ABB","34.390","3","34.400","6","-3","34.40","932bbf48-fcf6-4af0-85df-f0d5b98b4bc8","2022-02-03 12:06:00.902"
"ABB","34.370","5","34.380","4","-3","34.38","7872fcdb-5417-43bb-8397-4a7004cce684","2022-02-03 12:10:27.003"
"ABB","34.470","2","34.480","3","3","34.43","cafd4ea2-3a01-489a-88ad-1451701ea5f9","2022-02-03 12:43:38.315"
"ABB","34.470","4","34.480","4","3","34.43","ee0a63a8-ed4b-4970-8421-d65185d8265e","2022-02-03 12:43:38.315"
"ABB","34.420","6","34.440","5","-3","34.44","65e819cd-1c4e-49cd-91c0-f9dc2fe0524d","2022-02-03 12:46:48.058"
"ABB","34.420","6","34.440","5","-3","34.44","a9b423fe-6762-47e4-9058-2961be82a433","2022-02-03 12:46:48.058"
"ABB","34.480","9","34.500","4","3","34.40","e88626e8-64ea-41b0-aef1-9f627d352694","2022-02-03 12:48:07.181"
"ABB","34.480","5","34.490","1","3","34.40","f211af00-5bc6-4f4e-bbd7-83db4e75c5bd","2022-02-03 12:48:07.181"
"ABB","34.480","5","34.500","7","3","34.40","d563fca6-54f3-4723-b2c4-fb29ae8c805f","2022-02-03 12:48:07.181"
"ABB","34.480","3","34.500","5","3","34.40","59cece95-c918-4561-895c-a648d8942123","2022-02-03 12:48:07.181"
"ABB","34.480","3","34.500","5","3","34.40","fce83aaf-c67b-4089-8a1e-fcb62975a5e4","2022-02-03 12:48:07.181"
"ABB","34.480","3","34.500","5","3","34.40","14929b17-e368-42ca-a5e3-667410601c61","2022-02-03 12:48:07.181"
"ABB","34.480","6","34.500","2","3","34.40","1a9367f0-8775-4584-9f47-f08b90049be8","2022-02-03 12:48:07.181"
"ABB","34.470","3","34.480","3","3","34.40","0c84f377-35f5-40fa-8872-9ce197bdaf24","2022-02-03 12:48:07.181"
"ABB","34.470","3","34.480","3","3","34.40","3de03a5e-0c00-471f-9cfc-ea03bda2f57d","2022-02-03 12:48:07.181"
"ABB","34.410","2","34.420","4","3","34.39","a16128e1-1c5e-4b97-b9b0-b528b627cd62","2022-02-03 12:48:23.955"
"ABB","34.400","6","34.420","7","3","34.39","5895744e-11e3-4a7f-b065-05800a76c7ab","2022-02-03 12:48:23.955"
"ABB","34.440","6","34.450","3","3","34.39","5c7a0322-42d8-4cb8-8791-f8d9c0f7eba3","2022-02-03 12:48:23.955"
"ABB","34.440","6","34.450","3","3","34.39","15d415d4-fc10-4d91-9fcd-f6b6d5c29c40","2022-02-03 12:48:23.955"
"ABB","34.450","2","34.470","4","3","34.39","9e4550a3-06d3-49d6-b657-0ea94feb9002","2022-02-03 12:48:23.955"
"ABB","34.470","4","34.490","5","3","34.39","787a9dc8-4502-4bfd-96b8-46f3f0dc2cd5","2022-02-03 12:48:23.955"
"ABB","34.460","6","34.480","5","3","34.39","ec58c8de-6696-4f01-ad09-ad79829cf97a","2022-02-03 12:48:23.955"
"ABB","34.460","7","34.480","6","3","34.39","8ef4c0a2-a609-4174-a412-c1db4824c300","2022-02-03 12:48:23.955"
"ABB","34.460","7","34.480","6","3","34.39","0b97ead9-b455-4acf-b500-eada13f8944a","2022-02-03 12:48:23.955"
"ABB","34.480","3","34.490","1","3","34.39","7f423d17-257d-431e-bb30-232ec4cb01a5","2022-02-03 12:48:23.955"
"ABB","34.380","2","34.390","3","-3","34.39","9499b5bc-9eb7-4458-8664-b456269301d6","2022-02-03 12:49:12.350"
"ABB","34.390","12","34.400","4","-3","34.40","c255f639-5b40-440c-88cc-d0bc3f4be7fd","2022-02-03 12:50:03.713"
"ABB","34.390","12","34.400","4","-3","34.40","94465507-6dcb-4b12-a288-1e3e1784bd92","2022-02-03 12:50:03.713"
"ABB","34.390","12","34.400","4","-3","34.40","7e611895-b123-48b9-9e25-25699295dd06","2022-02-03 12:50:03.713"
"ABB","34.390","12","34.400","4","-3","34.40","0e2e4eea-0f38-49ef-8f5c-b0a526597372","2022-02-03 12:50:03.713"
"ABB","34.390","12","34.400","4","-3","34.40","9b250668-1018-4169-a504-e047c548ff54","2022-02-03 12:50:03.713"
"ABB","34.390","12","34.400","4","-3","34.40","deba91a6-c20a-428f-b303-36d3b7614bf5","2022-02-03 12:50:03.713"
"ABB","34.390","12","34.400","4","-3","34.40","aef2ee66-e97a-46b3-95f8-47fb19e4e509","2022-02-03 12:50:03.713"
"ABB","34.390","12","34.400","4","-3","34.40","241de599-572f-47ad-9daf-b2fadde961c8","2022-02-03 12:50:03.713"
"ABB","34.390","12","34.400","4","-3","34.40","8a7fe4ea-c573-4584-b8b7-fae986780a80","2022-02-03 12:50:03.713"
"ABB","34.390","1","34.400","5","-3","34.40","71ddfbff-f512-45ba-a409-16bc95da7088","2022-02-03 12:50:03.713"
"ABB","34.390","1","34.400","5","-3","34.40","fb9c4774-9257-490c-9344-c4c87cafcdaa","2022-02-03 12:50:03.713"
"ABB","34.390","1","34.400","5","-3","34.40","e541e0db-f581-409d-b81a-01a165a3fdcb","2022-02-03 12:50:03.713"
"ABB","34.390","1","34.400","5","-3","34.40","b7fcdb35-3977-4602-8369-ad019d46586a","2022-02-03 12:50:03.713"
"ABB","34.390","1","34.400","5","-3","34.40","9ec0842a-fdd3-41e3-8665-232a419f6cd1","2022-02-03 12:50:03.713"
"ABB","34.390","5","34.400","4","-3","34.40","304f40a5-173a-44d3-8381-a2cefdb1ef33","2022-02-03 12:50:03.713"
"ABB","34.390","5","34.400","4","-3","34.40","a92a37e9-3d7b-48b8-9ec0-d175fd8b4643","2022-02-03 12:50:03.713"
"ABB","34.380","4","34.400","7","-3","34.40","907e2cc5-3da6-4ca4-93b3-fe575fbe5ebe","2022-02-03 12:50:03.713"
"ABB","34.390","4","34.400","4","-3","34.40","ba3ddf92-5e95-4a39-b936-e7397d933e80","2022-02-03 12:50:31.260"
"ABB","34.420","7","34.440","5","3","34.42","7488f35c-b7c9-430d-b5b6-1cf2c13ce7bf","2022-02-03 13:12:55.577"
"ABB","34.420","5","34.440","3","3","34.42","1e235920-715b-4cbe-8bd4-c900a6edaa6d","2022-02-03 13:12:55.577"
"ABB","34.440","4","34.450","6","-3","34.45","60ac1499-d571-470c-913a-294a7d2901be","2022-02-03 13:16:03.769"
"ABB","34.430","2","34.440","3","-3","34.44","fd74b119-eb5a-4b9c-b4f8-1cabed2e30ad","2022-02-03 13:18:25.299"
"ABB","34.550","3","34.560","2","3","34.52","558f2be2-9bcf-4adc-ad98-d3061656be20","2022-02-03 14:06:30.631"
"ABB","34.550","3","34.560","6","3","34.52","cdcb25db-fa13-41b5-a929-6276fba70560","2022-02-03 14:06:30.631"
"ABB","34.550","3","34.560","6","3","34.52","cd07d961-3c9a-49aa-8770-86a9072ce2d6","2022-02-03 14:06:30.631"
"ABB","34.550","5","34.570","4","3","34.51","07e76717-6f0d-43fa-a96c-31439ecab1ad","2022-02-03 14:06:33.059"
"ABB","34.550","5","34.570","4","3","34.51","eff59acb-0ed2-4513-8c27-776bd92ee57a","2022-02-03 14:06:33.059"
"ABB","34.540","3","34.550","4","3","34.51","2c60d265-3044-464d-b07a-8e60fc5bd053","2022-02-03 14:06:33.059"
"ABB","34.540","3","34.550","4","3","34.51","f9d469c2-962e-4b4a-971b-623637733bc7","2022-02-03 14:06:33.059"
"ABB","34.500","11","34.510","3","-3","34.51","f9cbac7c-b4fa-4dcb-a9f3-aa3bc110dc38","2022-02-03 14:10:42.050"
"ABB","34.530","2","34.540","2","3","34.49","9c5f3578-22d4-4167-9d3e-7e48617dd2bc","2022-02-03 14:11:57.538"
"ABB","34.540","12","34.560","3","3","34.49","3f3d9d0d-ccb3-4b1b-b747-4d8591e315ba","2022-02-03 14:11:57.538"
"ABB","34.550","5","34.570","3","3","34.49","588f1800-bc9f-4d20-a085-3308118219ac","2022-02-03 14:11:57.538"
"ABB","34.510","7","34.530","3","3","34.48","53c8dfe0-cd73-46c6-a58c-3c28c75423d3","2022-02-03 14:13:52.553"
"ABB","34.480","3","34.490","6","-3","34.49","4d0f0261-74f2-4ba3-b6a4-5841a27fa8a8","2022-02-03 14:15:07.896"
"ABB","34.480","3","34.490","6","-3","34.49","967f557d-d53f-41b0-8b5c-d8a496e0aeaa","2022-02-03 14:15:07.896"
"ABB","34.480","3","34.490","6","-3","34.49","54af61a2-8680-4f92-be16-c92dc578bf45","2022-02-03 14:15:07.896"
"ABB","34.480","3","34.490","6","-3","34.49","a8ff4421-425f-4edb-9cf3-b8904546263b","2022-02-03 14:15:07.896"
"ABB","34.480","3","34.490","6","-3","34.49","ff01b667-3f9d-415d-9dcf-594931b0392b","2022-02-03 14:15:07.896"
"ABB","34.480","3","34.490","6","-3","34.49","122e6bde-1c8f-4ec5-b5f5-2a7cd88167e4","2022-02-03 14:15:07.896"
"ABB","34.480","3","34.490","6","-3","34.49","9b3639fd-9947-4f2e-b5d9-d06861e31e66","2022-02-03 14:15:07.896"
"ABB","34.480","3","34.490","6","-3","34.49","f79f3fef-cd79-4831-b34c-4ba893595c2c","2022-02-03 14:15:07.896"
"ABB","34.480","3","34.490","6","-3","34.49","21b0de1d-3ed4-40e6-8866-7ebdcfb0828f","2022-02-03 14:15:07.896"
"ABB","34.480","5","34.490","8","-3","34.49","da9238fc-34fc-40e4-a55b-a02b5856c1b5","2022-02-03 14:15:07.896"
"ABB","34.450","2","34.460","4","3","34.42","a8b614ad-57b8-4933-9541-ee25b9b9f603","2022-02-03 14:26:33.375"
"ABB","34.450","3","34.470","6","3","34.42","afb47b49-b193-483d-9323-5670b5ae9d94","2022-02-03 14:26:33.375"
"ABB","34.460","5","34.480","7","3","34.42","0984aca6-5a2d-486b-a894-02ae8999b683","2022-02-03 14:26:33.375"
"ABB","34.460","3","34.470","4","3","34.42","084f488e-53ba-4a25-a344-303c370cd351","2022-02-03 14:26:33.375"
"ABB","34.410","9","34.420","6","-3","34.42","22675f54-2d60-4a77-ad96-54a7d9fb4740","2022-02-03 14:28:25.887"
"ABB","34.400","18","34.410","8","-3","34.41","2c91f7b7-fe62-4559-817d-936ac1ef86ff","2022-02-03 14:28:53.807"
"ABB","34.400","18","34.410","8","-3","34.41","4b75cfc3-0dec-4f20-bb7c-59e58aaf4eea","2022-02-03 14:28:53.807"
"ABB","34.400","24","34.410","1","-3","34.42","9e68207a-6438-49c1-897a-9853a5655d39","2022-02-03 14:29:32.865"
"ABB","34.440","5","34.450","4","3","34.38","950374b3-1256-4128-a696-34193b014866","2022-02-03 14:36:07.945"
"ABB","34.420","10","34.440","4","3","34.38","5ebcd5eb-4d15-4665-9e44-77d3315cadad","2022-02-03 14:36:07.945"
"ABB","34.420","10","34.440","8","3","34.38","58aa4e68-2e9b-4840-bdad-14516c07925b","2022-02-03 14:36:07.945"
"ABB","34.420","10","34.440","8","3","34.38","e337d395-7649-4d63-b342-5c307dfdeaa8","2022-02-03 14:36:07.945"
"ABB","34.410","1","34.420","6","3","34.38","e94f0e13-3770-4c1b-98f9-c7ebb1eba4ba","2022-02-03 14:36:07.945"
"ABB","34.400","10","34.420","6","3","34.38","e36538a3-f8db-4223-bce7-f3adcdb63764","2022-02-03 14:36:07.945"
"ABB","34.660","1","34.670","6","3","34.36","83363e00-dd56-439c-adc5-0682ffb6e131","2022-02-03 14:36:46.795"
"ABB","34.350","2","34.360","5","-3","34.36","74c5afb6-a1fc-45de-a51f-20f91633d460","2022-02-03 14:37:23.790"
"ABB","34.350","2","34.360","5","-3","34.36","282bbec2-c16e-4661-99d5-0b03677e1a7b","2022-02-03 14:37:23.790"
"ABB","34.350","2","34.360","5","-3","34.36","1e937882-a73e-44e3-9b16-d6aa9d8bd20a","2022-02-03 14:37:23.790"
"ABB","34.350","2","34.360","5","-3","34.36","c7a9c20a-268a-43a9-813d-97999a088825","2022-02-03 14:37:23.790"
"ABB","34.350","1","34.360","5","-3","34.36","534e05b8-ea9a-4c77-a8c3-959fb8aa55fa","2022-02-03 14:37:40.469"
"ABB","34.350","1","34.360","5","-3","34.36","99bb9174-84a9-4cb0-8fd8-db8a46258bbf","2022-02-03 14:37:40.469"
"ABB","34.350","1","34.360","5","-3","34.36","9762f1c6-a531-4351-a386-4632f35b7f36","2022-02-03 14:37:40.469"
"ABB","34.340","6","34.350","4","3","34.35","a4c07ce1-7579-40d7-9d2d-59156e0cbeb3","2022-02-03 14:55:10.006"
"ABB","34.380","5","34.390","10","-3","34.39","78221045-6c75-4687-abe3-79e630f951c1","2022-02-03 15:00:09.743"
"ABB","34.380","8","34.390","5","3","34.33","35b842b0-df43-4c70-be2b-100c971b6b3f","2022-02-03 15:04:25.345"
"ABB","34.370","4","34.380","9","3","34.32","10acefc2-0491-42cf-a6bc-ebe8b07f89a2","2022-02-03 15:04:28.202"
"ABB","34.370","4","34.380","3","3","34.32","ff849e4e-b54f-4cc9-9cdf-9297e727a47a","2022-02-03 15:04:28.202"
"ABB","34.370","4","34.380","3","3","34.32","d62aae3c-f2f4-4f4e-83fb-120e988655b1","2022-02-03 15:04:28.202"
"ABB","34.370","3","34.380","3","3","34.32","c0f45f33-f573-4e5a-a17d-5a581337604f","2022-02-03 15:04:28.202"
"ABB","34.370","3","34.380","7","3","34.32","874b52d3-9865-4131-b996-0d770cd7e4a6","2022-02-03 15:04:28.202"
"ABB","34.370","3","34.380","7","3","34.32","0013ab21-e276-43ba-a9fd-f2a28a86fd2a","2022-02-03 15:04:28.202"
"ABB","34.360","7","34.370","6","3","34.32","2596d07e-fad4-48d9-a8d2-43cd230907a2","2022-02-03 15:04:28.202"
"ABB","34.310","6","34.330","21","-3","34.33","bb0c7f9c-f4e1-4640-a2e7-395482c186a8","2022-02-03 15:05:02.433"
"ABB","34.310","6","34.330","21","-3","34.33","06449555-f751-4b14-8e3e-f83eec6730c3","2022-02-03 15:05:02.433"
"ABB","34.310","6","34.330","21","-3","34.33","1428fa5c-6ad4-4138-b073-542f3ffd0a97","2022-02-03 15:05:02.433"
"ABB","34.310","6","34.330","21","-3","34.33","c707a118-9fed-472c-8f49-52506f5873dd","2022-02-03 15:05:02.433"
"ABB","34.310","5","34.320","6","-3","34.32","44288930-901e-42bf-b2a9-c9069db8e8b6","2022-02-03 15:05:50.635"
"ABB","34.310","5","34.320","5","-3","34.32","6bbe20fa-1505-4276-8991-243d1dc3d3b5","2022-02-03 15:05:50.635"
"ABB","34.310","6","34.330","20","-3","34.33","3c067d1d-08b2-449c-b658-0c7157ec9fe7","2022-02-03 15:11:31.492"
"ABB","34.310","6","34.330","20","-3","34.33","fcf702bc-b63d-4493-ad81-06812a146ca2","2022-02-03 15:11:31.492"
"ABB","34.390","6","34.410","6","3","34.36","f17b04c2-d88b-469c-af04-cc168300df71","2022-02-03 15:33:41.066"
"ABB","34.390","7","34.410","6","3","34.36","23003613-8985-49ef-9bb9-8afa755a5185","2022-02-03 15:33:41.066"
"ABB","34.390","11","34.410","6","3","34.36","a67253ab-b655-41e7-9255-aa26562dc675","2022-02-03 15:33:41.066"
"ABB","34.390","11","34.410","6","3","34.36","cbf13689-33ef-4074-a0ef-cefc3c078eb0","2022-02-03 15:33:41.066"
"ABB","34.390","11","34.410","6","3","34.36","f1b7d4c6-d902-4e72-9157-f1de4cf5a3af","2022-02-03 15:33:41.066"
"ABB","34.390","12","34.410","7","3","34.36","89e8b36b-ae7f-4de2-a144-9ae3d2b6d686","2022-02-03 15:33:41.066"
"ABB","34.350","5","34.360","6","3","34.34","7211ce82-a504-42f0-a637-c6562f8a2f8c","2022-02-03 15:34:18.910"
"ABB","34.350","5","34.360","6","3","34.34","a152d743-1919-4347-96de-5a80af9db479","2022-02-03 15:34:18.910"
"ABB","34.410","9","34.420","5","3","34.34","7b85a7b0-ad3f-45cc-a513-cdeed4588ab6","2022-02-03 15:34:18.910"
"ABB","34.410","9","34.420","5","3","34.34","a32f111b-f04a-4d44-ae28-1c658f91b3fc","2022-02-03 15:34:18.910"
"ABB","34.400","7","34.410","14","3","34.34","fed86432-d366-4dc8-bcb0-4ead1c4c21c1","2022-02-03 15:34:18.910"
"ABB","34.310","8","34.320","12","-33","34.31","9dd40717-91f8-4db5-bfb6-b4268579e658","2022-02-03 15:48:00.006"
"ALC","77.790","2","77.880","8","2","77.50","28691023-bea8-4b1b-bef5-7be16dc4fe92","2022-02-03 10:32:44.916"
"ALC","77.800","7","77.880","8","2","77.50","5fb8b45e-1916-465b-b8d6-fb52b146c715","2022-02-03 10:32:44.916"
"ALC","77.770","1","77.850","2","2","77.50","13c5e9ef-f51c-4219-bfe7-3b0fc93e9bb2","2022-02-03 10:32:44.916"
"ALC","77.730","1","77.800","7","2","77.47","13ad10a9-90e8-44cc-b320-dfc4dbdf5480","2022-02-03 10:35:10.269"
"ALC","77.740","8","77.800","1","2","77.47","2a854139-8cb5-40af-8e62-e9d357f7dbac","2022-02-03 10:35:10.269"
"ALC","77.740","7","77.800","1","2","77.47","cd1693d8-2b0c-4814-8933-ab4929ee9cd5","2022-02-03 10:35:10.269"
"ALC","77.760","1","77.840","7","2","77.47","b55da4a0-7ff1-474a-b0ba-522730981687","2022-02-03 10:35:10.269"
"ALC","77.740","3","77.820","7","2","77.47","4673803f-51ab-435a-84a9-f966a4c435ca","2022-02-03 10:35:10.269"
"ALC","77.760","7","77.820","1","2","77.47","59e64f35-b3ef-4b01-a8d2-7c1ef3446008","2022-02-03 10:35:10.269"
"ALC","77.760","7","77.820","1","2","77.47","72143b78-42aa-414f-a16d-65a7725be45f","2022-02-03 10:35:10.269"
"ALC","77.740","6","77.790","3","2","77.47","f26cbec7-3966-4196-9817-bf93c744708d","2022-02-03 10:35:10.269"
"ALC","77.620","7","77.680","7","2","77.47","4fd57f19-5919-4d5f-a4d2-3036fc83570e","2022-02-03 10:35:10.269"
"ALC","77.620","9","77.690","1","2","77.47","6f45ee17-21ce-4c37-848e-f29be4defe39","2022-02-03 10:35:10.269"
"ALC","77.600","2","77.680","9","2","77.47","9949bf47-677c-4d8e-8154-c8fc382812b1","2022-02-03 10:35:10.269"
"ALC","77.540","7","77.620","7","2","77.47","9d3b9a70-600c-408e-b785-79b3a8e70902","2022-02-03 10:35:10.269"
"ALC","77.460","9","77.520","1","-2","77.52","448c44ed-8822-44b4-86b8-02446f3a5681","2022-02-03 10:35:43.352"
"ALC","77.460","9","77.520","1","-2","77.52","9af94846-04e9-47db-8f83-a9052cdea720","2022-02-03 10:35:43.352"
"ALC","77.460","9","77.520","1","-2","77.52","ff26a4a3-81f0-44cf-b491-6ab86e8b769c","2022-02-03 10:35:43.352"
"ALC","77.460","9","77.520","1","-2","77.52","446a3820-85ef-43c6-ae9d-4cbd4c4de7a6","2022-02-03 10:35:43.352"
"ALC","77.460","9","77.520","1","-2","77.52","768297c9-ab30-4f89-a91d-6963192fcdf0","2022-02-03 10:35:43.352"
"ALC","77.460","9","77.520","1","-2","77.52","145ea2af-0d6b-4aaf-9602-9ff65a93e154","2022-02-03 10:35:43.352"
"ALC","77.460","9","77.520","1","-2","77.52","56064171-004d-4b65-8ea6-aa4949b89d46","2022-02-03 10:35:43.352"
"ALC","77.460","9","77.520","1","-2","77.52","5895b807-54d1-4405-9f18-94a4cdc887cd","2022-02-03 10:35:43.352"
"ALC","77.530","1","77.580","7","-2","77.58","71ec5eaf-dc6f-4ef7-9c31-e95bf7cdec91","2022-02-03 10:37:52.523"
"ALC","77.530","1","77.580","7","-2","77.58","ee9b8795-92a5-4289-aaa9-67d18cea2386","2022-02-03 10:37:52.523"
"ALC","77.530","1","77.580","7","-2","77.58","c2c3c707-4e3f-45be-af33-d3822df6976b","2022-02-03 10:37:52.523"
"ALC","77.520","7","77.580","7","-2","77.58","b25d7360-24c0-4cf3-90d0-75df239ad408","2022-02-03 10:39:11.673"
"ALC","77.500","9","77.580","7","-2","77.58","a1a78ea3-e201-467c-9268-38c4209a3f63","2022-02-03 10:40:46.043"
"ALC","77.520","9","77.590","2","-2","77.59","5767dd49-8b86-4fd5-8dc0-7c8c2809166f","2022-02-03 10:41:36.422"
"ALC","77.640","7","77.690","2","2","77.42","f723e0bb-6d43-4529-b760-2199d0c34d2a","2022-02-03 10:46:44.646"
"ALC","77.620","9","77.680","1","2","77.42","c4e1d23f-b899-4720-8c38-1d21b0c4b599","2022-02-03 10:46:44.646"
"ALC","77.640","7","77.720","7","2","77.42","8efd7695-5a62-4061-a459-424ab208436b","2022-02-03 10:46:44.646"
"ALC","77.640","7","77.710","1","2","77.42","556586f3-9f75-4ec9-ac0e-64d0dc1923bb","2022-02-03 10:46:44.646"
"ALC","77.660","7","77.720","7","2","77.42","9c516d69-fba5-41a3-bdd4-98f855926126","2022-02-03 10:46:44.646"
"ALC","77.620","1","77.680","7","2","77.42","e9a35f35-7e5d-45a2-9424-dc6b5ff229e4","2022-02-03 10:46:44.646"
"ALC","77.620","1","77.680","7","2","77.42","16d9886c-ad08-4154-933d-93f9fda58027","2022-02-03 10:46:44.646"
"ALC","77.620","1","77.680","7","2","77.42","c0b421b6-111f-490b-add4-a05b1a217d61","2022-02-03 10:46:44.646"
"ALC","77.660","9","77.740","7","2","77.42","b3a87d09-ba8e-4af3-98aa-39178da779a3","2022-02-03 10:46:44.646"
"ALC","77.380","9","77.440","2","-2","77.44","ebde2ddd-d090-4839-91e2-81ba269829e5","2022-02-03 10:47:52.203"
"ALC","77.380","9","77.440","2","-2","77.44","2163deb5-6c63-4a23-9641-13e64726111d","2022-02-03 10:47:52.203"
"ALC","77.380","9","77.440","2","-2","77.44","a73a4a57-0742-495a-9561-d838ff6fbd78","2022-02-03 10:47:52.203"
"ALC","77.380","9","77.440","2","-2","77.44","f9bf0076-13cc-4d4a-ba98-c1691365b249","2022-02-03 10:47:52.203"
"ALC","77.380","9","77.440","2","-2","77.44","0aa60948-defe-4d73-8f15-a7d2818f9a82","2022-02-03 10:47:52.203"
"ALC","77.360","7","77.410","1","-2","77.41","bef47108-e0d9-44b2-a0ab-5f34d36b2fa2","2022-02-03 10:53:01.592"
"ALC","77.360","7","77.410","1","-2","77.41","756eb5a0-4a32-40c1-9225-d828b6f1bd02","2022-02-03 10:53:01.592"
"ALC","77.360","7","77.410","1","-2","77.41","d928149d-96e6-4027-a7ba-77be62bf6a67","2022-02-03 10:53:01.592"
"ALC","77.360","7","77.410","1","-2","77.41","9090ce70-388a-4e0e-8c79-bc98dd2d6c83","2022-02-03 10:53:01.592"
"ALC","77.360","7","77.410","1","-2","77.41","f4a87696-e648-418c-8a06-864179edf5f3","2022-02-03 10:53:01.592"
"ALC","77.570","3","77.660","2","2","77.42","dd97e237-a9a0-43ba-9cd4-0624bbe36bb5","2022-02-03 11:29:55.256"
"ALC","77.570","3","77.660","2","2","77.42","32cb8a0a-e229-4e10-8f8d-b5a1c142a99b","2022-02-03 11:29:55.256"
"ALC","77.570","3","77.660","2","2","77.42","1e2c4520-9883-4488-a5a6-3e2a19fbfc96","2022-02-03 11:29:55.256"
"ALC","77.620","9","77.700","2","2","77.42","9793926a-e841-4584-89c6-7815ee1a0b71","2022-02-03 11:29:55.256"
"ALC","77.620","1","77.720","8","2","77.42","8cb50edb-5452-4934-81c7-832870a323fd","2022-02-03 11:29:55.256"
"ALC","77.540","3","77.620","5","2","77.42","5dea2852-1d3a-480a-86b5-18e8f27b002b","2022-02-03 11:29:55.256"
"ALC","77.560","1","77.590","6","2","77.40","28329726-fea3-45af-8110-1ab4d2f7a015","2022-02-03 11:29:59.327"
"ALC","77.560","1","77.600","1","2","77.40","737cc344-d23c-4f38-be84-391ddf87db21","2022-02-03 11:29:59.327"
"ALC","77.560","1","77.600","6","2","77.40","c7c559b6-7459-4e68-b5a4-bd6ecbfa0ecc","2022-02-03 11:29:59.327"
"ALC","77.510","5","77.590","1","2","77.40","49a225ee-0793-4dfc-81ae-7915c8c38397","2022-02-03 11:29:59.327"
"ALC","77.540","3","77.620","2","2","77.40","e9b968ef-bb3d-4d19-a17c-59f7f01c09e8","2022-02-03 11:29:59.327"
"ALC","77.570","3","77.660","2","2","77.40","ee98196d-e1fe-47b7-a6bb-8a64e53c207c","2022-02-03 11:29:59.327"
"ALC","77.560","4","77.660","1","2","77.39","4fa61c26-af85-4644-9174-660e33f712f3","2022-02-03 11:29:59.328"
"ALC","77.560","4","77.660","1","2","77.39","efc2f325-237e-42be-81af-f57e6fd7082f","2022-02-03 11:29:59.328"
"ALC","77.560","4","77.660","1","2","77.39","dccaf142-b06d-42bc-9c8a-42a993960841","2022-02-03 11:29:59.328"
"ALC","77.560","3","77.660","1","2","77.39","aa05cc06-e150-4b0d-9bd9-db2cd6d4fa58","2022-02-03 11:29:59.328"
"ALC","77.570","1","77.660","5","2","77.39","1a95e98d-0079-45ff-baef-6412f77950a4","2022-02-03 11:29:59.328"
"ALC","77.450","1","77.520","8","2","77.36","81476d73-db69-42e7-8615-e520b71472f4","2022-02-03 11:31:26.456"
"ALC","77.440","1","77.500","7","2","77.36","1ecf7afa-cc63-490d-9bff-fbaee087c130","2022-02-03 11:31:26.456"
"ALC","77.420","7","77.480","7","2","77.36","f2dacb93-dffb-496f-a925-970c34fd3f6b","2022-02-03 11:31:26.456"
"ALC","77.400","7","77.480","9","2","77.36","549140a0-ac8b-4f93-8247-1237d8a39da8","2022-02-03 11:31:26.456"
"ALC","77.400","7","77.480","9","2","77.36","bd30e6ad-f5e3-4f10-b0f0-8d69c74a205f","2022-02-03 11:31:26.456"
"ALC","77.420","8","77.500","8","2","77.36","8cdd3c13-7526-4486-b5e4-e3d645b7e6f8","2022-02-03 11:31:26.456"
"ALC","77.420","1","77.500","9","2","77.36","f1771a3e-e8b3-45c2-9081-ae757af1e219","2022-02-03 11:31:26.456"
"ALC","77.420","10","77.500","9","2","77.36","496e0be7-ccf6-463a-baa6-a9027dbae7eb","2022-02-03 11:31:26.456"
"ALC","77.460","1","77.520","8","2","77.36","43c64675-2598-4e02-a4ab-f6db509d6074","2022-02-03 11:31:26.456"
"ALC","77.460","1","77.520","8","2","77.36","1b8f2874-7825-4266-98fa-601e4150537d","2022-02-03 11:31:26.456"
"ALC","77.500","2","77.540","7","2","77.36","a18a01b8-c7e2-4b5a-89a1-fca98daf4a71","2022-02-03 11:31:26.456"
"ALC","77.320","1","77.430","2","-2","77.43","1ebf0cda-ade4-4acf-b1b7-7718f7ba6c23","2022-02-03 11:48:20.578"
"ALC","77.320","1","77.430","2","-2","77.43","67579279-d130-48f9-b76e-e6a1b16d845d","2022-02-03 11:48:20.578"
"ALC","77.320","1","77.430","2","-2","77.43","fec3494c-5423-45c6-8409-a4c31cd7cc7e","2022-02-03 11:48:20.578"
"ALC","77.320","1","77.430","2","-2","77.43","19ca3f12-30aa-451d-85bb-f7776a507f9c","2022-02-03 11:48:20.578"
"ALC","77.320","1","77.430","2","-2","77.43","97744022-6c12-47e5-8eaf-8cc1abe017a1","2022-02-03 11:48:20.578"
"ALC","77.320","1","77.430","2","-2","77.43","9be4fda1-3341-4045-8628-c3d7e1d3a23b","2022-02-03 11:48:20.578"
"ALC","77.320","1","77.430","2","-2","77.43","2819df0b-2a15-44c8-8314-8fd203eaca71","2022-02-03 11:48:20.578"
"ALC","77.320","1","77.430","2","-2","77.43","d74d723c-0c3e-4f34-8dab-07c4bbd1daba","2022-02-03 11:48:20.578"
"ALC","77.320","1","77.430","2","-2","77.43","6033bde6-57ca-4ebf-a063-a70ea3051191","2022-02-03 11:48:20.578"
"ALC","77.320","1","77.430","2","-2","77.43","eac0dde5-76f4-4111-9ffa-49b3ab821580","2022-02-03 11:48:20.578"
"ALC","77.320","1","77.430","2","-2","77.43","44a814f3-2cf8-4ad8-ba49-a7c512b60126","2022-02-03 11:48:20.578"
"ALC","77.320","1","77.430","2","-2","77.43","0871257b-ecfe-4bd7-b33d-bc9ba345039b","2022-02-03 11:48:20.578"
"ALC","77.320","1","77.430","2","-2","77.43","9f162d26-b6e4-4ac2-a313-75eaa947a508","2022-02-03 11:48:20.578"
"ALC","77.320","1","77.430","2","-2","77.43","e175ca2d-5852-421a-bc75-2c4f832e710d","2022-02-03 11:48:20.578"
"ALC","77.320","1","77.430","2","-2","77.43","64305286-803a-4965-b936-67c20784efea","2022-02-03 11:48:20.578"
"ALC","77.320","1","77.430","2","-2","77.43","3139ed87-fc64-49ae-af82-16c7744f8010","2022-02-03 11:48:20.578"
"ALC","77.320","2","77.430","1","-2","77.43","59e64fe5-818d-4d64-9d98-ff084a235fa0","2022-02-03 11:48:20.578"
"ALC","77.320","2","77.430","1","-2","77.43","3c3debe0-0a16-4ceb-9c5f-fb1040093a69","2022-02-03 11:48:20.578"
"ALC","77.320","2","77.430","1","-2","77.43","049f7d8b-aae8-4dce-bf79-9ae2d5656eb2","2022-02-03 11:48:20.578"
"ALC","77.320","2","77.430","1","-2","77.43","68ec07ae-1223-4e79-9d47-e35f919d56c5","2022-02-03 11:48:20.578"
"ALC","77.320","2","77.430","1","-2","77.43","a17a89b5-ef21-4bc9-965e-ebbbe6dad238","2022-02-03 11:48:20.578"
"ALC","77.320","2","77.430","1","-2","77.43","891d4da1-8544-42d0-b479-2e5695e36964","2022-02-03 11:48:20.578"
"ALC","77.320","2","77.430","1","-2","77.43","d33e4309-39fc-44d0-9a66-fbd91a87b210","2022-02-03 11:48:51.379"
"ALC","77.320","2","77.430","1","-2","77.43","470f2343-f72d-41f2-ab3d-c1fbc3e7e992","2022-02-03 11:48:51.379"
"ALC","77.320","2","77.430","1","-2","77.43","8625c4d5-e9a5-4e57-a3a2-ee9acc77533c","2022-02-03 11:48:51.379"
"ALC","77.320","2","77.430","1","-2","77.43","45da63be-d6e1-4612-8f83-43f0770628c6","2022-02-03 11:48:51.379"
"ALC","77.350","2","77.470","2","-2","77.47","b2b716a0-699d-406d-9a60-ceed62b6f937","2022-02-03 11:50:20.186"
"ALC","77.350","2","77.470","2","-2","77.47","f270814d-2584-463c-8116-a61233592ddf","2022-02-03 11:50:20.186"
"ALC","77.360","1","77.510","4","2","77.36","edae4105-2b7e-45e7-b8c1-00f5ca70fde5","2022-02-03 11:54:32.186"
"ALC","77.360","1","77.510","4","2","77.34","82bceee8-a06d-4d5f-9fc1-59316ba36da4","2022-02-03 11:54:32.187"
"ALC","77.360","1","77.510","4","2","77.34","33a326a3-854e-43ce-83fc-bbbcb4cb8e0d","2022-02-03 11:54:32.187"
"ALC","77.360","1","77.510","4","2","77.34","314aec1a-97f5-461d-80d2-50d063c6f0ad","2022-02-03 11:54:32.187"
"ALC","77.010","1","77.160","2","-2","77.16","d4fe3660-46a8-492f-9788-cbee06c5c97e","2022-02-03 12:04:30.505"
"ALC","77.010","2","77.160","2","-2","77.16","f065e834-f55d-487b-9b27-6adfde460c4c","2022-02-03 12:04:30.505"
"ALC","77.010","2","77.160","2","-2","77.16","5be8e64c-3049-4093-a0c4-813a616378d5","2022-02-03 12:04:30.505"
"ALC","77.030","1","77.160","2","-2","77.21","38cb1355-7c12-4e18-b9d8-33559bf92ae3","2022-02-03 12:06:26.180"
"ALC","77.160","1","77.290","2","2","77.18","47bb8043-4a96-4ddb-a619-fbf796b0947b","2022-02-03 12:12:55.543"
"ALC","77.110","2","77.230","3","-2","77.24","fd438fb2-03c6-4774-971a-9516ec59e24d","2022-02-03 12:21:43.998"
"ALC","77.250","3","77.340","1","2","77.19","d5e3cfe7-b603-4a46-98a6-4c96fe9cdeb5","2022-02-03 12:47:33.851"
"ALC","77.160","3","77.240","1","-2","77.24","66f13a68-4e89-44fa-84ea-bbe2c4e32a34","2022-02-03 12:47:53.779"
"ALC","77.250","1","77.340","1","2","77.18","9a095fec-ee40-48b3-adaa-c7894ea60680","2022-02-03 12:47:54.141"
"ALC","77.260","2","77.340","1","2","77.18","6bea208b-f39d-4064-9966-e4b58848d4b1","2022-02-03 12:47:54.141"
"ALC","77.260","2","77.340","1","2","77.18","42a41500-a277-40dc-8072-19976ebcdb83","2022-02-03 12:47:54.141"
"ALC","77.260","2","77.340","1","2","77.18","1d1c9c4d-9326-47fc-920d-f664e819bab6","2022-02-03 12:47:54.141"
"ALC","77.250","2","77.340","1","2","77.18","247904de-62e3-4471-be3b-be4368bacfc7","2022-02-03 12:47:54.141"
"ALC","77.240","1","77.340","1","2","77.13","32715be1-7350-4e88-aff0-18176663c63b","2022-02-03 12:48:30.189"
"ALC","77.240","3","77.340","1","2","77.13","81cd5eaa-383c-4d34-b65c-d275a10bcc9e","2022-02-03 12:48:30.189"
"ALC","77.240","3","77.340","1","2","77.13","1a4bc630-b52f-4ac6-a165-dd41d603ac7e","2022-02-03 12:48:30.189"
"ALC","77.240","4","77.340","2","2","77.13","452f7a89-1462-44ef-a6b7-f26bb6c39735","2022-02-03 12:48:30.189"
"ALC","77.240","4","77.340","1","2","77.13","9a15030f-2431-4f93-86d6-56b0cd07c0ca","2022-02-03 12:48:30.189"
"ALC","77.250","3","77.340","1","2","77.13","236c9be9-93c1-4b6f-b63a-e34c06b70e74","2022-02-03 12:48:30.189"
"ALC","77.250","3","77.340","1","2","77.13","44821403-8ae0-4073-af16-a7f117120603","2022-02-03 12:48:30.189"
"ALC","77.110","3","77.230","1","-2","77.24","14050735-7df8-4b8d-b719-c5841fc03a2b","2022-02-03 12:50:15.927"
"ALC","77.110","3","77.230","1","-2","77.24","24f46f93-e479-4b37-b1b0-6ccb4a08ddbb","2022-02-03 12:50:15.927"
"ALC","77.110","3","77.230","1","-2","77.24","06ce549b-6c0f-41a3-86b7-b4736716b980","2022-02-03 12:50:15.927"
"ALC","77.110","3","77.230","1","-2","77.24","d6024f4d-fcdd-4f59-b09c-1b6563faee21","2022-02-03 12:50:15.927"
"ALC","77.110","3","77.230","1","-2","77.24","c9804f0e-f2ed-4ef5-a615-023b60e2935d","2022-02-03 12:50:15.927"
"ALC","77.110","3","77.230","1","-2","77.24","51522e7f-48d6-4482-afa5-b0136ed89b2a","2022-02-03 12:50:15.927"
"ALC","77.110","3","77.230","1","-2","77.24","a434add0-b24c-4298-991b-51e22a95750c","2022-02-03 12:50:15.927"
"ALC","77.110","3","77.230","1","-2","77.24","2d15f0b1-0e9d-4672-8895-5077e3c7b8ba","2022-02-03 12:50:15.927"
"ALC","77.110","3","77.230","1","-2","77.24","d4087605-1619-481b-bdaf-de6cdf27cbca","2022-02-03 12:50:15.927"
"ALC","77.110","3","77.230","1","-2","77.24","a839c506-add5-4a64-a348-8dcae09bad99","2022-02-03 12:50:15.927"
"ALC","77.120","1","77.230","1","-2","77.24","7c964ff4-68d4-4d91-a226-896ad1ec9e2d","2022-02-03 12:50:15.927"
"ALC","77.120","1","77.230","1","-2","77.24","ebeb1d16-7ec6-45be-abfe-cf4bd51b1fd6","2022-02-03 12:50:15.927"
"ALC","77.130","1","77.240","1","2","77.14","3bcba992-849c-466e-b894-488fc7032f5d","2022-02-03 12:51:48.533"
"ALC","77.140","2","77.220","1","-2","77.22","4fa573a7-c04d-4711-aa50-2d3224aa0731","2022-02-03 12:57:00.901"
"ALC","77.140","2","77.220","2","2","77.22","d3d39f46-f14e-42be-b301-95721728eec0","2022-02-03 13:01:00.006"
"ALC","77.160","1","77.210","1","-2","77.21","bf8b2007-a3ad-4a9e-ba2c-72dc554b66bd","2022-02-03 13:04:06.791"
"ALC","77.160","2","77.210","1","2","77.16","7df6fba0-e937-4c28-ae8d-802dcfad3bcc","2022-02-03 13:04:44.601"
"ALC","77.320","2","77.420","1","2","77.11","6306db2a-c845-44db-9f95-2e8ad085b433","2022-02-03 13:08:09.212"
"ALC","77.320","2","77.420","1","2","77.11","92ca28ec-c515-4821-ad69-6ee8f4628f62","2022-02-03 13:08:09.212"
"ALC","77.320","1","77.390","3","2","77.11","8a77442b-f3ba-4bda-8f03-0641b6ce7803","2022-02-03 13:08:09.212"
"ALC","77.320","1","77.390","3","2","77.11","1ec64407-abcb-4dad-86ac-9ee877154a6c","2022-02-03 13:08:09.212"
"ALC","77.230","2","77.340","3","2","77.11","d04b5485-e4d4-4dfb-b97b-c13e222cf28b","2022-02-03 13:08:09.212"
"ALC","77.240","2","77.350","1","2","77.05","7ccd1f07-46e5-47e9-bee4-cc3ad82f5f61","2022-02-03 13:08:10.617"
"ALC","77.240","2","77.350","1","2","77.05","b3234f58-93d8-49f9-aa83-e160de9a0e3b","2022-02-03 13:08:10.617"
"ALC","77.240","2","77.350","1","2","77.05","ab8058ad-4d80-49b0-b054-0e0676f34a77","2022-02-03 13:08:10.617"
"ALC","77.240","2","77.350","1","2","77.05","bba1770e-6925-4352-b960-cdb55208d45b","2022-02-03 13:08:10.617"
"ALC","77.240","2","77.350","1","2","77.05","12a4297a-5fad-4eae-81f8-7b85bf602052","2022-02-03 13:08:10.617"
"ALC","77.240","2","77.350","1","2","77.05","a5faefde-1157-4d0b-9bfe-abdee3bf1b96","2022-02-03 13:08:10.617"
"ALC","77.040","3","77.120","2","-2","77.12","29a4c208-6f4e-45d4-8183-f38a5fae9614","2022-02-03 13:09:03.602"
"ALC","77.040","3","77.120","2","-2","77.12","0db50dac-3f91-4d81-94bb-e554cf27bf26","2022-02-03 13:09:03.602"
"ALC","77.040","3","77.120","2","-2","77.12","667b2828-19ea-4a4c-a138-9269f0281dba","2022-02-03 13:09:03.602"
"ALC","77.040","3","77.120","2","-2","77.12","b94b4734-5471-4472-a6a2-2b75ad9f4188","2022-02-03 13:09:03.602"
"ALC","77.040","3","77.120","2","-2","77.12","82b5d9ba-d294-47fd-9324-2464921afb4f","2022-02-03 13:09:03.602"
"ALC","77.040","3","77.120","2","-2","77.12","30ef74ce-bc1e-4413-8b89-fa84274cef38","2022-02-03 13:09:03.602"
"ALC","77.040","3","77.120","2","-2","77.12","c9cf1285-76d7-45ab-ae10-c90f8af2a3ac","2022-02-03 13:09:03.602"
"ALC","77.040","3","77.120","2","-2","77.12","2a4cf90a-b16d-46b5-96da-ac7a37189e5b","2022-02-03 13:09:03.602"
"ALC","77.040","3","77.120","2","-2","77.12","492dac26-cdd0-4064-a9bf-fba08b129e66","2022-02-03 13:09:03.602"
"ALC","77.040","3","77.120","2","-2","77.12","73b80f26-35a2-4724-a40e-7e1efdcc808e","2022-02-03 13:09:03.602"
"ALC","77.040","3","77.120","2","-2","77.12","580c194d-8534-4bde-b027-81179d0ab90a","2022-02-03 13:09:03.602"
"ALC","77.040","3","77.120","2","-2","77.12","be94b837-550c-49e2-826e-356917af023a","2022-02-03 13:09:03.602"
"ALC","77.240","2","77.370","3","2","77.20","321e8de1-cac8-4396-ab97-e6034a13ff6a","2022-02-03 13:37:48.565"
"ALC","77.240","2","77.370","3","2","77.20","0a9132d4-ad9a-4fd0-91ba-2eaac25b9c5c","2022-02-03 13:37:48.565"
"ALC","77.200","4","77.300","2","-2","77.30","a7257fd6-5dec-4934-99c8-8053eae17314","2022-02-03 13:39:17.462"
"ALC","77.200","4","77.300","2","-2","77.30","69a9d0f3-38a1-40f5-8488-2ddca88ce1ff","2022-02-03 13:39:17.462"
"ALC","77.340","2","77.420","1","2","77.31","4fa8c141-faf2-4f0f-8ea3-b53c0e126aa2","2022-02-03 13:51:38.639"
"ALC","77.340","2","77.420","1","2","77.31","2b847fd5-53e0-4806-8367-748ff1f28f80","2022-02-03 13:51:38.639"
"ALC","77.380","3","77.450","1","2","77.31","d246e47d-93fd-4fa5-aa8a-e3bd99eca113","2022-02-03 13:51:38.639"
"ALC","77.300","1","77.390","1","-2","77.39","47db3232-7950-4577-8c0c-11ca13b859ab","2022-02-03 13:57:42.027"
"ALC","77.300","1","77.390","1","-2","77.39","2a228b0d-781a-4c7a-b97a-5cb42a3f5dcc","2022-02-03 13:57:42.027"
"ALC","77.300","1","77.390","1","-2","77.39","b004b3e5-2214-4fb8-8f8d-f56dad25d764","2022-02-03 13:57:42.027"
"ALC","77.410","2","77.540","2","2","77.27","0d623987-f61c-442f-b971-0480f2ad2da9","2022-02-03 14:06:20.302"
"ALC","77.410","1","77.540","2","2","77.27","e76c167a-7904-412b-b68a-8dbc11dfaec2","2022-02-03 14:06:20.302"
"ALC","77.410","1","77.540","2","2","77.27","6f26049b-0313-41f3-a194-1d6ef8d17aac","2022-02-03 14:06:20.302"
"ALC","77.440","1","77.560","1","2","77.27","7850419f-cccf-4389-a289-2917296f242f","2022-02-03 14:06:20.302"
"ALC","77.440","1","77.560","1","2","77.27","57cf2e24-f872-4a90-99f9-55d16a013f40","2022-02-03 14:06:20.302"
"ALC","77.300","1","77.400","1","2","77.27","244d39e5-b494-42e0-9e25-fb6427cba4be","2022-02-03 14:06:20.302"
"ALC","77.310","2","77.410","1","2","77.27","472dad90-334d-44d1-8c02-c6d014999a05","2022-02-03 14:06:20.302"
"ALC","77.310","2","77.410","1","2","77.27","c48fc2ed-3928-40db-b00e-bfa8685a75f8","2022-02-03 14:06:20.302"
"ALC","77.310","2","77.410","1","2","77.27","a7fa6e62-af79-4079-88f2-dc088f0ecb8f","2022-02-03 14:06:20.302"
"ALC","77.350","2","77.410","1","2","77.23","ff912b00-bffb-4f31-9817-3844e118fb37","2022-02-03 14:06:46.531"
"ALC","77.350","1","77.410","1","2","77.23","e1713f0b-8005-445a-bb8a-6b3ee8ffe96a","2022-02-03 14:06:46.531"
"ALC","77.350","1","77.410","1","2","77.23","1895c894-f189-49ca-8c1b-3d822d07c1d1","2022-02-03 14:06:46.531"
"ALC","77.310","2","77.410","1","2","77.23","9c53e223-d93b-42ae-aa03-1378d1dccf66","2022-02-03 14:06:46.531"
"ALC","77.180","2","77.290","1","-2","77.29","d83d6c3b-cd9c-4ee9-a402-62349c4b1937","2022-02-03 14:10:00.259"
"ALC","77.180","2","77.290","1","-2","77.29","bedc4eaa-e5fc-49f1-b78d-cba1f1dc0b31","2022-02-03 14:10:00.259"
"ALC","77.180","2","77.290","1","-2","77.29","e4442469-46be-4b67-bb8e-c8068e17491b","2022-02-03 14:10:00.259"
"ALC","77.180","2","77.290","1","-2","77.29","c8b0c855-854a-411a-b730-76e9cdbaffa0","2022-02-03 14:10:00.259"
"ALC","77.180","2","77.290","1","-2","77.29","948c0cc9-777b-48e5-baf4-16568c1fc07c","2022-02-03 14:10:00.259"
"ALC","77.180","2","77.290","1","-2","77.29","0b549949-3321-4bb3-9b7d-e988e9c93032","2022-02-03 14:10:00.259"
"ALC","77.180","2","77.290","1","-2","77.29","7aa88868-1dde-427c-995e-7ec7ad89319a","2022-02-03 14:10:00.259"
"ALC","77.180","2","77.290","1","-2","77.29","f8a4a479-917f-4eac-965b-e45e8b0d88b5","2022-02-03 14:10:00.259"
"ALC","77.180","2","77.290","1","-2","77.29","9e1e3128-0992-4668-a26e-bf312796ec30","2022-02-03 14:10:00.259"
"ALC","77.180","2","77.290","1","-2","77.29","5de54f0b-6818-4e3f-9b9c-a5010f679349","2022-02-03 14:10:00.259"
"ALC","77.180","2","77.290","1","-2","77.29","f99a3af7-7d9d-4508-9ff0-851d10b0dfd0","2022-02-03 14:10:00.259"
"ALC","77.180","2","77.290","1","-2","77.29","0de7cc86-6fac-4650-bae5-cb7bf302d4b9","2022-02-03 14:10:00.259"
"ALC","77.180","2","77.290","1","-2","77.29","425851dd-c984-4557-b6c2-688756bd553d","2022-02-03 14:10:00.259"
"ALC","77.190","1","77.270","2","2","77.17","e11d61b4-902a-4dd7-a294-9ae7a47e4034","2022-02-03 14:36:12.883"
"ALC","77.140","1","77.230","1","2","77.12","b28ed0a3-929b-4577-901b-9701dd2f99b5","2022-02-03 14:36:46.443"
"ALC","77.160","1","77.310","2","2","77.12","f9e7f134-cdfe-4bc0-a304-0a45e2d3c8d2","2022-02-03 14:36:46.443"
"ALC","77.160","1","77.310","2","2","77.12","737984a0-0ac8-4791-ae5d-642d96b0df17","2022-02-03 14:36:46.443"
"ALC","77.160","1","77.310","2","2","77.12","db36d20c-e75d-47b9-9694-9b9c2f2fec7a","2022-02-03 14:36:46.443"
"ALC","77.160","3","77.310","2","2","77.12","9d7b9015-85b6-48ea-b163-0b9c0def969b","2022-02-03 14:36:46.443"
"ALC","77.160","3","77.300","2","2","77.12","745d0c7e-1789-437e-a498-85e4afec36f9","2022-02-03 14:36:46.443"
"ALC","77.110","1","77.180","1","-2","77.18","a7ee4380-4621-4fb7-b5ae-80c3de165b8b","2022-02-03 14:37:11.194"
"ALC","77.110","1","77.180","1","-2","77.18","2beb30bd-ecb1-4436-86c5-9b6f19fdf074","2022-02-03 14:37:11.194"
"ALC","77.110","1","77.180","1","-2","77.18","69f8b6c5-b2b0-46fc-9f9a-53d15e610bc7","2022-02-03 14:37:11.194"
"ALC","77.110","1","77.180","1","-2","77.18","e53b7533-9d2b-419d-92bc-1681e8ad5248","2022-02-03 14:37:11.194"
"ALC","77.070","1","77.130","2","-2","77.13","1669c8ea-ce01-4d80-b5eb-0e02808cc210","2022-02-03 14:37:46.802"
"ALC","77.130","2","77.260","2","2","77.01","13851152-6156-484d-99cf-52ad63b106d3","2022-02-03 14:39:31.869"
"ALC","77.150","2","77.260","1","2","77.01","cc04ba0c-97f0-4882-8151-2bfd362b07ff","2022-02-03 14:39:31.869"
"ALC","77.140","1","77.250","1","2","77.01","ebb73683-21e6-432a-85fd-0ad9cc9f80bf","2022-02-03 14:39:31.869"
"ALC","77.140","1","77.250","1","2","77.01","2b1ca89e-78c7-4b83-a696-815cde41405e","2022-02-03 14:39:31.869"
"ALC","77.150","1","77.250","2","2","77.01","dc2ad9a8-15bc-432f-b3c1-cbc545b556f4","2022-02-03 14:39:31.869"
"ALC","76.760","2","76.850","3","-2","76.85","53d3a70f-d20b-46b7-9c63-6e560fabccea","2022-02-03 14:44:19.932"
"ALC","76.760","2","76.850","3","-2","76.85","648bba5d-70dc-40cd-b31e-9a1efab6036d","2022-02-03 14:44:19.932"
"ALC","76.760","2","76.850","3","-2","76.85","3fafcad7-8ccd-44ab-b094-98bbc774d431","2022-02-03 14:44:19.932"
"ALC","76.760","2","76.850","3","-2","76.85","fcf37cc3-e7cc-40dd-beaa-c7b91c7de257","2022-02-03 14:44:19.932"
"ALC","76.640","1","76.720","2","-2","76.72","911153af-f9e1-4cef-9033-966764cbeed7","2022-02-03 14:55:42.061"
"ALC","76.640","1","76.720","2","-2","76.72","08e1b1f2-792e-49d5-b5d7-43461c6273d2","2022-02-03 14:55:42.061"
"ALC","76.640","1","76.720","2","-2","76.72","77716d8a-0e11-45fa-b82d-a1954f64ace7","2022-02-03 14:55:42.061"
"ALC","76.690","2","76.810","1","2","76.81","d3477376-be63-4a9d-ac6b-64eaca887ece","2022-02-03 14:56:00.006"
"ALC","76.650","2","76.740","1","-2","76.74","dc482ef0-2c71-4ecc-b828-ef9ccdc8e31a","2022-02-03 15:05:26.979"
"AEE","88.250","3","88.330","1","2","88.12","6b5e41f1-e5b8-4614-9d5c-1b38340a281b","2022-02-03 10:18:51.538"
"AEE","88.100","3","88.180","3","-2","88.18","55b5fc6d-891c-4dff-aeae-a11eba43bab3","2022-02-03 10:22:22.368"
"AEE","88.340","2","88.390","1","2","88.25","3bd73822-a4b7-4764-b6ac-3bc67099c188","2022-02-03 10:30:55.589"
"AEE","88.300","2","88.350","1","-2","88.35","63bdde24-1196-4a02-b299-8694db0638c5","2022-02-03 10:31:44.249"
"AEE","88.560","2","88.580","1","2","88.47","dcc34f60-e24a-4194-9e02-0a75aa421d7a","2022-02-03 10:56:58.804"
"AEE","88.550","2","88.610","1","2","88.47","9756232f-adae-4460-8bfe-f40b36ec7fd4","2022-02-03 10:56:58.804"
"AEE","88.550","2","88.610","1","2","88.47","52c84afb-e3d2-4cb1-986d-f9b3d889fcb8","2022-02-03 10:56:58.804"
"AEE","88.510","2","88.580","3","2","88.43","a382017c-74d9-4afd-9219-586b3c93ebaf","2022-02-03 10:57:56.438"
"AEE","88.550","2","88.590","3","2","88.39","d7295f22-1674-40a4-a091-7ca77ba465ec","2022-02-03 10:58:09.847"
"AEE","88.510","4","88.560","1","2","88.39","ac18c536-8a46-4086-8381-39e9cf9f0aba","2022-02-03 10:58:09.847"
"AEE","88.510","1","88.570","6","2","88.39","a57a86c8-c01d-4a2e-a0ff-12a26006e5bb","2022-02-03 10:58:09.847"
"AEE","88.350","2","88.370","1","-2","88.39","f36e5613-6170-46e7-b065-21cc981d0387","2022-02-03 10:58:38.369"
"AEE","88.350","2","88.370","1","-2","88.39","eab0475d-f8c8-4e47-a771-82e28f3e7a2d","2022-02-03 10:58:38.369"
"AEE","88.350","2","88.370","1","-2","88.39","803e6965-bc23-4c2b-b5df-c3829943d650","2022-02-03 10:58:38.369"
"AEE","88.350","2","88.370","1","-2","88.39","a3163d76-490a-4139-beba-5c2dbf78968c","2022-02-03 10:58:38.369"
"AEE","88.360","1","88.410","1","-2","88.42","54a2fee1-9f7b-412d-abff-d777ad0f86f3","2022-02-03 11:00:06.155"
"AEE","88.350","2","88.400","1","-2","88.41","b8af03d9-7953-43ad-bd4d-5829384bb501","2022-02-03 11:00:51.602"
"AEE","88.360","3","88.430","2","-2","88.43","2201f863-f469-4de1-b4d9-566fb073acbc","2022-02-03 11:00:51.616"
"AEE","88.580","3","88.630","3","2","88.48","4dbee596-ff7e-44fc-b23b-2ed08ef715a3","2022-02-03 11:12:49.212"
"AEE","88.550","1","88.600","1","2","88.48","6c44c2a6-e101-490c-a928-ae3f3befa40c","2022-02-03 11:12:49.212"
"AEE","88.550","1","88.600","1","2","88.48","a667c54f-4161-4695-8485-b00b8a2f6f4e","2022-02-03 11:12:49.212"
"AEE","88.540","2","88.590","1","2","88.48","26ee4597-fa38-4ee7-908e-b78a6c109957","2022-02-03 11:12:49.212"
"AEE","88.520","3","88.580","5","2","88.48","d79fdab8-3b1f-49dd-9330-b0334edbc255","2022-02-03 11:12:49.212"
"AEE","88.510","2","88.560","5","2","88.48","c8c7167b-f7a7-494d-8ff5-82d835919754","2022-02-03 11:12:49.212"
"AEE","88.520","1","88.560","2","2","88.48","92b3de49-b048-4171-be5d-c9f17d35fee6","2022-02-03 11:12:49.212"
"AEE","88.520","2","88.570","2","2","88.48","40464c22-9131-4e48-8b59-ed8f70983aa5","2022-02-03 11:12:49.212"
"AEE","88.520","2","88.570","3","2","88.48","d9f4d88a-c935-43c9-b069-ebba2b16c62f","2022-02-03 11:12:49.212"
"AEE","88.440","1","88.490","1","-2","88.49","0304b5af-d547-49e8-a37c-50dc7c4e8cb2","2022-02-03 11:13:46.921"
"AEE","88.440","1","88.490","1","-2","88.49","68a43394-09cf-48a2-8c16-1fea1a08b9c7","2022-02-03 11:13:46.921"
"AEE","88.440","1","88.490","1","-2","88.49","d568b427-fb6f-49c3-9823-9d0918dbf3dd","2022-02-03 11:13:46.921"
"AEE","88.440","1","88.490","1","-2","88.49","87140e1b-f954-4207-9d7f-eda933cec814","2022-02-03 11:13:46.921"
"AEE","88.440","1","88.490","1","-2","88.49","3ec29657-37f7-4fb3-a9cd-1c22f6469e76","2022-02-03 11:13:46.921"
"AEE","88.440","1","88.490","1","-2","88.49","a507df18-7198-4da9-88aa-c57d49304940","2022-02-03 11:13:46.921"
"AEE","88.440","1","88.490","1","-2","88.49","17a483b0-c343-4975-8a21-f4995df7b649","2022-02-03 11:13:46.921"
"AEE","88.440","1","88.490","1","-2","88.49","a472dee4-b3b3-4db2-8ab2-adbbf212e68d","2022-02-03 11:13:46.921"
"AEE","88.440","2","88.500","2","-2","88.50","dbca3a88-ddc8-422f-9637-3530b1286f88","2022-02-03 11:16:37.207"
"AEE","88.500","3","88.550","2","2","88.50","5dcd9c56-1913-4982-ba9a-88001fa37c2e","2022-02-03 11:27:42.052"
"AEE","88.520","1","88.560","3","-2","88.57","124c6f20-c79a-4b6c-9b57-9bf50f94d2aa","2022-02-03 11:30:12.344"
"AEE","88.510","6","88.550","1","2","88.45","9137d938-4f34-458a-9e2d-c31ff28e219d","2022-02-03 11:41:48.749"
"AEE","88.410","1","88.440","1","-2","88.44","a7b52c1f-51a6-41dd-84c6-daffbb48d3b3","2022-02-03 11:42:27.746"
"AEE","88.520","2","88.570","2","2","88.42","9a165c22-44b9-4ac1-b5a3-e1c846f6a43d","2022-02-03 11:45:18.220"
"AEE","88.520","2","88.570","2","2","88.42","f74f54c0-fd2b-4b13-a449-370b87515a4b","2022-02-03 11:45:18.220"
"AEE","88.530","1","88.570","2","2","88.42","41d4906f-df09-4ec4-b4d3-e91015696b19","2022-02-03 11:45:18.220"
"AEE","88.520","7","88.560","2","2","88.42","0f178f68-da2b-43b8-aed8-deaaf6ff9647","2022-02-03 11:45:18.220"
"AEE","88.520","3","88.560","1","2","88.42","bc936608-27f4-4a17-b472-4ec7ccdc2742","2022-02-03 11:45:18.220"
"AEE","88.400","3","88.450","1","-2","88.48","47f45fa6-e9c5-41d2-8ece-14a1aaa89bfb","2022-02-03 11:45:50.396"
"AEE","88.380","1","88.430","1","-2","88.44","dd8b81ac-671c-490c-ba3f-3c5ade77d433","2022-02-03 11:46:19.285"
"AEE","88.380","3","88.450","2","-2","88.45","2ab33d0f-f8e5-402d-a6a9-6635c13f05dd","2022-02-03 11:46:51.878"
"AEE","88.380","3","88.450","2","-2","88.45","f471054a-c246-4cd3-9548-549d9d236f6a","2022-02-03 11:46:51.878"
"AEE","88.410","1","88.450","2","-2","88.45","47c0b813-7c65-4c84-93cb-70cd3c9bb704","2022-02-03 11:46:51.878"
"AEE","88.450","1","88.480","1","2","88.34","f6e99c8c-ad68-4f0d-9404-fe6cea8aa1ed","2022-02-03 11:52:41.006"
"AEE","88.450","1","88.490","3","2","88.34","cb7a4d56-8957-4e9a-9d23-e30a538a66bc","2022-02-03 11:52:41.006"
"AEE","88.450","1","88.490","3","2","88.34","bcb7b305-4e82-431b-a743-d47e4ef7af82","2022-02-03 11:52:41.006"
"AEE","88.340","1","88.380","4","-2","88.39","1b81794c-552b-44e3-8bf2-5acd8f110bfb","2022-02-03 11:53:33.852"
"AEE","88.340","1","88.380","4","-2","88.39","930c6123-503c-478b-84e9-469f51dcf2f2","2022-02-03 11:53:33.852"
"AEE","88.340","1","88.380","4","-2","88.39","177c60bc-81bc-4535-8197-56590f7e36af","2022-02-03 11:53:33.852"
"AEE","88.460","1","88.500","1","2","88.44","dc6a9423-7fcb-4ca5-bc49-931ac10a15fd","2022-02-03 11:59:40.194"
"AEE","88.450","4","88.470","1","2","88.44","cfc554ea-964d-49d4-8940-0b3d7c5b9940","2022-02-03 11:59:40.194"
"AEE","88.440","1","88.470","1","2","88.44","36a93d09-effa-4bf9-aa2c-9128e3de74c8","2022-02-03 11:59:40.194"
"AEE","88.440","6","88.480","5","-2","88.48","d527b834-821e-467c-a217-075e4b56b318","2022-02-03 12:00:45.865"
