"Symbol","Bid","Bid Sz","Ask","Ask Sz","Shares","Price","Order ID","Timestamp"
"AA","64.030","8","64.090","2","6","64.09","abe2694f-2494-4c6b-8af6-4af3aa43b05e","2022-02-07 09:52:00.006"
"AA","64.160","3","64.190","2","-6","64.19","0f945bd1-bfd0-41dd-bc71-29ccecd5e008","2022-02-07 09:53:40.526"
"AA","64.030","3","64.070","2","6","63.96","b09af747-7817-4c85-aa59-38aaf4edc174","2022-02-07 10:13:30.447"
"AA","64.060","6","64.090","4","-6","64.09","352c0360-6b69-4d4c-b8ac-3bac5cf78078","2022-02-07 10:13:58.222"
"AA","64.100","7","64.130","1","6","63.67","a2ec73e4-7f43-4cd7-bf59-83b725414baa","2022-02-07 10:25:01.129"
"AA","64.160","2","64.200","1","6","63.67","57674084-0f18-4684-bc21-8c0b5fc2dce3","2022-02-07 10:25:01.129"
"AA","64.170","3","64.210","2","6","63.67","bf30ffcd-6803-4ccb-9355-44ac5ec29d56","2022-02-07 10:25:01.129"
"AA","63.690","6","63.720","1","-6","63.72","f68f9de3-84c8-43bc-a44f-8ec784ec0724","2022-02-07 10:25:52.206"
"AA","63.690","6","63.720","1","-6","63.72","010c5dba-5c45-4a63-9470-0ba09050eb7b","2022-02-07 10:25:52.206"
"AA","64.060","5","64.090","2","6","63.63","1461ee21-d233-4d3a-a573-588f978ab851","2022-02-07 10:26:13.006"
"AA","64.150","4","64.200","5","6","63.63","5b42127c-af45-436c-a18f-0092546ab6bb","2022-02-07 10:26:13.006"
"AA","64.230","5","64.270","4","6","63.63","9fba2352-8ae7-44e3-bd67-5ec88c3a3c88","2022-02-07 10:26:13.006"
"AA","64.170","1","64.210","4","6","63.63","c3c7a485-f78f-442a-8b42-b62a0de69e72","2022-02-07 10:26:13.006"
"AA","64.140","4","64.180","3","6","63.63","2e389d99-a510-4a5e-b363-6e1a2696126d","2022-02-07 10:26:13.006"
"AA","64.200","1","64.240","2","6","63.63","70cb0899-c678-4add-9d26-86a2e4be97a5","2022-02-07 10:26:13.006"
"AA","64.230","7","64.270","3","6","63.63","4e0ebef5-30dd-4dc4-ae25-6c597d30fc61","2022-02-07 10:26:13.006"
"AA","63.590","1","63.610","1","-6","63.61","9d91e183-5fbf-4fe9-bbbc-d99836a0c26e","2022-02-07 10:27:42.236"
"AA","63.590","1","63.610","1","-6","63.61","418bc983-ef8b-4c29-81ba-58484e9d5782","2022-02-07 10:27:42.236"
"AA","63.590","1","63.620","1","-6","63.62","8bd04ceb-e9a2-4a1e-9dbb-8b42a329b1f0","2022-02-07 10:27:42.236"
"AA","63.590","1","63.620","1","-6","63.62","536936ab-342d-4d73-b073-4a57b8e27d99","2022-02-07 10:27:42.236"
"AA","63.590","1","63.620","1","-6","63.62","444c4910-0fda-4d2a-83b5-ee583ed9096f","2022-02-07 10:27:42.236"
"AA","63.590","1","63.620","1","-6","63.62","b898cd1f-cf78-453e-893b-af919aec9971","2022-02-07 10:27:42.236"
"AA","63.610","1","63.630","1","-6","63.63","2727bc10-5f62-4bed-991b-c8ca4ae188cd","2022-02-07 10:27:50.922"
"AA","63.680","1","63.710","1","-6","63.73","123247c1-666f-4c54-8b17-1e1965f6d6fa","2022-02-07 10:32:51.882"
"AA","63.890","1","63.930","1","6","63.93","714d6a1c-22ce-41e3-9191-25f73bfcceda","2022-02-07 10:33:40.006"
"AA","64.000","1","64.050","3","-6","64.05","c53b97cf-fc16-4580-90da-7f1a1a9c1f35","2022-02-07 10:34:30.690"
"AA","64.120","4","64.160","4","6","63.88","6fc589c2-15a9-4977-9418-e83888bf3f07","2022-02-07 10:36:30.765"
"AA","64.100","1","64.130","2","6","63.88","bad4d04f-173e-4991-8de8-19f5a3d94fca","2022-02-07 10:36:30.765"
"AA","64.100","5","64.140","4","6","63.88","ac29fc68-cb24-4f0d-a19f-167ec6a25f00","2022-02-07 10:36:30.765"
"AA","64.100","5","64.130","2","6","63.88","733fbb7e-89ca-4788-9b33-7214bf525496","2022-02-07 10:36:30.765"
"AA","63.580","3","63.620","7","-6","63.62","c636d035-62b1-4a89-a2f1-8d40f2bf8ff2","2022-02-07 10:38:10.884"
"AA","63.630","1","63.650","1","-6","63.65","739ef64e-552f-4295-b17d-4b0bea3e99c8","2022-02-07 10:38:19.081"
"AA","63.630","1","63.650","1","-6","63.65","b11b3635-374d-45af-aa94-aea69d65ee10","2022-02-07 10:38:19.081"
"AA","63.700","1","63.710","2","-6","63.71","f2be982e-0657-419f-b25d-103482026cdd","2022-02-07 10:38:26.754"
"AA","63.340","1","63.380","1","6","63.38","4269dd20-4ada-4c6b-91e6-6bef4504868d","2022-02-07 10:50:00.006"
"AA","63.270","1","63.320","3","-6","63.32","22a3e156-8339-46f6-8f09-cf07d1128f2f","2022-02-07 10:51:18.057"
"AA","63.400","2","63.440","1","6","63.44","6e3f0104-d4bc-4d4f-a023-0b8cc60c64f2","2022-02-07 10:53:00.006"
"AA","63.340","2","63.400","1","-6","63.40","66c596c1-86bd-4c87-ac29-5641aa7d5e75","2022-02-07 10:53:59.223"
"AA","63.360","4","63.410","1","6","63.41","e883fb97-ca2c-4c1f-9952-1f41b93032d9","2022-02-07 10:54:10.006"
"AA","63.250","2","63.290","1","-6","63.29","ed2ce2b7-147c-42e7-98d1-75561d535889","2022-02-07 10:55:40.305"
"AA","63.410","5","63.450","1","6","63.15","65f0c507-7dd6-4b29-ad4b-f9f0d6785650","2022-02-07 11:04:32.500"
"AA","63.430","1","63.470","2","6","63.15","312f70fc-ef78-4abb-8bb6-51500f1320d5","2022-02-07 11:04:32.500"
"AA","63.400","1","63.440","1","6","63.15","2ff413c4-cb2c-409a-9f64-f331845e9c2c","2022-02-07 11:04:32.500"
"AA","63.400","1","63.440","1","6","63.15","cf64a346-94cd-4743-9d92-388186a6f0e2","2022-02-07 11:04:32.500"
"AA","63.470","1","63.500","4","6","63.15","1ec4ee08-39de-4a18-b150-8acb52ad9bb1","2022-02-07 11:04:32.500"
"AA","63.470","1","63.500","3","6","63.15","46f4823c-623c-4fcc-8eaf-93b996cfaeac","2022-02-07 11:04:32.500"
"AA","63.470","1","63.500","4","6","63.15","b917ae96-60ad-4d7d-9a8e-d55baad0084f","2022-02-07 11:04:32.500"
"AA","63.520","6","63.560","2","6","63.15","55620ee8-1f52-4bc3-b2e0-c285698f2853","2022-02-07 11:04:32.500"
"AA","63.570","6","63.620","6","6","63.15","18b9c826-4295-4fbd-9850-5178e9b9848e","2022-02-07 11:04:32.500"
"AA","63.190","1","63.230","1","-6","63.23","44838b3f-e309-4bb4-8233-57b70271b5d3","2022-02-07 11:04:57.090"
"AA","63.190","1","63.230","1","-6","63.23","2f2c35b9-e0f2-4806-8317-3ceedb2a85b2","2022-02-07 11:04:57.090"
"AA","63.190","1","63.230","1","-6","63.23","08b9c3d6-c0d3-4c22-9d14-a7f9f638c6e9","2022-02-07 11:04:57.090"
"AA","63.190","1","63.230","1","-6","63.23","bdb97f72-8442-44ef-888f-e36c7b39fcb4","2022-02-07 11:04:57.090"
"AA","63.190","1","63.230","1","-6","63.23","8d4dd33a-a453-4832-9d56-171d4a9b0ed6","2022-02-07 11:04:57.090"
"AA","63.150","5","63.190","1","-6","63.19","6271ca3c-a7be-4b6e-9882-e005c5e562c7","2022-02-07 11:05:13.271"
"AA","63.170","2","63.200","1","-6","63.20","79cf2737-91b8-436f-a31f-bf7ca3354458","2022-02-07 11:05:23.406"
"AA","63.150","5","63.210","3","-6","63.21","58ac9820-cd0c-41bd-950a-dc2a154be61d","2022-02-07 11:05:40.101"
"AA","63.180","2","63.220","1","-6","63.22","b344fd7a-bf36-4d1c-8b28-2de43a354c2a","2022-02-07 11:05:40.149"
"AA","63.970","4","64.010","1","6","63.68","65ed0aeb-0b1a-4339-b5b3-6c23f667b0f3","2022-02-07 11:42:18.762"
"AA","63.980","4","64.000","1","6","63.68","147417bc-357b-4609-875c-63d5727b4f6f","2022-02-07 11:42:18.762"
"AA","63.980","1","64.010","5","6","63.68","806602e4-6f86-4969-b607-6dd970e8c96a","2022-02-07 11:42:18.762"
"AA","63.980","2","64.020","2","6","63.68","6ec721ad-fb4f-40ad-9652-dd4e04263383","2022-02-07 11:42:18.762"
"AA","63.930","5","63.960","1","6","63.68","d803098f-a523-4e86-b952-35e9612310f9","2022-02-07 11:42:18.762"
"AA","63.880","2","63.900","1","6","63.68","5a81b09e-f619-45eb-b31f-2a266ea08812","2022-02-07 11:42:18.762"
"AA","63.830","1","63.860","1","6","63.68","25e82c0c-1799-4c9e-85fd-b8e8471219f8","2022-02-07 11:42:18.762"
"AA","63.820","2","63.850","1","6","63.68","bcfb578f-56b8-43c0-8e50-ac73d4af5551","2022-02-07 11:42:18.762"
"AA","63.960","1","64.000","1","6","63.65","bcde812b-69ad-4f51-920f-78a5e098a2cb","2022-02-07 11:42:25.930"
"AA","63.890","5","63.940","1","6","63.65","35b6be70-1366-4c51-a180-c2216ac1b1ad","2022-02-07 11:42:25.930"
"AA","63.900","5","63.940","1","6","63.65","61edbaff-164c-4d25-900d-a8949f1da7b7","2022-02-07 11:42:25.930"
"AA","63.970","5","64.000","2","6","63.65","796fb28a-c39c-4e3d-81d4-f4ddc7b98d57","2022-02-07 11:42:25.930"
"AA","63.660","1","63.680","1","-6","63.68","0434eefb-c0c3-48b9-b60a-8c58dd20318f","2022-02-07 11:42:54.272"
"AA","63.660","1","63.680","1","-6","63.68","ec404c02-e5e8-4e9d-a0b2-9f711993253c","2022-02-07 11:42:54.272"
"AA","63.660","1","63.680","1","-6","63.68","24619ec1-9ea4-4047-9599-7b5deee38e36","2022-02-07 11:42:54.272"
"AA","63.660","1","63.680","1","-6","63.68","46f5f7bc-d2ad-4d74-a252-bbae7f9c26e3","2022-02-07 11:42:54.272"
"AA","63.700","6","63.740","1","-6","63.75","bb2ae795-8c81-4479-b3aa-2962c7a20392","2022-02-07 11:43:06.854"
"AA","63.700","6","63.740","1","-6","63.75","e3de6792-27e2-4efa-9f6d-113621e9ee2c","2022-02-07 11:43:06.854"
"AA","63.700","6","63.740","1","-6","63.75","a148d2a1-5c59-4346-a1c9-0a9468dd8409","2022-02-07 11:43:06.854"
"AA","63.700","6","63.740","1","-6","63.75","ebb474e1-1d13-491c-90e3-268370dc6418","2022-02-07 11:43:06.854"
"AA","63.540","2","63.570","1","-6","63.58","c7d3e42f-3b54-4d11-9e8f-c052d1c291a9","2022-02-07 11:43:50.721"
"AA","63.540","2","63.570","1","-6","63.58","b0e5eeb5-7b39-4c81-8ecf-2f9fbe7745b2","2022-02-07 11:43:50.721"
"AA","63.560","4","63.600","1","-6","63.62","2b74e4cc-e6ec-41fa-97fe-f587a1fcc63f","2022-02-07 11:44:00.041"
"AA","63.500","5","63.540","1","-6","63.54","e7aca7e5-911e-4fd0-b1a9-a9092c7abaa4","2022-02-07 11:44:15.997"
"AA","63.620","1","63.650","150","6","63.65","31f7e810-8a2d-4b35-8096-45f76a4d2ab1","2022-02-07 11:49:30.006"
"AA","63.570","15","63.600","1","-6","63.61","bbcf5223-29b0-4ad7-951e-0890cc863191","2022-02-07 11:49:57.456"
"AA","63.460","1","63.490","1","6","63.49","dae9065e-a575-4d9c-8aba-7ebec77b37c2","2022-02-07 11:59:30.006"
"AA","63.460","1","63.500","1","6","63.29","2d5caead-3d76-4da3-821d-2a50c457e24a","2022-02-07 12:01:38.894"
"AA","63.470","1","63.500","1","6","63.29","42c12b4b-7836-4db8-b905-36eb65f43b65","2022-02-07 12:01:38.894"
"AA","63.470","2","63.490","1","6","63.29","a00f6448-1a1d-4090-b8e1-4909886ca085","2022-02-07 12:01:38.894"
"AA","63.470","2","63.500","1","6","63.29","ce8f51dc-fbab-41c1-a1cd-e7426e65dd2f","2022-02-07 12:01:38.894"
"AA","63.420","4","63.450","1","6","63.29","74d9bd9a-8433-47dc-a213-18400480fcc9","2022-02-07 12:01:38.894"
"AA","63.470","1","63.500","5","6","63.29","8779b01d-1c79-4fc7-9f0e-d5afa474012f","2022-02-07 12:01:38.894"
"AA","63.450","1","63.500","1","6","63.29","b3c8d9cc-0881-4585-ad62-1c8b264a37f7","2022-02-07 12:01:38.894"
"AA","63.500","2","63.550","4","6","63.29","9e7cc758-05be-4257-be36-dfae703dce17","2022-02-07 12:01:38.894"
"AA","63.560","1","63.590","2","6","63.29","b7ed6b0f-0a49-45a1-842d-aab0c7afb1da","2022-02-07 12:01:38.894"
"AA","63.620","1","63.660","1","6","63.29","0d115f2f-8383-40cd-9b68-26db606501ce","2022-02-07 12:01:38.894"
"AA","63.310","6","63.340","2","-6","63.34","f22b6151-5936-42e8-bb9d-fa39cfb46d11","2022-02-07 12:02:17.823"
"AA","63.300","4","63.330","3","-6","63.33","2362f3c1-4d13-4424-b382-7eec971495b5","2022-02-07 12:03:04.998"
"AA","63.300","4","63.330","3","-6","63.33","580d65ee-8ead-4b85-a878-7f07fe45b751","2022-02-07 12:03:04.998"
"AA","63.300","4","63.330","3","-6","63.33","a744a6ff-a547-41ef-a535-703ff61913f6","2022-02-07 12:03:04.998"
"AA","63.320","2","63.350","1","-6","63.35","cc1e4147-b858-43ed-9371-8fc031eba497","2022-02-07 12:03:14.473"
"AA","63.320","2","63.350","1","-6","63.35","12e3c2fc-6f03-4c84-b247-005708af0f99","2022-02-07 12:03:14.473"
"AA","63.320","2","63.350","1","-6","63.35","3fe3f654-504c-404c-ae77-ee0bace97bff","2022-02-07 12:03:14.473"
"AA","63.320","2","63.350","1","-6","63.35","0462ed6f-cccf-40ee-9ed8-9122724d1564","2022-02-07 12:03:14.473"
"AA","63.360","5","63.390","4","-6","63.39","b9913e7a-fae5-4aaf-b92a-24f50ae1eb0d","2022-02-07 12:03:24.988"
"AA","63.360","5","63.390","4","-6","63.39","501157a2-61e1-4bc2-a440-b8ecefd22595","2022-02-07 12:03:24.988"
"AA","63.390","1","63.410","1","-6","63.41","d32bcc47-aa8c-4b54-acea-cd8f3a79f5e5","2022-02-07 12:03:51.825"
"AA","63.390","2","63.420","1","6","63.25","e1fb8965-5f1a-45fd-a6a6-c3121f071afc","2022-02-07 12:09:46.925"
"AA","63.230","5","63.250","1","-6","63.25","79319e21-48ca-4c8f-9dac-a2eabed8751a","2022-02-07 12:10:02.836"
"AA","63.230","1","63.260","1","6","63.26","6729e8d9-92e9-4c81-ba5e-b32f922264b0","2022-02-07 12:23:00.006"
"AA","63.110","6","63.140","1","-6","63.14","4fb60ac7-54a5-46f2-909a-462d318a0216","2022-02-07 12:28:55.394"
"AA","63.290","6","63.330","2","6","63.22","c6b87851-4ae4-44de-8c7c-de17726afb10","2022-02-07 12:38:55.716"
"AA","63.280","3","63.310","2","6","63.22","12cb820f-0ed4-42ab-a4ab-4dad29a7ea25","2022-02-07 12:38:55.716"
"AA","63.320","4","63.360","4","6","63.21","57ac3620-3ed8-4283-93a4-b3431ded15d6","2022-02-07 12:38:56.929"
"AA","63.360","5","63.390","1","6","63.21","65fa410b-a8c7-4934-b50a-8b22bf4832b6","2022-02-07 12:38:56.929"
"AA","63.340","2","63.360","2","6","63.21","180464b8-4533-49a7-b590-d60744dff6bd","2022-02-07 12:38:56.929"
"AA","63.260","5","63.290","1","6","63.21","b949401a-3de2-4543-95fd-d167c6a03243","2022-02-07 12:38:56.929"
"AA","63.270","4","63.300","1","6","63.21","83211c3f-fa2f-4477-b8cb-e1cf47fbb8e7","2022-02-07 12:38:56.929"
"AA","63.250","4","63.270","1","6","63.16","a15c9f31-e192-4dc8-acd0-944861f4a168","2022-02-07 12:39:08.266"
"AA","63.250","3","63.280","2","6","63.16","73929b5d-1478-4f0e-ac39-5a1c92026ec9","2022-02-07 12:39:08.266"
"AA","63.270","5","63.290","2","6","63.16","e463d8a1-6253-4056-8205-2c6cd9d4bd77","2022-02-07 12:39:08.266"
"AA","63.340","1","63.360","1","6","63.16","6ad32476-6b28-4672-a1a8-2593fed9265d","2022-02-07 12:39:08.266"
"AA","63.320","1","63.350","2","6","63.16","f50e1ca0-a127-4565-bad9-a0befee86e23","2022-02-07 12:39:08.266"
"AA","63.320","5","63.340","3","6","63.16","c8a0e4cd-f947-4333-a928-3c5aa5ee1de6","2022-02-07 12:39:08.266"
"AA","63.110","1","63.130","1","-6","63.13","145b052f-74b2-4504-81ba-edfd8b312610","2022-02-07 12:39:44.899"
"AA","63.110","1","63.130","1","-6","63.13","62db94d5-c761-4f4c-bbd3-ef8abe99ac06","2022-02-07 12:39:44.899"
"AA","63.110","1","63.130","1","-6","63.13","608b20a7-7878-4068-b84a-4f2c95d4561b","2022-02-07 12:39:44.899"
"AA","63.120","1","63.130","1","-6","63.13","3f8578d3-3065-4290-8987-0164ab01708e","2022-02-07 12:39:50.272"
"AA","63.120","1","63.130","1","-6","63.13","019347eb-ba22-4514-a3a9-263c112812e7","2022-02-07 12:39:50.272"
"AA","63.140","1","63.150","2","-6","63.15","24eee5ed-8066-4c8a-9b80-5cf67edf8247","2022-02-07 12:40:01.593"
"AA","63.160","1","63.190","6","-6","63.19","be326331-822d-440b-aefe-75c0ccd009d7","2022-02-07 12:40:10.443"
"AA","63.160","1","63.190","6","-6","63.19","2e56fb5a-40cc-43c9-8a59-60cb47856d3b","2022-02-07 12:40:10.443"
"AA","63.160","1","63.190","6","-6","63.19","e2f7f302-d636-4ec2-8835-9488156f26ec","2022-02-07 12:40:10.443"
"AA","63.160","1","63.190","6","-6","63.19","f1af533a-64cd-4a9c-9807-398d378254b0","2022-02-07 12:40:10.443"
"AA","63.200","16","63.230","1","-6","63.23","21579ea1-1bd8-4b2c-bacd-3e3ce14be61f","2022-02-07 12:40:24.769"
"AA","63.200","16","63.230","1","-6","63.23","50a1ce9d-8271-4292-83f9-e79a9d089f1c","2022-02-07 12:40:24.769"
"AA","63.200","1","63.230","5","-6","63.23","58a71d86-d46e-4b32-9f1a-a7b139d33f6a","2022-02-07 12:40:57.089"
"AA","63.290","6","63.320","3","6","63.22","693a1dfc-a828-45ec-8bf3-9d457461641f","2022-02-07 12:45:11.772"
"AA","63.290","1","63.320","3","6","63.22","00476a53-6672-40fd-9743-44ff4fc8111c","2022-02-07 12:45:11.772"
"AA","63.280","1","63.300","1","6","63.22","8ab86444-3b70-45c1-ac27-e4459ccadb40","2022-02-07 12:45:11.772"
"AA","63.270","5","63.310","1","6","63.22","56cbfcef-ec18-40eb-a59a-ea6dba5e385e","2022-02-07 12:45:11.772"
"AA","63.280","5","63.310","1","6","63.22","51737af4-c818-4d7d-9dfd-dc57cab8e754","2022-02-07 12:45:11.772"
"AA","63.280","5","63.310","1","6","63.22","ed5acd6c-b853-4bc3-bba2-a04b79e9f7ed","2022-02-07 12:45:11.772"
"AA","63.300","3","63.330","2","-6","63.33","40f3d1af-5b4e-4e33-b1c2-b69b27fc9c99","2022-02-07 12:46:29.756"
"AA","63.300","3","63.330","2","-6","63.33","3cfef69b-71cf-4d34-8cc2-9ca883949fbc","2022-02-07 12:46:29.756"
"AA","63.310","1","63.330","1","-6","63.33","d5da4863-1a47-41b4-aa20-e26431f48074","2022-02-07 12:46:35.737"
"AA","63.310","1","63.330","1","-6","63.33","b96089ef-2604-41cb-9118-410729482243","2022-02-07 12:46:35.737"
"AA","63.360","9","63.380","3","-6","63.38","b0843565-72b2-48aa-8cfe-7cc5fbe3b4db","2022-02-07 12:46:40.667"
"AA","63.380","8","63.410","2","-6","63.41","3a624f3a-3501-4286-8138-f17bf992d93e","2022-02-07 12:47:11.888"
"AA","63.910","6","63.940","1","6","63.77","0057be61-d89d-4329-b9fb-9dd9d0157c48","2022-02-07 13:34:23.710"
"AA","63.910","1","63.950","2","6","63.77","077bb211-f516-4fb2-92da-2a6357ec2f91","2022-02-07 13:34:23.710"
"AA","63.900","2","63.940","4","6","63.77","40f308c9-6a96-409a-9ed2-8d88ec6f029a","2022-02-07 13:34:23.710"
"AA","63.840","2","63.870","2","6","63.77","41096c2c-06c2-4225-9369-f7c2933d7561","2022-02-07 13:34:23.710"
"AA","63.850","6","63.890","3","6","63.77","1540b5d0-86a1-44e7-8774-628749919e20","2022-02-07 13:34:23.710"
"AA","63.860","5","63.890","1","6","63.77","57a3a976-72b8-4186-90ff-0b26cc304264","2022-02-07 13:34:23.710"
"AA","63.860","5","63.890","1","6","63.77","f32cb9f1-0827-4306-a349-fc0d1d461e5f","2022-02-07 13:34:23.710"
"AA","63.750","1","63.780","1","-6","63.78","e8f4b4e3-3b34-4e9c-8fac-56a0ea36d058","2022-02-07 13:35:52.370"
"AA","63.750","1","63.780","1","-6","63.78","3ecc0d6f-a0e8-4f2c-9be5-35741950fd05","2022-02-07 13:35:52.370"
"AA","63.750","1","63.780","1","-6","63.78","04a69810-9ead-4918-9131-2aba61b2885e","2022-02-07 13:35:52.370"
"AA","63.750","1","63.780","1","-6","63.78","5537fef2-5824-45f2-92bb-183464ad8ffc","2022-02-07 13:35:52.370"
"AA","63.760","6","63.790","6","-6","63.79","7aa86965-e6e9-4153-8186-f2dc7f2b0f5f","2022-02-07 13:36:01.270"
"AA","63.760","6","63.790","6","-6","63.79","7eabb565-3207-47be-94b6-6d6ef5802cfc","2022-02-07 13:36:01.270"
"AA","63.760","16","63.780","3","-6","63.78","7aaa9741-059b-4ee6-8dcf-fa894e59b110","2022-02-07 13:36:27.373"
"AA","63.820","6","63.850","1","6","63.76","33300d7c-44c0-49a6-bddb-f082838146b4","2022-02-07 13:48:08.119"
"AA","63.810","5","63.840","1","6","63.76","990499a3-6b77-4c54-95c7-9df56253172b","2022-02-07 13:48:08.119"
"AA","63.790","4","63.820","3","6","63.76","210cd4eb-84fb-470c-a299-678e23067e12","2022-02-07 13:48:08.119"
"AA","63.820","4","63.860","1","6","63.76","d3ff404a-8cfc-4490-816c-3c590e3bdb52","2022-02-07 13:48:08.119"
"AA","63.750","3","63.790","1","-6","63.80","4d63ce55-65e3-4907-bba2-2b79749d5558","2022-02-07 13:49:07.957"
"AA","63.760","2","63.800","3","-6","63.80","4fadde5d-1a52-4c4f-b563-059df4925539","2022-02-07 13:49:10.671"
"AA","63.760","2","63.800","3","-6","63.80","b36af05b-bb94-4acc-aabd-4140470ac070","2022-02-07 13:49:10.671"
"AA","63.780","1","63.800","1","-6","63.80","59a2876d-9386-4479-a7a6-3a357ab825dc","2022-02-07 13:49:10.671"
"AA","64.720","10","64.750","4","6","64.58","e81e072f-a47f-4774-94c4-23ecd297a064","2022-02-07 15:07:05.526"
"AA","64.690","6","64.710","1","6","64.58","6a65fee9-3945-4ad9-9335-eee848c2cc50","2022-02-07 15:07:05.526"
"AA","64.640","5","64.660","2","6","64.58","1c7eb91e-8fd6-4cce-a39c-353f55f6cc0b","2022-02-07 15:07:05.526"
"AA","64.620","5","64.650","2","6","64.58","ad96e04a-fd19-45c1-96ed-71f429706e7a","2022-02-07 15:07:05.526"
"AA","64.620","3","64.650","6","6","64.58","57b93b2e-785f-484f-8ffb-cde971c81fd4","2022-02-07 15:07:05.526"
"AA","64.710","3","64.730","1","6","64.53","34ce17b3-fa60-40fa-8ed5-eefb15322d82","2022-02-07 15:07:08.964"
"AA","64.710","1","64.730","1","6","64.53","2e25ef07-edee-46be-a649-dcbb5c7bbbb1","2022-02-07 15:07:08.964"
"AA","64.600","1","64.620","1","-6","64.62","e80423ce-6e5e-4027-9881-7af1f7522c5b","2022-02-07 15:08:03.623"
"AA","64.600","1","64.620","1","-6","64.62","3b490039-fe3d-46f1-8d22-e0ae10ce11a4","2022-02-07 15:08:03.623"
"AA","64.600","1","64.620","1","-6","64.62","7ef17660-e28f-4d18-ba35-1e545724fb46","2022-02-07 15:08:03.623"
"AA","64.600","1","64.620","1","-6","64.62","498c7c2c-6f6f-4f17-9a10-2db9205b067a","2022-02-07 15:08:03.623"
"AA","64.560","1","64.570","1","-6","64.60","271071b0-352e-4652-8f5a-5084084aaaea","2022-02-07 15:08:20.986"
"AA","64.600","3","64.610","1","-6","64.61","bfeed757-5e72-4f1e-98f2-c2f60a04ef72","2022-02-07 15:08:51.913"
"AA","64.570","14","64.590","1","-6","64.59","11d2229a-68f6-4c67-9ac1-346618093d84","2022-02-07 15:09:21.795"
"AA","64.640","4","64.660","1","6","64.60","e0c87e31-0c28-40d5-b3b0-3cbb1f5f5f47","2022-02-07 15:18:01.138"
"AA","64.570","2","64.590","7","-6","64.60","2b4f5168-95dc-4a13-b030-c461ce6931f5","2022-02-07 15:20:36.761"
"AA","64.580","2","64.620","5","6","64.49","2c841d75-84ca-48be-90f3-1e9400c47a3c","2022-02-07 15:26:45.895"
"AA","64.640","3","64.680","1","6","64.49","afb1bd3a-ef32-4137-a032-a3eac752c194","2022-02-07 15:26:45.895"
"AA","64.570","2","64.600","3","6","64.44","7a4a710c-467e-4b23-8715-a97bc3a3b06c","2022-02-07 15:27:03.098"
"AA","64.590","1","64.610","3","6","64.44","53e77973-042a-4120-8e11-9a6e79c4c374","2022-02-07 15:27:03.098"
"AA","64.560","3","64.600","1","6","64.44","0cadfb87-563b-4969-9d16-88228f4814f4","2022-02-07 15:27:03.098"
"AA","64.580","1","64.620","2","6","64.44","fb41da80-7fec-4831-aa91-892169246285","2022-02-07 15:27:03.098"
"AA","64.580","1","64.620","2","6","64.44","c28521de-cc8c-48ed-b873-fdf63608c7a8","2022-02-07 15:27:03.098"
"AA","64.480","1","64.500","2","-6","64.50","bd119ad0-c03b-432c-b6ec-cd8c5fbaaab0","2022-02-07 15:27:30.620"
"AA","64.480","1","64.500","2","-6","64.50","6ce89d7c-f033-4888-b239-b5780ccf8de2","2022-02-07 15:27:30.620"
"AA","64.480","1","64.500","2","-6","64.50","6bf31fae-3778-497b-b337-03ab8f21bd56","2022-02-07 15:27:30.620"
"AA","64.480","1","64.500","2","-6","64.50","b4c35d1c-6b4c-449a-ab26-d702dfc81149","2022-02-07 15:27:30.620"
"AA","64.390","3","64.410","1","-6","64.41","96084ff7-699a-4530-b804-db0e8eacf3f7","2022-02-07 15:28:13.515"
"AA","64.400","6","64.420","1","-6","64.42","8e37ab5a-ad8f-4921-a330-65a4583ab588","2022-02-07 15:28:20.426"
"AA","64.370","6","64.390","1","-6","64.39","ff34828a-930c-4793-9c70-f65fc7ca82e8","2022-02-07 15:30:00.254"
"AG","10.220","58","10.230","11","36","10.23","e76c190f-730c-47ce-babb-4ad3cc3dd3fc","2022-02-07 10:21:10.006"
"AG","10.220","58","10.230","11","-36","10.28","009e99e0-9eca-45c4-a606-9e17b14b8c89","2022-02-07 10:21:27.711"
"AG","10.400","40","10.410","16","36","10.38","0cfa1c5e-73f0-45b8-9045-79f217704611","2022-02-07 11:43:11.986"
"AG","10.400","24","10.400","1","36","10.38","0da9b79d-e58d-4496-9821-14872f3dbfe1","2022-02-07 11:43:11.986"
"AG","10.400","60","10.410","14","36","10.38","47c8cc52-0424-425d-9e1a-e8f3345996a8","2022-02-07 11:43:11.986"
"AG","10.400","36","10.410","33","36","10.38","172d6e61-4eea-426d-a8ab-963812d03a21","2022-02-07 11:43:11.986"
"AG","10.400","45","10.410","20","36","10.38","4d4de473-635e-4f5e-8b2f-512a3a19b1c4","2022-02-07 11:43:11.986"
"AG","10.410","177","10.420","23","36","10.37","fb41e466-b4ba-44e7-be74-c785b07dfd5b","2022-02-07 11:43:36.970"
"AG","10.410","23","10.420","46","36","10.37","37fe3d3c-1879-453f-98d0-2627d45387d8","2022-02-07 11:43:36.970"
"AG","10.410","13","10.420","42","36","10.37","dcabf2b1-4380-48cb-9c96-7dd5b842ba20","2022-02-07 11:43:36.970"
"AG","10.400","20","10.410","41","36","10.37","7707a2ea-bc31-4403-bcb4-7aae2eb38fb1","2022-02-07 11:43:36.970"
"AG","10.400","27","10.410","36","36","10.37","cea34200-8f34-400b-9d57-e82cf0ba54ea","2022-02-07 11:43:36.970"
"AG","10.400","36","10.410","16","36","10.36","429bbcf6-c01e-4041-80ca-85a2c9f499bd","2022-02-07 11:43:36.972"
"AG","10.400","35","10.410","16","36","10.36","862e3f61-c444-4473-9260-08ad19d6706f","2022-02-07 11:43:36.972"
"AG","10.410","32","10.420","37","36","10.36","9de7fabc-f651-4b0b-95cf-fdb5d1e73082","2022-02-07 11:43:36.972"
"AG","10.410","30","10.420","25","36","10.36","2264f82c-3a7e-4bd6-bf26-b91a2bb2b8df","2022-02-07 11:43:36.972"
"AG","10.450","24","10.460","72","36","10.36","84d48971-526e-4471-90b2-945ace0d8d0e","2022-02-07 11:43:36.972"
"AG","10.360","49","10.370","19","-36","10.37","6e550304-ec77-4eb8-9529-d1eb588214f2","2022-02-07 11:43:44.772"
"AG","10.360","47","10.370","19","-36","10.37","8c4307f4-8790-4154-aa29-aeaf3811db52","2022-02-07 11:44:03.447"
"AG","10.360","47","10.370","19","-36","10.37","e06e0ed2-5b25-4881-9536-92dc37b13d43","2022-02-07 11:44:03.447"
"AG","10.360","47","10.370","19","-36","10.37","3930ce74-5c5e-4aac-a3a3-79d0dee5a43b","2022-02-07 11:44:03.447"
"AG","10.360","47","10.370","19","-36","10.37","8148d55c-77bc-4184-a129-b8ed3a49b0ca","2022-02-07 11:44:03.447"
"AG","10.360","47","10.370","19","-36","10.37","021b1873-301a-47ff-af2a-af1d96c0f54b","2022-02-07 11:44:03.447"
"AG","10.360","47","10.370","19","-36","10.37","c3a66e83-f9d5-44e3-a638-5e3097ed7919","2022-02-07 11:44:03.447"
"AG","10.360","47","10.370","19","-36","10.37","fff55371-87cc-4f02-a062-2d67b0795839","2022-02-07 11:44:03.447"
"AG","10.360","24","10.370","32","-36","10.37","3a45809e-f6e3-4cad-b9b2-78737a608d3f","2022-02-07 11:44:03.447"
"AG","10.360","24","10.370","32","-36","10.37","e2d27a9b-f244-4413-8572-c03bd892fc44","2022-02-07 11:44:03.447"
"AG","10.360","24","10.370","32","-36","10.37","8ba35b45-836c-4edc-9bf3-fe1a3ea61807","2022-02-07 11:44:03.447"
"AG","10.360","24","10.370","32","-36","10.37","0bced429-3206-47f9-a075-d97f7e8144db","2022-02-07 11:44:03.447"
"AG","10.360","27","10.370","46","-36","10.37","7ca93d6b-451a-492e-a77b-654bf11d3e00","2022-02-07 11:44:11.302"
"AG","10.360","27","10.370","46","-36","10.37","953d86e2-e78b-4828-af95-655d970d3527","2022-02-07 11:44:11.302"
"AG","10.360","30","10.370","13","-36","10.37","f02bec01-6c24-4637-9e44-3d3a6e99638c","2022-02-07 11:44:46.087"
"AG","10.370","30","10.380","34","36","10.38","881dfee3-677b-4af6-ade1-e3384b852b19","2022-02-07 11:52:20.006"
"AG","10.360","34","10.370","43","-36","10.37","91316fa9-047c-45de-9dbc-f97296568b7d","2022-02-07 11:54:03.787"
"AG","10.360","34","10.370","35","36","10.37","00ae880b-43de-49a4-8c3f-b095d42bfb62","2022-02-07 11:57:00.006"
"AG","10.390","75","10.400","6","-36","10.40","afa9dd0e-fd6f-4509-ab0d-95603191fb3c","2022-02-07 11:59:24.187"
"AG","10.390","5","10.400","55","36","10.36","df244adc-daad-4182-b34b-048821dbf09f","2022-02-07 12:10:55.661"
"AG","10.390","15","10.400","37","36","10.36","0a4aae07-d3a6-4a2b-9cca-da56b842815c","2022-02-07 12:10:55.661"
"AG","10.390","28","10.400","36","36","10.36","f8f198a9-adac-45ff-ba97-1efe374c9c75","2022-02-07 12:10:55.661"
"AG","10.360","64","10.370","17","-36","10.37","5c0f413d-3fcc-40ba-bc10-726368365efc","2022-02-07 12:11:10.764"
"AG","10.360","64","10.370","17","-36","10.37","35cd1353-af97-4b28-b429-80c18ad065d6","2022-02-07 12:11:10.764"
"AG","10.370","53","10.380","22","-36","10.38","00d0220d-1f92-4acf-8363-82cbe0678fda","2022-02-07 12:14:53.309"
"AG","10.390","50","10.400","51","36","10.39","64b4dcda-7231-43b1-af41-435804a79102","2022-02-07 12:24:12.793"
"AG","10.390","50","10.400","39","36","10.39","2e41a5f7-e018-4ba7-8dea-21d59bad011f","2022-02-07 12:24:12.793"
"AG","10.400","35","10.410","39","-36","10.41","984586ab-b64f-4f62-b665-df51cd4cb9d9","2022-02-07 12:25:57.169"
"AG","10.410","64","10.410","1","-36","10.41","61545e16-a749-48cc-8eab-5ee7798b3e12","2022-02-07 12:26:00.006"
"AG","10.530","30","10.540","40","36","10.51","2b16716b-2475-4e1f-b6af-dc69c4ae6fda","2022-02-07 13:34:37.175"
"AG","10.530","16","10.540","41","36","10.51","9fe9b228-19b4-466c-ae27-9f248db21a05","2022-02-07 13:34:37.175"
"AG","10.530","29","10.540","32","36","10.51","0b0b431b-40a7-4946-b00d-cd6972162e2d","2022-02-07 13:34:37.175"
"AG","10.530","29","10.540","32","36","10.51","a1a154e4-d6f8-477e-b6c5-00f994c679cc","2022-02-07 13:34:37.175"
"AG","10.530","16","10.540","41","36","10.51","2bf00969-c9f6-4998-9e8d-aaf34672f3f7","2022-02-07 13:34:37.175"
"AG","10.530","12","10.540","35","36","10.51","1aa57a56-d0c8-4134-a638-3d646f514a18","2022-02-07 13:34:37.175"
"AG","10.520","18","10.530","42","-36","10.53","fed388cb-5b45-4152-afa2-50746dcb8129","2022-02-07 13:36:27.671"
"AG","10.520","18","10.530","42","-36","10.53","24d38038-2ec8-4290-879e-b6a6d7a4b959","2022-02-07 13:36:27.671"
"AG","10.520","35","10.530","28","-36","10.53","9f19d233-0d96-4135-8b93-f71e18a126a4","2022-02-07 13:36:35.784"
"AG","10.520","35","10.530","28","-36","10.53","96132c9f-06c1-4a67-a26a-765275651543","2022-02-07 13:36:35.784"
"AG","10.520","75","10.530","3","-36","10.53","7bfea656-c339-4fcd-ba7a-46ae822552fc","2022-02-07 13:37:00.302"
"AG","10.520","75","10.530","2","-36","10.53","d1ac2510-ebee-40e6-bd40-c44618838f0c","2022-02-07 13:37:26.998"
"AG","10.540","36","10.550","20","36","10.51","e5361d5c-f1fd-4b3d-8700-56bd97a33f16","2022-02-07 13:49:23.652"
"AG","10.550","30","10.560","51","36","10.51","3b0a8fac-b3f1-428f-b013-a4399774bbac","2022-02-07 13:49:23.652"
"AG","10.550","30","10.560","51","36","10.51","d9f9aa61-911e-4c7e-a9e5-8dc3fe5811da","2022-02-07 13:49:23.652"
"AG","10.550","34","10.560","51","36","10.51","32a323bf-0267-4d31-9222-36c12728837d","2022-02-07 13:49:23.652"
"AG","10.550","3","10.560","73","36","10.51","d908a1e3-0e69-497e-ac17-635a78eefe9c","2022-02-07 13:49:23.652"
"AG","10.530","35","10.540","51","36","10.51","8dd080fd-7d60-4638-9141-5bce3abd854c","2022-02-07 13:49:23.652"
"AG","10.530","23","10.540","41","36","10.51","d0993597-650e-4537-8c06-7bad19500d41","2022-02-07 13:49:23.652"
"AG","10.530","12","10.540","67","36","10.51","14bff6de-dd3b-46a4-9c02-2ed3cfeff27f","2022-02-07 13:49:23.652"
"AG","10.530","12","10.540","67","36","10.51","4615f5ea-df78-4487-bdbf-574437647ce1","2022-02-07 13:49:23.652"
"AG","10.500","43","10.510","19","-36","10.51","e6d22240-10dc-4c5d-a4c3-ad1c94fac592","2022-02-07 13:50:37.890"
"AG","10.500","43","10.510","19","-36","10.51","adf8110f-3b6a-451a-b521-241f0670581a","2022-02-07 13:50:37.890"
"AG","10.500","43","10.510","19","-36","10.51","149e7179-2ca5-4e9c-8006-c8131d353740","2022-02-07 13:50:37.890"
"AG","10.500","43","10.510","19","-36","10.51","9662e20c-155e-44c7-a52c-c2b820c1aab4","2022-02-07 13:50:37.890"
"AG","10.500","43","10.510","19","-36","10.51","821937d6-f393-4f60-8e02-d56bf9400691","2022-02-07 13:50:37.890"
"AG","10.510","12","10.520","58","-36","10.52","18e140e2-a690-4565-8f2a-4cf1634462cc","2022-02-07 13:52:06.045"
"AG","10.510","17","10.520","46","-36","10.52","48ae43c5-936c-48fe-a525-af6738caff6d","2022-02-07 13:52:06.045"
"AG","10.510","17","10.520","46","-36","10.52","35f5f6e8-f0d4-4750-8fd4-37ddd692db97","2022-02-07 13:52:06.045"
"AG","10.510","24","10.520","34","-36","10.52","ed3dcd74-3005-44ab-9053-5959f8ca19e4","2022-02-07 13:52:06.045"
"AG","10.530","60","10.540","17","36","10.53","414a4643-3ace-4945-9154-ec2528e128fe","2022-02-07 14:00:04.490"
"AG","10.530","41","10.540","22","36","10.53","db7ffd89-6910-4e90-a05c-037ccaf293cc","2022-02-07 14:00:04.490"
"AG","10.540","12","10.550","56","-36","10.55","977251ad-d1a8-4c04-924a-2e2c3863c978","2022-02-07 14:03:23.404"
"AG","10.540","23","10.550","64","-36","10.55","c6d9a497-fc47-4f3b-a11a-23f86a7f099f","2022-02-07 14:04:03.146"
"AG","10.540","23","10.550","41","36","10.53","02ff4563-71bb-43c6-95a1-f53861f21ae5","2022-02-07 14:23:05.264"
"AG","10.540","23","10.550","41","36","10.53","f523e4dc-c95f-4ebf-a574-c24070537352","2022-02-07 14:23:05.264"
"AG","10.540","10","10.550","54","36","10.53","3c52bd39-3b01-4d5b-9907-4d8b927988bc","2022-02-07 14:23:05.264"
"AG","10.540","7","10.550","77","36","10.53","fdbe491c-9489-4471-b30a-2207360db1ea","2022-02-07 14:23:05.264"
"AG","10.520","36","10.530","32","-36","10.53","32bb20be-1850-4ba8-8aa1-ccb8d5ae2487","2022-02-07 14:24:03.782"
"AG","10.520","36","10.530","32","-36","10.53","5fbb4477-1dd1-45df-a709-b316e38c4fbe","2022-02-07 14:24:03.782"
"AG","10.520","36","10.530","32","-36","10.53","cd336b49-f697-4f0b-8d55-6a856796883a","2022-02-07 14:24:03.782"
"AG","10.520","31","10.530","38","-36","10.53","c6e3e54a-e451-415c-8f65-6953d7bf70d7","2022-02-07 14:24:03.782"
"AG","10.570","43","10.580","26","36","10.56","a3fdd147-1c3a-4f04-8757-40e4129f66d9","2022-02-07 15:12:26.411"
"AG","10.570","20","10.580","34","36","10.56","d47ef950-dcdc-4a5c-b1f7-ca3441005d80","2022-02-07 15:12:26.411"
"AG","10.600","29","10.610","41","36","10.55","c7033d3d-6471-4de5-a1d8-711c72fe7dc5","2022-02-07 15:14:01.129"
"AG","10.600","15","10.610","57","36","10.55","86c86e59-8a1a-4a28-9d03-f9f1ed13e5ad","2022-02-07 15:14:01.129"
"AG","10.600","19","10.610","58","36","10.55","3951d6a7-77e6-46d5-8794-b0adfcb48642","2022-02-07 15:14:01.129"
"AG","10.600","22","10.610","59","36","10.55","952aad1a-21f5-4d49-890b-07c87bb28b4b","2022-02-07 15:14:01.129"
"AG","10.600","41","10.610","48","36","10.55","0ba434c6-4e73-4612-bd65-dce51b301202","2022-02-07 15:14:01.129"
"AG","10.600","30","10.610","47","36","10.55","4198c254-d2ce-475f-8816-b6bd9e4b2f8b","2022-02-07 15:14:01.129"
"AG","10.600","34","10.610","47","36","10.55","8bbf08ef-77b4-4b51-98c3-a8c7f22c1554","2022-02-07 15:14:01.129"
"AG","10.600","22","10.610","45","36","10.55","50d2cbbb-df04-4b36-9eb5-e1aa6776cc9d","2022-02-07 15:14:01.129"
"AG","10.600","21","10.610","36","36","10.55","cd14797b-8d18-4ad0-8f26-9259489f78e8","2022-02-07 15:14:01.129"
"AG","10.590","48","10.600","53","36","10.55","d1b3e0e8-2c2a-45a2-9b2c-3cfb5c1aefb7","2022-02-07 15:14:01.129"
"AG","10.590","48","10.600","53","36","10.55","b9369f6f-5dc5-4e44-a0d6-2af8d01f107f","2022-02-07 15:14:01.129"
"AG","10.560","27","10.570","30","-36","10.57","ddb0ae91-e648-467d-b4fd-6f6cd5f9e06f","2022-02-07 15:14:50.850"
"AG","10.560","27","10.570","30","-36","10.57","0553e0ac-afdd-4105-99b1-2441bf26f7b5","2022-02-07 15:14:50.850"
"AG","10.560","27","10.570","30","-36","10.57","261e62af-6a8a-49d7-8bb2-5834e19ff894","2022-02-07 15:14:50.850"
"AG","10.570","17","10.580","63","-36","10.58","edfb3b7d-0fac-4212-9b6b-e11fcb0e050b","2022-02-07 15:15:19.584"
"AG","10.570","17","10.580","63","-36","10.58","fbd7ce1d-ae80-4960-b4d4-180ae53edcad","2022-02-07 15:15:19.584"
"AG","10.570","17","10.580","63","-36","10.58","8f2e2149-7cb1-40de-a26c-cf64182596f8","2022-02-07 15:15:19.584"
"AG","10.570","34","10.580","39","-36","10.58","97591dbe-71c9-4d14-a626-6c9a06ec5d12","2022-02-07 15:15:42.887"
"AG","10.570","34","10.580","39","-36","10.58","d5191d44-d999-4d66-a3d2-bf7df65acd0a","2022-02-07 15:15:42.887"
"AG","10.570","34","10.580","39","-36","10.58","60bb1b21-91b0-4dc2-8bce-fe08e4eaa1b9","2022-02-07 15:15:42.887"
"AG","10.570","35","10.580","19","-36","10.58","2c87bf52-7361-477a-a6f1-543d12b79ac9","2022-02-07 15:15:51.784"
"AG","10.570","35","10.580","19","-36","10.58","525412d0-60cb-4a21-b531-f1f50dbdf701","2022-02-07 15:15:51.784"
"AG","10.570","36","10.580","21","-36","10.58","f3533151-4427-4a5d-8e1f-61b1543ef5bb","2022-02-07 15:16:16.096"
"AG","10.570","34","10.580","37","-36","10.58","86c03205-6992-4071-b236-9410308331b8","2022-02-07 15:18:42.145"
"AG","10.580","1","10.580","71","36","10.56","d3e3cc21-fd58-4eab-b510-4a5cbbdc53e2","2022-02-07 15:21:29.462"
"AG","10.540","15","10.550","70","-36","10.55","7e66c096-3fe6-4894-8358-211052764d7d","2022-02-07 15:22:40.518"
"ABB","34.870","50","34.880","11","10","34.88","b7846c83-b99e-473a-894d-4219b8fac01b","2022-02-07 10:54:00.006"
"ABB","34.850","52","34.860","4","-10","34.86","888245db-6b92-48b0-a79f-1264c3089316","2022-02-07 10:55:35.049"
"ABB","34.870","45","34.880","9","10","34.82","d74b2867-35a0-4a11-9d25-460215877c38","2022-02-07 11:04:33.555"
"ABB","34.880","61","34.890","3","10","34.82","277b8ff8-6abb-4585-8311-8fbb2cbb9abc","2022-02-07 11:04:33.555"
"ABB","34.890","4","34.900","30","10","34.82","5a57eb8d-eb63-49f9-a083-00e91bfea2d5","2022-02-07 11:04:33.555"
"ABB","34.880","45","34.890","15","10","34.82","800adc1e-23f2-4763-a270-c55f20e11586","2022-02-07 11:04:33.555"
"ABB","34.880","51","34.890","13","10","34.82","56df5e7c-7aed-469b-9a3d-bc901440db01","2022-02-07 11:04:33.555"
"ABB","34.890","18","34.900","12","10","34.82","2cf19237-b380-429e-aad1-c80439ebf5a3","2022-02-07 11:04:33.555"
"ABB","34.890","50","34.900","9","10","34.82","da3d3219-6564-4b4e-bd94-b2ad08e7726c","2022-02-07 11:04:33.555"
"ABB","34.890","50","34.900","24","10","34.82","b7d67012-cbb3-440a-a7a5-668494422e45","2022-02-07 11:04:33.555"
"ABB","34.900","48","34.910","24","10","34.82","c4e62064-4ae2-45ff-a833-830af4587768","2022-02-07 11:04:33.555"
"ABB","34.880","52","34.890","3","10","34.82","902ce8f1-1452-419f-98f1-84976806eaed","2022-02-07 11:04:33.555"
"ABB","34.890","17","34.900","38","10","34.82","009df671-2e00-4580-8493-78b83f07fb42","2022-02-07 11:04:33.555"
"ABB","34.890","17","34.900","25","10","34.82","f24888b4-d260-43ab-ac6e-4303249ddb76","2022-02-07 11:04:33.555"
"ABB","34.880","19","34.890","18","10","34.82","c8fa6ea5-54e9-402a-b973-bf15436876a6","2022-02-07 11:04:33.555"
"ABB","34.870","8","34.880","42","10","34.82","568a9d91-0abb-4ba5-ba9c-fdf2fb8fdbeb","2022-02-07 11:04:33.555"
"ABB","34.860","23","34.870","8","10","34.82","98108e17-58f8-4bc3-af9a-b0c946fc627b","2022-02-07 11:04:33.555"
"ABB","34.820","23","34.830","11","-10","34.83","dd2aab59-8dfe-4284-9a5d-e5e41ce71d88","2022-02-07 11:05:19.548"
"ABB","34.820","23","34.830","11","-10","34.83","22c39fbc-28b2-45cd-ac13-b8f0c844830e","2022-02-07 11:05:19.548"
"ABB","34.820","23","34.830","11","-10","34.83","aafc20da-fe63-4a12-8779-6c251000804d","2022-02-07 11:05:19.548"
"ABB","34.820","23","34.830","11","-10","34.83","a5ca0784-7b59-4d1b-be9c-78e7c3914e04","2022-02-07 11:05:19.548"
"ABB","34.820","23","34.830","11","-10","34.83","cd1a2d6a-a2a1-4f21-857c-f13ed77198a9","2022-02-07 11:05:19.548"
"ABB","34.820","23","34.830","11","-10","34.83","97a7ca47-4024-4718-953a-2cc358dbee02","2022-02-07 11:05:19.548"
"ABB","34.820","23","34.830","11","-10","34.83","84bfcd84-d6d1-426c-999e-8d756247feed","2022-02-07 11:05:19.548"
"ABB","34.820","23","34.830","11","-10","34.83","80450c76-b6f9-4b8a-b62a-f073d16419d6","2022-02-07 11:05:19.548"
"ABB","34.820","23","34.830","11","-10","34.83","ed8498af-4c01-430c-bc77-d1a9bd5d6fbb","2022-02-07 11:05:19.548"
"ABB","34.820","23","34.830","11","-10","34.83","9754d71f-47a4-4ab2-b3d0-20f287891c03","2022-02-07 11:05:19.548"
"ABB","34.820","23","34.830","11","-10","34.83","c2a6b51b-d3d7-4122-9b25-cc8e4db111b7","2022-02-07 11:05:19.548"
"ABB","34.820","23","34.830","11","-10","34.83","27b670a2-2d7e-4172-aeb3-97f4e5d2751b","2022-02-07 11:05:19.548"
"ABB","34.820","30","34.830","1","-10","34.83","9b4b234e-9699-4417-84e0-79ab8ebf0d35","2022-02-07 11:05:20.384"
"ABB","34.820","30","34.830","1","-10","34.83","2a782093-194a-4c7c-9d2d-be2bd7df8b73","2022-02-07 11:05:20.384"
"ABB","34.820","12","34.830","25","-10","34.83","edc028f6-c022-4657-9373-ec024e65f2cf","2022-02-07 11:07:46.208"
"ABB","34.830","27","34.840","3","10","34.78","e7ae0187-333e-4c26-ad33-29f6562677be","2022-02-07 11:29:47.400"
"ABB","34.830","27","34.840","3","10","34.78","3cde1487-3bba-4c98-8b5c-052c5453ccb3","2022-02-07 11:29:47.400"
"ABB","34.840","22","34.850","24","10","34.78","140461da-ac83-4700-aaa3-56e5f75f7eba","2022-02-07 11:29:47.400"
"ABB","34.850","28","34.860","13","10","34.78","d0e78dac-9277-4ace-9cf1-c22d2d1f6b58","2022-02-07 11:29:47.400"
"ABB","34.860","1","34.870","34","10","34.78","5a52ec85-bd6d-4e1c-bf46-b937ebbc4e07","2022-02-07 11:29:47.400"
"ABB","34.850","27","34.860","18","10","34.78","39c4dc9c-59d0-4762-9cb6-cc1ef9cd8c3e","2022-02-07 11:29:47.400"
"ABB","34.840","15","34.850","44","10","34.77","ddf7ae76-9fcb-4a6a-8d87-13ded1a424fa","2022-02-07 11:29:52.503"
"ABB","34.820","20","34.830","31","10","34.77","2d82b9f3-2962-4673-8e30-fc312485fa9c","2022-02-07 11:29:52.503"
"ABB","34.760","17","34.770","19","-10","34.77","b809205a-3818-4ef2-8d94-7e0145631d48","2022-02-07 11:31:33.116"
"ABB","34.760","17","34.770","19","-10","34.77","5ec30794-30dc-4f07-a3b5-3d418623a0d3","2022-02-07 11:31:33.116"
"ABB","34.760","17","34.770","19","-10","34.77","a52cbe8f-b450-4088-a19d-98a7666a4de7","2022-02-07 11:31:33.116"
"ABB","34.760","17","34.770","19","-10","34.77","2b6cc4fc-d388-44f9-9546-f95e3c90422c","2022-02-07 11:31:33.116"
"ABB","34.770","25","34.780","15","-10","34.78","08eaf1d4-3a6d-4333-9a31-8f2f028052c8","2022-02-07 11:31:52.973"
"ABB","34.770","25","34.780","15","-10","34.78","aa2d164b-a5d4-47c1-bbbc-e4ee25aa843d","2022-02-07 11:31:52.973"
"ABB","34.770","20","34.780","13","-10","34.78","4b7dff90-f9cd-4df7-8839-6301c5a1fbbb","2022-02-07 11:31:52.973"
"ABB","34.780","20","34.780","2","-10","34.78","62d0d966-f88e-4cd1-aa2c-532a37512b17","2022-02-07 11:32:00.006"
"ABB","34.680","9","34.690","13","10","34.63","ee9a235c-7545-4129-a7f9-8f8b9a2d2b76","2022-02-07 12:01:43.452"
"ABB","34.680","9","34.690","13","10","34.63","f12768b6-f7cd-4ead-bde4-c3664c3ba5ed","2022-02-07 12:01:43.452"
"ABB","34.680","9","34.690","13","10","34.63","637177e4-98e1-4e5b-a088-469f243fdc09","2022-02-07 12:01:43.452"
"ABB","34.670","26","34.680","8","10","34.63","98ea3f58-1900-444a-9ce7-ac7557d09aaa","2022-02-07 12:01:43.452"
"ABB","34.650","13","34.660","12","10","34.63","60384d09-1423-4af5-984e-379798f389de","2022-02-07 12:01:43.452"
"ABB","34.630","13","34.640","9","-10","34.64","20c51ce0-0a11-420f-9316-beeb10a65759","2022-02-07 12:03:14.410"
"ABB","34.640","13","34.650","9","-10","34.65","fec9e476-2354-41b2-b94f-9c2ab9daaa4a","2022-02-07 12:03:15.044"
"ABB","34.640","13","34.650","9","-10","34.65","ef6b0ad1-1343-439e-afb3-a8428244ca93","2022-02-07 12:03:15.044"
"ABB","34.640","13","34.650","9","-10","34.65","88fb73b8-8830-4b25-a930-cddbed403f5d","2022-02-07 12:03:15.044"
"ABB","34.650","13","34.660","15","-10","34.67","100c6fca-a72e-48b2-a7b6-c02cf387bf8f","2022-02-07 12:04:01.257"
"ABB","34.660","27","34.670","6","10","34.63","4920e9bb-1c4b-41b1-91c2-bcea365bcb3d","2022-02-07 12:09:55.085"
"ABB","34.660","27","34.670","6","10","34.63","7ff351b2-b23b-444b-a9c0-78e284b8db2c","2022-02-07 12:09:55.085"
"ABB","34.660","27","34.670","6","10","34.63","7c45199a-3056-4688-b30b-94c67eaa8144","2022-02-07 12:09:55.085"
"ABB","34.660","10","34.670","10","10","34.63","afe969d5-b30c-47e8-af26-cbced74f85b1","2022-02-07 12:09:55.085"
"ABB","34.660","10","34.670","10","10","34.63","3d813b1b-3210-4335-bccf-2e2290b3f186","2022-02-07 12:09:55.085"
"ABB","34.660","10","34.670","10","10","34.63","a4fcab99-a866-4a85-980e-8b3bd1dc2b02","2022-02-07 12:09:55.085"
"ABB","34.650","2","34.660","32","10","34.63","b7946327-7d75-42ad-bef9-5ac01fe77cd2","2022-02-07 12:09:55.085"
"ABB","34.650","2","34.660","33","10","34.63","d8543851-d8f8-4eb9-adbf-67ff07fba1ba","2022-02-07 12:09:55.085"
"ABB","34.640","14","34.650","18","10","34.63","7741ad52-99e8-4d30-88dd-35c86476e32c","2022-02-07 12:09:55.085"
"ABB","34.640","26","34.650","1","10","34.63","b02ece15-2b2b-4901-8855-8a56233c43a8","2022-02-07 12:09:55.085"
"ABB","34.620","10","34.630","18","-10","34.63","1f0f3398-0e30-4e89-bb3d-3061fe0e1c08","2022-02-07 12:11:00.728"
"ABB","34.620","10","34.630","18","-10","34.63","9c6e46bf-e649-4c88-aaf5-89551b5ec23d","2022-02-07 12:11:00.728"
"ABB","34.620","10","34.630","18","-10","34.63","2380c7a1-420c-4272-9954-ad4460a39735","2022-02-07 12:11:00.728"
"ABB","34.620","10","34.630","18","-10","34.63","818b0c7e-ea3a-45db-a5a0-72cedb470c73","2022-02-07 12:11:00.728"
"ABB","34.620","10","34.630","18","-10","34.63","bbaefc80-4cce-45e8-9e42-25c0401f4ff0","2022-02-07 12:11:00.728"
"ABB","34.630","29","34.640","21","-10","34.64","23c3d620-5180-45ec-899b-af5086499f5b","2022-02-07 12:11:24.306"
"ABB","34.630","29","34.640","21","-10","34.64","f57a2cc0-705b-4605-aa9b-2bdfedc49504","2022-02-07 12:11:24.306"
"ABB","34.630","29","34.640","21","-10","34.64","ce348fa7-2212-4c64-93dc-fd17a2b22d1f","2022-02-07 12:11:24.306"
"ABB","34.630","29","34.640","21","-10","34.64","f8693bea-2a54-4ae4-9aa3-a67810c3c4fc","2022-02-07 12:11:24.306"
"ABB","34.630","13","34.640","13","-10","34.64","50ae98c4-a0ad-4ef1-aa07-a6cf1be61071","2022-02-07 12:11:37.237"
"ABB","34.640","16","34.650","8","10","34.63","1dc4bd1c-211e-4e9f-8db0-9d4a558d04e6","2022-02-07 12:26:42.678"
"ABB","34.680","54","34.690","5","10","34.60","e8789400-fafb-40b4-b95a-870428f12801","2022-02-07 12:27:29.006"
"ABB","34.600","12","34.610","9","-10","34.61","e8b8829a-4fcb-4f94-b6cb-494328d94d98","2022-02-07 12:28:02.941"
"ABB","34.600","10","34.610","9","-10","34.61","63fdb21c-f8ec-48d6-ae3f-537e09406644","2022-02-07 12:28:19.530"
"ABB","34.680","50","34.690","13","10","34.59","7d2e3505-b493-4fe0-b92b-f3fb206342b0","2022-02-07 12:28:36.709"
"ABB","34.680","14","34.690","2","10","34.59","81d015d9-120d-4616-8e6d-f0c9c5e81b73","2022-02-07 12:28:36.709"
"ABB","34.680","22","34.690","8","10","34.59","f684f5da-b9c8-4c48-9c4f-ee688bab46a9","2022-02-07 12:28:36.709"
"ABB","34.580","18","34.590","13","-10","34.59","a5c1fed4-6137-4293-b226-dfefd8eb4d6e","2022-02-07 12:28:59.716"
"ABB","34.580","18","34.590","13","-10","34.59","36dfb829-bd45-4396-899d-799f6722def8","2022-02-07 12:28:59.716"
"ABB","34.680","1","34.690","15","10","34.58","3062d305-cb05-4a17-8579-b31045613c08","2022-02-07 12:28:59.771"
"ABB","34.680","20","34.690","20","10","34.58","57619e7e-e543-40ec-a0cb-51fc533d9753","2022-02-07 12:28:59.771"
"ABB","34.700","16","34.710","22","10","34.58","01fb2f20-afed-4b77-867f-2bcba018d6ef","2022-02-07 12:28:59.771"
"ABB","34.690","1","34.700","19","10","34.58","6bfc3fe8-0f50-4778-9af4-9808e966a95e","2022-02-07 12:28:59.771"
"ABB","34.660","38","34.670","11","10","34.58","39c5fdc1-1734-4d3e-9d7f-871e06c6c772","2022-02-07 12:28:59.771"
"ABB","34.660","46","34.670","19","10","34.58","60c1d7e1-dbd3-4686-8dc0-6e23300fefea","2022-02-07 12:28:59.771"
"ABB","34.660","42","34.670","11","10","34.58","507b2cfe-85ba-48bb-950b-bedca2e11419","2022-02-07 12:28:59.771"
"ABB","34.560","14","34.570","8","-10","34.57","8ce37c6c-3858-460a-b3a8-29e81a658d2b","2022-02-07 12:30:35.009"
"ABB","34.560","14","34.570","8","-10","34.57","d91f0d40-ba7f-49ae-a01f-2905c2a9598e","2022-02-07 12:30:35.009"
"ABB","34.560","14","34.570","8","-10","34.57","f1ea3a50-5471-4e0e-ba50-692147b2f620","2022-02-07 12:30:35.009"
"ABB","34.560","14","34.570","8","-10","34.57","3834d5fa-3534-4760-b0e0-100cd668e235","2022-02-07 12:30:35.009"
"ABB","34.570","32","34.580","9","-10","34.58","c8271f19-974d-4c60-9989-06d0ad9f024e","2022-02-07 12:30:42.425"
"ABB","34.570","32","34.580","9","-10","34.58","afc649a2-236a-4a50-b943-a20cca1151c0","2022-02-07 12:30:42.425"
"ABB","34.580","24","34.590","18","-10","34.59","66d8b34a-ed8f-4cae-98a5-2ff596c80836","2022-02-07 12:31:03.435"
"ABB","34.590","32","34.600","1","-10","34.60","48588686-998b-48dd-b0ff-d542bdb37eb8","2022-02-07 12:31:14.031"
"ABB","34.600","33","34.610","1","10","34.61","72ba639b-614c-47bb-bcd3-d926eb2f5b31","2022-02-07 12:42:00.006"
"ABB","34.600","30","34.610","19","-10","34.61","6628ac5a-ba51-4a67-ba32-8be19028dec1","2022-02-07 12:46:05.336"
"ABB","34.840","12","34.850","12","10","34.82","ef61d352-ef01-4ef3-9640-cfec99590bd5","2022-02-07 14:13:44.935"
"ABB","34.840","10","34.850","25","10","34.82","7a35bfc3-fdd9-4d85-930c-d993fd3af76f","2022-02-07 14:13:44.935"
"ABB","34.840","11","34.850","12","10","34.82","039f3383-4712-46ea-a0b3-255c84f2427c","2022-02-07 14:13:44.935"
"ABB","34.840","11","34.850","25","-10","34.85","7b6e5804-6d08-458a-9351-55cf4b77b977","2022-02-07 14:16:35.651"
"ABB","34.840","11","34.850","25","-10","34.85","1e87c4ac-e510-4765-9778-1928a8871c13","2022-02-07 14:16:35.651"
"ABB","34.840","25","34.850","7","-10","34.85","01138a0f-ba0f-4f27-b315-fed1ba9ab98b","2022-02-07 14:17:04.780"
"ABB","34.910","28","34.920","4","10","34.88","84c0d12a-96c3-4f54-804f-e4306cb8ca3a","2022-02-07 15:00:42.516"
"ABB","34.910","18","34.920","8","10","34.88","69d7ef99-294b-4cd7-9787-5fd659105ac6","2022-02-07 15:00:42.516"
"ABB","34.890","13","34.900","5","-10","34.90","76068274-2ad9-402b-9184-f904dbf95716","2022-02-07 15:02:03.288"
"ABB","34.900","20","34.910","6","-10","34.91","c34f96d9-fc91-41dc-b1f8-375aa9c1dbbd","2022-02-07 15:02:58.327"
"ABB","34.930","13","34.940","17","10","34.89","ffb4f0e5-a257-4493-b6c1-fa5fdaf7ec1a","2022-02-07 15:08:14.334"
"ABB","34.890","33","34.900","1","-10","34.90","64bd02f9-3253-4a4f-b33a-09f7704f897b","2022-02-07 15:08:32.182"
"ABB","34.930","9","34.940","26","10","34.90","7a12dec1-8e44-4c84-94ca-664c54f85222","2022-02-07 15:20:27.698"
"ABB","34.940","14","34.950","16","10","34.90","ebcdfbb7-1c51-4d8b-8127-4fc3e8537b31","2022-02-07 15:20:27.698"
"ABB","34.940","5","34.950","28","10","34.90","7119444d-229e-4d57-a7b8-c523ce0c42e0","2022-02-07 15:20:27.698"
"ABB","34.930","25","34.940","11","10","34.90","671d10e7-136f-44ef-b913-5cc3eb9ae31c","2022-02-07 15:20:27.698"
"ABB","34.930","20","34.940","15","10","34.90","5144a1b3-a5c5-4791-95c6-88b8da95f4ad","2022-02-07 15:20:27.698"
"ABB","34.900","30","34.910","13","-10","34.91","89f44b5b-5062-459e-9a8a-6902d5800fb4","2022-02-07 15:20:41.930"
"ABB","34.900","30","34.910","13","-10","34.91","066af1ac-12c3-4548-a7b1-67ce385e1f8f","2022-02-07 15:20:41.930"
"ABB","34.900","30","34.910","13","-10","34.91","0c21a106-f0b2-49f8-a2fd-18974dfd5ba6","2022-02-07 15:20:41.930"
"ABB","34.900","23","34.910","25","-10","34.91","5320e475-51e5-4a42-8a81-146cf306866f","2022-02-07 15:21:06.101"
"ABB","34.930","20","34.940","15","10","34.88","6534ff10-e31b-45f2-9be7-214b089e2856","2022-02-07 15:22:05.901"
"ABB","34.930","30","34.940","12","10","34.88","31d8f656-2f0f-4f48-83f8-1132e61ab57a","2022-02-07 15:22:05.901"
"ABB","34.930","18","34.940","15","10","34.88","87248620-3c78-4bc8-a689-657e93f1db4e","2022-02-07 15:22:05.901"
"ABB","34.930","25","34.940","18","10","34.88","ad638be5-4e22-4fbe-a29c-ef9b2999b6f9","2022-02-07 15:22:05.901"
"ABB","34.930","25","34.940","18","10","34.88","e42231c0-0400-4e98-924c-212af2330a67","2022-02-07 15:22:05.901"
"ABB","34.910","17","34.920","5","10","34.87","8a8e7086-51e6-4c5c-aaec-8b3bd6fee2b5","2022-02-07 15:22:09.638"
"ABB","34.870","42","34.880","2","-10","34.89","39985d46-4c0c-41c3-8088-061bd8f29eee","2022-02-07 15:22:28.774"
"ABB","34.870","42","34.880","2","-10","34.89","a9bfc20f-badd-4a80-b8e6-9162b9559657","2022-02-07 15:22:28.774"
"ABB","34.870","42","34.880","2","-10","34.89","8c187429-0a4e-48bf-80e0-2daca06713e9","2022-02-07 15:22:28.774"
"ABB","34.870","42","34.880","2","-10","34.89","ea2e0e9b-688e-4fc5-8e71-210db5e50bf1","2022-02-07 15:22:28.774"
"ABB","34.880","12","34.890","20","-10","34.89","5f598b64-a1bd-41ca-8ba0-efa12758f13a","2022-02-07 15:22:40.564"
"ABB","34.880","12","34.890","20","-10","34.89","a9fbc5b8-c72e-4b2d-b8e6-cc11fd28c3c8","2022-02-07 15:22:40.564"
"ABB","34.880","12","34.890","20","-10","34.89","0b673f2c-5b5a-4cd3-bf45-6bb1dafab165","2022-02-07 15:22:40.564"
"ALB","222.990","1","223.270","3","2","222.49","d7f116ef-1fbf-4268-8d7a-adfdbcc194be","2022-02-07 11:17:58.915"
"ALB","222.990","1","223.270","3","2","222.49","1251246e-1857-409f-a86f-7159d0c3d943","2022-02-07 11:17:58.915"
"ALB","223.060","1","223.270","1","2","222.49","f7d974c0-d6ed-45f5-991f-6c9b50d4e4a8","2022-02-07 11:17:58.915"
"ALB","222.850","1","223.050","1","2","222.49","513e09ef-88c6-46c2-b3ea-72f862e1e1cb","2022-02-07 11:17:58.915"
"ALB","222.220","1","222.690","8","-2","222.69","8af7c6eb-9776-4fe6-bdf8-0e3c7db1ce21","2022-02-07 11:21:54.260"
"ALB","222.220","1","222.690","8","-2","222.69","83c18f6b-fe30-43cb-8cf2-b8e821764232","2022-02-07 11:21:54.260"
"ALB","222.220","1","222.690","8","-2","222.69","b8095d6c-e789-474f-bf41-351569dfece0","2022-02-07 11:21:54.260"
"ALB","222.230","1","222.690","8","-2","222.69","5c0e0679-0027-4772-b697-bb386012f561","2022-02-07 11:21:54.260"
"ALB","222.660","1","223.110","5","2","222.40","0f12dbdf-622d-471e-9f12-67046a5ce2a9","2022-02-07 11:32:42.476"
"ALB","222.660","1","223.110","5","2","222.40","a7f518cf-bd71-43fd-b43c-f9c9f7407791","2022-02-07 11:32:42.476"
"ALB","222.670","1","223.110","5","2","222.40","9ca06b4a-1669-4abf-bd55-4f8a9a83b67a","2022-02-07 11:32:42.476"
"ALB","222.760","1","223.110","5","2","222.40","6dc862b7-09b9-4112-9832-9bb7a7fd0896","2022-02-07 11:32:42.476"
"ALB","222.950","1","223.150","1","2","222.40","730d7e88-fbc6-43e7-8f3e-d39367ae8f42","2022-02-07 11:32:42.476"
"ALB","223.040","1","223.360","1","2","222.40","4facfd97-a50a-4e8f-bed4-38f158905490","2022-02-07 11:32:42.476"
"ALB","223.390","1","223.810","2","2","222.40","af9251f7-ba76-42df-984d-f4fdb60b906e","2022-02-07 11:32:42.476"
"ALB","223.560","1","223.920","2","2","222.40","bfd95906-f721-4245-aa7c-b8d551dc643f","2022-02-07 11:32:42.476"
"ALB","223.490","1","223.750","2","2","222.40","546712ce-b748-495b-a645-6d5efbbecf27","2022-02-07 11:32:42.476"
"ALB","223.470","1","223.740","1","2","222.40","6acc442a-6fe5-493c-b87c-2a69f7ef8321","2022-02-07 11:32:42.476"
"ALB","223.050","1","223.410","1","2","222.40","86fddad9-1ade-45a7-9fca-3ef13af502a1","2022-02-07 11:32:42.476"
"ALB","223.050","1","223.400","2","2","222.40","38355a68-b644-4471-9e76-295fb508cc3a","2022-02-07 11:32:42.476"
"ALB","223.050","1","223.400","2","2","222.40","6dbf44dd-acf1-442c-91eb-a7c6d8c55e26","2022-02-07 11:32:42.476"
"ALB","222.990","1","223.190","1","2","222.40","bad3d454-b25d-46e9-9e3c-71d2bedd80a8","2022-02-07 11:32:42.476"
"ALB","222.990","1","223.190","10","2","222.40","72d2d236-1952-4efa-bc11-edb52501dd5c","2022-02-07 11:32:42.476"
"ALB","222.900","1","223.290","1","2","221.83","c56e13ba-ceab-4469-890f-f74cdeee87b5","2022-02-07 11:33:56.588"
"ALB","222.000","1","222.290","1","-2","222.29","57e66e92-883e-4574-9887-2420602dd134","2022-02-07 11:34:33.524"
"ALB","222.000","1","222.290","1","-2","222.29","de20b8b0-32a7-40d5-bf1c-0f645fd0d13e","2022-02-07 11:34:33.524"
"ALB","222.000","1","222.290","1","-2","222.29","87629610-2ee6-4c2c-93b3-6cc4dfbee3db","2022-02-07 11:34:33.524"
"ALB","222.020","1","222.290","2","-2","222.29","f3e51c40-6489-4569-8d02-3feaa05090ca","2022-02-07 11:34:33.524"
"ALB","222.020","1","222.290","2","-2","222.29","b7019107-7ca9-464b-a95e-87bbd4811e22","2022-02-07 11:34:33.524"
"ALB","222.020","1","222.290","3","-2","222.29","5c60c6cb-c976-41cf-9538-2d562a9b43a2","2022-02-07 11:34:33.524"
"ALB","222.020","1","222.300","1","-2","222.40","8aea75b0-1b20-469a-8459-1957f0213481","2022-02-07 11:34:33.524"
"ALB","222.020","1","222.300","1","-2","222.40","a722bdc0-7b97-474e-bfbb-8ffff0dfb721","2022-02-07 11:34:33.524"
"ALB","222.020","1","222.300","1","-2","222.40","3b648555-02b2-4b40-af10-a7a386edd9ee","2022-02-07 11:34:33.524"
"ALB","222.020","1","222.300","1","-2","222.40","310ee10d-e15d-4fda-83a4-23f556a662f9","2022-02-07 11:34:33.524"
"ALB","222.020","1","222.300","1","-2","222.40","3289c21e-c0a7-4771-9bbf-9a7c961e2dcc","2022-02-07 11:34:33.524"
"ALB","222.020","1","222.300","1","-2","222.40","b77bf3f8-efcf-4945-87ff-199f5410c9b5","2022-02-07 11:34:33.524"
"ALB","220.620","1","220.930","1","-2","220.98","c1f83cfe-df32-4844-8e52-53c3f84f44d5","2022-02-07 11:42:07.791"
"ALB","220.620","1","220.930","1","-2","220.98","5f8d5a83-9d31-4350-9b2c-ebfee53b8510","2022-02-07 11:42:07.791"
"ALB","221.000","10","221.550","1","2","219.50","a309c7d2-f817-4110-b1fe-18106e5b4fe7","2022-02-07 11:43:47.005"
"ALB","221.160","2","221.830","1","2","219.10","e431ea54-da66-4292-a7f8-1792d2ed0df3","2022-02-07 11:44:45.980"
"ALB","221.450","2","222.330","2","2","219.10","7d23e191-acce-4b54-8246-c505dcf895cf","2022-02-07 11:44:45.980"
"ALB","220.630","1","221.310","2","2","219.10","582de952-dc9b-4309-a40b-861a87ab27aa","2022-02-07 11:44:45.980"
"ALB","220.440","1","221.310","2","2","219.10","2e8ca0bc-45bb-4db7-b319-9c0884c7795d","2022-02-07 11:44:45.980"
"ALB","220.750","10","221.310","2","2","219.10","6af3a450-0be5-48d0-8b3e-a73ecd0a2fed","2022-02-07 11:44:45.980"
"ALB","219.100","1","219.310","1","-2","219.31","32a59578-deb0-441f-a5e2-5fbec7a44e8b","2022-02-07 11:44:53.167"
"ALB","219.100","1","219.410","1","-2","219.41","9185ef27-f8dc-4969-9ae0-709f78bb8810","2022-02-07 11:45:15.221"
"ALB","219.100","1","219.410","1","-2","219.41","550a73d4-2079-4c50-8078-aac5d3aff2c8","2022-02-07 11:45:15.221"
"ALB","219.120","1","219.570","1","-2","219.57","ec3de5a8-a47e-4e44-ac81-67d7ae0871a5","2022-02-07 11:45:37.344"
"ALB","219.120","1","219.570","1","-2","219.57","038812d1-f4e4-4cca-aaba-b2a1e5e7b594","2022-02-07 11:45:37.344"
"ALB","219.120","1","219.570","1","-2","219.57","c72a46d9-fbcb-45b8-ac81-8df721ba4c08","2022-02-07 11:45:37.344"
"ALB","219.120","2","219.570","1","-2","219.57","ea5df6cd-831f-4a01-b3dc-35bc743416f1","2022-02-07 11:45:37.344"
"ALB","219.370","2","219.920","1","-2","219.92","e352e998-0770-4a52-850a-324c66f0ce18","2022-02-07 11:46:43.811"
"ALB","220.210","1","220.590","2","2","220.59","66f3ff06-ac33-496c-9ce7-270424b52c27","2022-02-07 11:56:10.006"
"ALB","219.920","1","220.290","1","-2","220.29","9691566d-7cb8-400f-a412-4267c15f7c63","2022-02-07 12:02:23.278"
"ALB","220.920","1","221.100","1","2","220.01","a1e58233-98c5-40ed-88d1-8a492cca535d","2022-02-07 12:28:56.302"
"ALB","220.790","1","221.110","1","2","220.01","82c08240-b476-44de-b94a-e5f504d930ed","2022-02-07 12:28:56.302"
"ALB","220.810","1","221.060","1","2","220.01","6aa5cb0c-816c-43d3-9e53-0a4ffd620b79","2022-02-07 12:28:56.302"
"ALB","220.800","1","221.040","1","2","220.01","d92ffa2d-0f34-426f-816a-148bee2451f6","2022-02-07 12:28:56.302"
"ALB","220.810","1","221.040","2","2","220.01","8b318529-f968-4cf1-a0da-5829f5a27615","2022-02-07 12:28:56.302"
"ALB","220.810","1","221.040","1","2","220.01","5107d29d-b836-4abd-82a7-ecad7b8d62f0","2022-02-07 12:28:56.302"
"ALB","220.810","1","221.040","1","2","220.01","935ee9fd-a0d0-4897-8c83-426a9ba8823f","2022-02-07 12:28:56.302"
"ALB","220.650","1","221.030","4","2","220.01","c7b56ccc-d537-4dd7-9fc7-0a7b1888fc7a","2022-02-07 12:28:56.302"
"ALB","220.650","1","221.030","4","2","220.01","efa12093-2dd4-4b1f-88d7-39be97fecfa9","2022-02-07 12:28:56.302"
"ALB","220.000","1","220.340","1","-2","220.34","79a798d0-5968-44ef-a846-114e1e9f0cc1","2022-02-07 12:29:40.758"
"ALB","220.000","1","220.340","1","-2","220.34","141f37f1-5003-4a32-b0f1-f95ff7c587dd","2022-02-07 12:29:40.758"
"ALB","220.000","1","220.340","1","-2","220.34","9b7f0452-b36e-45aa-875c-47465d7c09ad","2022-02-07 12:29:40.758"
"ALB","220.140","2","220.750","1","2","219.68","20f2de92-d2a1-4610-b7cf-2d2ca2629da0","2022-02-07 12:30:15.904"
"ALB","220.140","2","220.690","1","2","219.68","b7e905f4-1b09-4e85-8222-89ee99b2b7f8","2022-02-07 12:30:15.904"
"ALB","220.140","2","220.760","1","2","219.26","876413f8-6b36-4b32-82a9-14adfcae16f4","2022-02-07 12:30:17.444"
"ALB","220.140","2","220.750","1","2","219.26","f378a075-82b2-46c8-a742-ee4c03bacabb","2022-02-07 12:30:17.444"
"ALB","220.140","2","220.750","1","2","219.26","75b71a79-cd43-460b-966c-5bc6dc496bcf","2022-02-07 12:30:17.444"
"ALB","220.140","2","220.740","1","2","219.26","1da648d7-5690-4c24-a1aa-ef982f6294cb","2022-02-07 12:30:17.444"
"ALB","219.380","1","219.740","1","-2","219.74","581ed202-3f02-4b49-b13f-add050854536","2022-02-07 12:30:44.639"
"ALB","219.380","1","219.740","1","-2","219.74","267915e5-8e09-4b91-b3c1-9caa89a48101","2022-02-07 12:30:44.639"
"ALB","219.380","1","219.740","1","-2","219.74","83c565a2-836f-44f0-8b2b-d334849fedd0","2022-02-07 12:30:44.639"
"ALB","219.380","1","219.740","1","-2","219.74","f3e75d0c-fb66-45d5-a702-3d86275d6845","2022-02-07 12:30:44.639"
"ALB","219.380","1","219.740","1","-2","219.74","d280a4d8-7264-4433-b523-d3f9e96322db","2022-02-07 12:30:44.639"
"ALB","219.380","1","219.740","1","-2","219.74","420c5b4b-e025-45c3-9137-1f8580746a63","2022-02-07 12:30:44.639"
"ALB","219.300","2","219.890","1","-2","219.91","82bf5609-6af8-4e62-b57a-c6cdd72c5bb8","2022-02-07 12:30:51.949"
"ALB","219.300","2","219.890","1","-2","219.91","d01a63c0-5b10-42ca-8a03-52fe00223067","2022-02-07 12:30:51.949"
"ALB","219.300","2","219.890","1","-2","219.91","b3be1b4d-9941-4dba-a70b-82a2b867e248","2022-02-07 12:30:51.949"
"ALB","219.660","2","220.510","1","-2","220.51","db793c5a-3366-4445-b057-4b80ece7b3a5","2022-02-07 12:32:01.598"
"ALB","220.430","2","220.840","1","-2","220.84","a48a28e0-b865-41d6-a61c-63551aaca549","2022-02-07 12:37:23.562"
"ALB","220.320","1","220.840","1","-2","220.84","a676d70e-7ec6-4d09-a89d-dc8578c31d48","2022-02-07 12:40:34.758"
"ALB","220.570","2","221.140","2","2","220.68","0bcefdaa-8d7e-401a-b785-61a0fd80dfa3","2022-02-07 12:44:48.228"
"ALB","220.560","2","221.070","1","-2","221.08","8c087ca4-b0d6-4583-b995-05925c8af985","2022-02-07 12:46:40.864"
"ALB","221.310","1","221.440","2","2","220.90","e1f01461-8b58-4c4a-9f34-e7200cbe0bbe","2022-02-07 13:10:32.459"
"ALB","221.190","1","221.440","2","2","220.90","b0b24468-6c34-44d9-8407-96c1cf606b34","2022-02-07 13:10:32.459"
"ALB","221.190","1","221.440","2","2","220.90","b3c51dce-8ff6-4f4c-931d-99c5b05a35ac","2022-02-07 13:10:32.459"
"ALB","221.330","3","221.660","1","2","220.90","3845766b-26cf-4ed0-b323-2694decbeb5e","2022-02-07 13:10:32.459"
"ALB","221.300","2","221.660","2","2","220.90","589ed23c-fca7-41b9-b224-605a39ad6522","2022-02-07 13:10:32.459"
"ALB","220.930","1","221.280","1","2","220.90","032352d0-3e32-4d9a-9f16-c9defb23796d","2022-02-07 13:10:32.459"
"ALB","221.210","1","221.510","1","-2","221.51","b101ea41-5a6b-4551-a17b-ac08be4f88c0","2022-02-07 13:11:14.293"
"ALB","221.210","1","221.510","1","-2","221.51","f8ca0160-da95-4cbb-83cd-54998798e785","2022-02-07 13:11:14.293"
"ALB","221.210","1","221.510","1","-2","221.51","c5a6bdf5-5a98-4e6f-b2af-1dd65fa79203","2022-02-07 13:11:14.293"
"ALB","221.260","1","221.650","1","-2","221.66","73c51cfd-3f39-4d5f-b48c-8fb3c124f2ff","2022-02-07 13:12:04.224"
"ALB","221.410","1","221.660","2","-2","221.66","2a8fa389-a541-4ba5-b562-f02e2087a62a","2022-02-07 13:13:06.401"
"ALB","221.620","1","221.870","1","-2","221.99","08677447-9496-42c8-9e49-c0b7b32cc5b8","2022-02-07 13:14:18.068"
"ALB","221.270","1","221.560","1","2","221.13","67a52d9a-d0f9-4b46-972e-3802f30e520c","2022-02-07 13:22:38.123"
"ALB","221.270","1","221.580","2","2","221.02","e6065b3f-5ac1-42ab-9678-bfe6c9305266","2022-02-07 13:24:45.171"
"ALB","221.270","1","221.580","2","2","221.02","d170b7a4-d888-4541-ac34-107899febb70","2022-02-07 13:24:45.171"
"ALB","221.270","2","221.580","2","2","221.02","84aa3d54-2244-48b3-92f1-80a4ded97dd4","2022-02-07 13:24:45.171"
"ALB","221.250","1","221.620","2","-2","221.62","86fc62e5-1089-412c-9f83-a6b051043d18","2022-02-07 13:32:58.564"
"ALB","221.330","1","221.620","2","-2","221.62","14c49715-344e-4fd1-8aec-af891d79e2cc","2022-02-07 13:33:27.862"
"ALB","221.070","2","221.440","1","-2","221.52","b991fd8d-c1e9-4ddd-9642-9fe068dabfdf","2022-02-07 13:35:31.660"
"ALB","221.570","1","221.880","1","-2","221.88","3bff5e82-3d4f-4d7f-8685-5e79ae2746da","2022-02-07 13:36:51.764"
"ALB","221.620","2","221.950","1","2","220.97","f1209850-f93b-4974-92a3-33134d5a2957","2022-02-07 13:50:59.110"
"ALB","221.630","2","221.950","1","2","220.97","6d85079c-0e61-4bac-a39a-b30785643525","2022-02-07 13:50:59.110"
"ALB","221.630","2","222.170","2","2","220.97","13b41d12-c64a-4d5a-a086-fcd06ef9d93f","2022-02-07 13:50:59.110"
"ALB","221.630","1","221.930","1","2","220.97","0f5c68e2-b5cc-49ab-9ef0-22d49c03a1ad","2022-02-07 13:50:59.110"
"ALB","221.100","2","221.530","1","-2","221.53","69ac1fa2-7d99-44e1-b053-0fa3c5ecb267","2022-02-07 13:52:08.930"
"ALB","221.100","2","221.530","1","-2","221.53","a1d60c1a-07cc-4adf-859f-283c4e9a21a1","2022-02-07 13:52:08.930"
"ALB","221.350","1","221.590","1","-2","221.59","2ecfd627-e343-41ae-93e0-5ac4c306fb67","2022-02-07 13:54:15.275"
"ALB","221.410","1","221.710","10","-2","221.71","d88dea11-1d36-4b26-be65-adfeeaa6b2d6","2022-02-07 13:55:48.051"
"ALB","221.710","1","222.050","2","2","221.52","15401a47-bc0f-4ef0-b6f5-3510cee00a1d","2022-02-07 14:06:18.479"
"ALB","221.700","4","222.100","1","2","221.52","efbca4b3-4a0b-42e5-96f6-7bc44bf9cd0c","2022-02-07 14:06:18.479"
"ALB","220.980","1","221.490","1","-2","221.52","ad26c364-ab30-4987-823c-5f120793b1a5","2022-02-07 14:08:52.783"
"ALB","221.640","1","222.100","2","2","221.02","a40d3b60-0753-414b-83b8-c1086bae57f1","2022-02-07 14:10:44.930"
"ALB","221.780","1","222.100","2","2","221.02","99d1375b-86d2-4604-90c9-15b8c9c58105","2022-02-07 14:10:44.930"
"ALB","221.160","1","221.430","1","-2","221.43","6cc457b1-9b3b-4972-9e6d-a3f4ff29e69c","2022-02-07 14:16:32.211"
"ALB","221.160","1","221.430","1","-2","221.43","6529e9b6-a63c-4a06-afcc-8670423071fc","2022-02-07 14:16:32.211"
"ALB","221.010","2","221.510","1","-2","221.51","598db1e9-705f-46af-ac9b-fb05585e16f7","2022-02-07 14:16:46.645"
"ALB","221.320","2","221.730","1","2","221.73","e8ab9076-3a84-4bb2-8817-15aaef45b238","2022-02-07 14:17:10.006"
"ALB","221.340","2","221.730","4","-2","221.73","98020a50-f50c-4388-ac78-8d1bb400567e","2022-02-07 14:21:07.956"
"ALB","222.040","1","222.400","2","2","221.95","1d03fe26-02ea-43fe-8fe5-9d3cba46634f","2022-02-07 15:00:40.651"
"ALB","222.080","1","222.400","2","2","221.95","a14ace87-4459-4c28-a00c-42314d8a11bc","2022-02-07 15:00:40.651"
"ALB","222.020","2","222.500","2","-2","222.51","54bd9472-c57d-4d0e-a264-ed534669021c","2022-02-07 15:02:22.774"
"ALB","222.020","1","222.280","1","-2","222.28","96159cde-6d0e-4a38-9fe6-685f9cbfabcd","2022-02-07 15:03:01.051"
"ALB","222.280","1","222.640","1","2","222.36","5ac06f61-01f7-43e0-964f-c952bd6785a1","2022-02-07 15:08:09.082"
"ALB","222.330","1","222.700","2","2","222.36","55beab8a-917c-470e-8c93-f3b262d3f969","2022-02-07 15:08:09.082"
"ALB","222.340","1","222.700","2","2","222.36","ea19ddd2-b004-4dac-93cd-8f486e1de9fa","2022-02-07 15:08:09.082"
"ALB","222.510","3","222.750","1","2","222.14","9dcbfea3-df2d-4715-9b15-097be52a302a","2022-02-07 15:08:09.993"
"ALB","222.510","2","222.740","1","2","222.14","592403f6-89a2-4a04-bc1e-e797f94e3673","2022-02-07 15:08:09.993"
"ALB","222.510","2","222.740","1","2","222.14","a90e5d6e-2ec8-4a8c-b788-db7ebfd3c950","2022-02-07 15:08:09.993"
"ALB","221.850","5","222.250","1","-2","222.25","14a67cbb-606e-4d46-b818-c93ccfabcc4d","2022-02-07 15:08:21.021"
"ALB","221.850","5","222.250","1","-2","222.25","39482916-214e-4de9-9a12-a6111c02985b","2022-02-07 15:08:21.021"
"ALB","221.850","5","222.250","1","-2","222.25","dc8a3f28-852d-41a4-9579-f846fe9d35da","2022-02-07 15:08:21.021"
"ALB","222.150","1","222.350","1","-2","222.35","2326bf12-daf0-4339-8731-c7441bbcda0d","2022-02-07 15:08:34.288"
"ALB","222.150","1","222.350","1","-2","222.35","5789bac0-d67d-466c-9d54-89ad4c1ae314","2022-02-07 15:08:34.288"
"ALB","222.260","1","222.550","1","-2","222.55","79c0ef38-31a7-4e2d-a3da-7722d33e9052","2022-02-07 15:08:46.771"
"ALB","222.460","2","222.740","1","2","222.20","8cf74065-c630-43c5-818b-a99f92449d99","2022-02-07 15:24:35.231"
"ALB","222.310","1","222.550","1","2","222.03","627d0423-30ba-4304-baf6-7dcecc3450e1","2022-02-07 15:24:50.703"
"ALB","222.220","1","222.490","1","-2","222.49","f383213a-7f82-42c8-abc8-6b5f59bdc492","2022-02-07 15:25:13.465"
"ALB","222.620","1","222.930","1","2","222.00","35ca9af0-0299-487a-81d6-86e49b1c9abc","2022-02-07 15:26:26.498"
"ALB","222.730","2","222.930","1","2","222.00","aed47e47-26eb-4b07-b714-fdcb5709078a","2022-02-07 15:26:26.498"
"ALB","222.640","1","222.930","2","2","222.00","7b3ff883-1571-4b04-8f24-c67624501a7f","2022-02-07 15:26:26.498"
"ALB","222.530","2","222.710","1","2","222.00","8cf3ccc6-6d35-41a3-8e3a-7ef723fb40e6","2022-02-07 15:26:26.498"
"ALB","222.710","1","223.010","3","2","221.83","fe3a55b1-8ba1-41c1-b10d-56c08ca509df","2022-02-07 15:27:07.067"
"ALB","222.740","1","222.990","1","2","221.83","a01e3d50-d8c3-4608-b612-6e8a15399714","2022-02-07 15:27:07.067"
"ALB","222.720","1","223.030","2","2","221.83","854d7321-5773-4300-bb01-31c72c08a326","2022-02-07 15:27:07.067"
"ALB","222.760","2","223.070","2","2","221.83","d9f413dd-b787-4ba3-ab8f-295e4c1d9338","2022-02-07 15:27:07.067"
"ALB","222.790","1","223.070","2","2","221.83","3a170cf6-adcd-44b7-a313-75f91b3447a2","2022-02-07 15:27:07.067"
"ALB","222.700","1","223.000","1","2","221.83","645f1a9f-d800-4320-9203-551a26d64e74","2022-02-07 15:27:07.067"
"ALB","222.570","1","222.930","1","2","221.83","c97e2bd0-195b-4d1a-be75-d0502c24cabc","2022-02-07 15:27:07.067"
"ALB","222.650","1","222.930","1","2","221.83","07a57524-4eed-40ac-94bb-efa77dfba02f","2022-02-07 15:27:07.067"
"ALB","222.620","2","222.920","1","2","221.83","97ca80e2-0cf0-4963-8aaf-263cc77d01cc","2022-02-07 15:27:07.067"
"ALB","221.200","1","221.510","2","-2","221.51","65e2f128-2e4b-4cc8-9145-02993b7749f3","2022-02-07 15:29:20.033"
"ALB","221.200","1","221.510","2","-2","221.51","2fc0f276-06d3-41c3-8cf4-ac75aa5483cf","2022-02-07 15:29:35.229"
"ALB","221.200","2","221.560","1","-2","221.56","6ff6fae7-6bbd-4115-b347-23b579185cd9","2022-02-07 15:29:35.230"
"ALB","221.200","2","221.560","1","-2","221.56","a7e23742-5da3-4555-b02c-413facb26eef","2022-02-07 15:29:35.230"
"ALB","221.200","2","221.560","1","-2","221.56","023505b0-0725-494c-901b-3cfb769df7bc","2022-02-07 15:29:35.230"
"ALB","221.200","2","221.560","1","-2","221.56","1a69d494-d621-4095-bb17-9854b34687e8","2022-02-07 15:29:35.230"
"ALB","221.200","2","221.560","1","-2","221.56","77de090c-802e-42a1-a504-1caad4792ade","2022-02-07 15:29:35.230"
"ALB","221.200","2","221.560","1","-2","221.56","a17510d2-bf82-4159-873c-4a984d15d228","2022-02-07 15:29:35.230"
"ALB","221.200","2","221.560","1","-2","221.56","a85b3de3-49c7-49a3-b3f9-3801b8a1d897","2022-02-07 15:29:35.230"
"ALB","221.200","2","221.560","1","-2","221.56","2c8e366e-032d-4751-bd24-b93309fe1f43","2022-02-07 15:29:35.230"
"ALB","221.200","2","221.560","1","-2","221.56","3da6dc65-25be-4f92-b329-2a58a3121025","2022-02-07 15:29:35.230"
"ALB","221.200","2","221.560","1","-2","221.56","70c511a4-2fbe-4dda-937d-ee9f2d55cf94","2022-02-07 15:29:35.230"
"ALB","221.300","2","221.560","1","-2","221.56","cd59ed87-b43f-4d43-9e69-503162ec7630","2022-02-07 15:29:35.230"
"ALB","221.300","2","221.560","1","-2","221.56","3f3fde1d-473a-4022-9613-67d179780d1a","2022-02-07 15:29:35.230"
"ALC","76.930","1","77.000","7","5","76.90","383364e5-3c50-4137-ad32-4d8c4866fcfd","2022-02-07 10:13:31.089"
"ALC","76.930","1","77.000","7","5","76.90","900359e2-a3a8-4c1e-9ae8-398ff00b9c5e","2022-02-07 10:13:31.089"
"ALC","76.930","1","77.000","7","5","76.90","88088228-633b-4eb6-8bab-17ada3cc5942","2022-02-07 10:13:31.089"
"ALC","76.880","1","76.940","7","-5","76.94","337ea607-9e8c-4379-8218-001cc47dd085","2022-02-07 10:14:52.968"
"ALC","76.880","1","76.940","7","-5","76.94","b9e73f5f-6c20-4e5a-92cc-54370b33cec6","2022-02-07 10:14:52.968"
"ALC","76.860","1","76.900","6","-5","76.90","ce9c8e52-ef8a-42dd-9e93-f0f4dce604d0","2022-02-07 10:19:30.216"
"ALC","76.920","11","77.000","7","5","76.92","b855a70d-ad4c-4423-8c4b-6484a765522a","2022-02-07 10:25:23.745"
"ALC","76.940","8","77.000","7","5","76.92","46b4ece8-b8e6-4d4c-a82d-85d708ae19ab","2022-02-07 10:25:23.745"
"ALC","76.940","1","76.980","7","5","76.92","7af2f5ab-8f80-44ef-85f5-4a92919ce54d","2022-02-07 10:25:23.745"
"ALC","76.960","2","77.000","7","-5","77.00","693a7ecf-5bca-43ed-8ecf-f9c81515792b","2022-02-07 10:27:13.492"
"ALC","76.960","3","77.020","7","-5","77.02","cfd1c576-1272-44f0-8dc7-8636a4c986e1","2022-02-07 10:27:20.112"
"ALC","76.960","3","77.020","8","-5","77.02","f8bd925a-a498-4fce-b4a2-2805b6ef1aeb","2022-02-07 10:27:33.102"
"ALC","76.970","2","77.000","7","5","76.93","b52e8834-ecc4-4488-910c-f1f1b1d24f3a","2022-02-07 10:30:38.792"
"ALC","76.980","1","77.020","7","5","76.93","f131db7b-3c13-4e9d-b359-bab3c30c1633","2022-02-07 10:30:38.792"
"ALC","76.850","1","76.920","10","-5","76.92","fe623805-812d-444f-8838-1bcd9fd7fc8c","2022-02-07 10:36:33.831"
"ALC","76.860","7","76.930","3","-5","76.93","c3cea6ff-c38d-47ba-8028-80234a639c9d","2022-02-07 10:36:33.844"
"ALC","76.860","1","76.910","2","5","76.86","28d70327-691b-4b6c-b945-8d05441497d9","2022-02-07 10:40:22.726"
"ALC","76.800","2","76.850","3","-5","76.85","b5bc9be1-108b-4dcf-a0c7-9a33c07fe8bd","2022-02-07 10:42:10.314"
"ALC","77.000","7","77.060","7","5","76.82","a25560a0-5002-48fb-b4a3-82a0d97f058c","2022-02-07 10:44:25.777"
"ALC","77.000","7","77.060","7","5","76.82","469865e1-9d08-4423-beab-e3a46bc89cb7","2022-02-07 10:44:25.777"
"ALC","76.960","1","77.020","9","5","76.82","01776fc1-5fc0-461b-9b64-04f25e656ef2","2022-02-07 10:44:25.777"
"ALC","76.800","1","76.850","3","-5","76.85","edcd16cb-c835-4a37-b378-bd232dfec96f","2022-02-07 10:46:13.589"
"ALC","76.830","3","76.900","7","-5","76.90","8a15d833-cea4-49b1-b768-e698f023792f","2022-02-07 10:46:57.397"
"ALC","76.830","3","76.900","7","-5","76.90","6f448a86-fead-4cb8-8e8a-6774cf71ccc7","2022-02-07 10:46:57.397"
"ALC","76.990","2","77.040","7","5","76.77","25bed1d7-230b-4ca9-a475-a984b858f7c8","2022-02-07 10:49:15.197"
"ALC","76.990","2","77.040","7","5","76.77","13e58abb-350e-4af9-8b79-d0d223ed421c","2022-02-07 10:49:15.197"
"ALC","77.000","7","77.060","7","5","76.77","7f866966-2ab3-4592-bf06-b408ec9207cb","2022-02-07 10:49:15.197"
"ALC","77.000","7","77.060","7","5","76.77","9c9454cb-7f10-487f-83b2-3c9c0539a66b","2022-02-07 10:49:15.197"
"ALC","76.730","1","76.800","7","-5","76.80","0451ca20-4d7c-4d48-96be-de2a78c195f4","2022-02-07 10:50:21.233"
"ALC","76.730","1","76.800","7","-5","76.80","365814ff-cefa-447b-a26f-e565972d2e24","2022-02-07 10:50:21.233"
"ALC","76.730","1","76.800","7","-5","76.80","af58d1c2-db5b-40e7-81ff-e75130cb0d15","2022-02-07 10:50:21.233"
"ALC","77.000","1","77.080","9","5","76.75","6eca3f55-4a7f-42b0-8ba9-a7fa106f2139","2022-02-07 10:50:36.874"
"ALC","77.000","1","77.080","9","5","76.75","a86d864b-c39f-4fc5-95bb-ce1d3693216a","2022-02-07 10:50:36.874"
"ALC","77.010","3","77.080","9","5","76.75","18733d84-6939-4f3b-b9af-2b5efb9655e6","2022-02-07 10:50:36.874"
"ALC","76.940","7","77.020","7","5","76.75","4cb454b4-6823-42b3-8784-d8cbac51a07f","2022-02-07 10:50:36.874"
"ALC","76.960","7","77.020","7","5","76.75","a1423411-83da-4612-bda4-90b73bdd5557","2022-02-07 10:50:36.874"
"ALC","76.960","7","77.020","7","5","76.75","6a59bfb9-d7ef-4eb7-988f-ce24311a106e","2022-02-07 10:50:36.874"
"ALC","76.740","10","76.830","1","-5","76.85","7185af35-fb46-46ab-9c65-1093053c5259","2022-02-07 10:51:52.587"
"ALC","76.740","10","76.830","1","-5","76.85","05abc440-a4d6-4413-9485-c0bcc7e8f1f9","2022-02-07 10:51:52.587"
"ALC","76.740","10","76.830","1","-5","76.85","8f640b5c-6f7e-4c9b-8639-8082dc986486","2022-02-07 10:51:52.587"
"ALC","76.740","10","76.830","1","-5","76.85","202132bd-365d-4ed1-909b-b913ce9dc177","2022-02-07 10:51:52.587"
"ALC","76.740","10","76.830","1","-5","76.85","7fb8ec27-f8cb-46c4-bfc2-5896547ab7e5","2022-02-07 10:51:52.587"
"ALC","76.740","10","76.830","1","-5","76.85","b84618d8-9321-44d5-bddf-794081d7cca0","2022-02-07 10:51:52.587"
"ALC","76.740","10","76.830","1","-5","76.85","4b13e3c8-5e94-4855-be22-08360505e739","2022-02-07 10:51:52.587"
"ALC","76.820","8","76.900","7","5","76.90","fa783ed7-30d6-4cf2-8dca-6da9fb6d098e","2022-02-07 10:54:30.006"
"ALC","76.820","9","76.900","7","-5","76.90","e4dbf057-5580-4e44-973f-03b1d3268f74","2022-02-07 10:55:33.748"
"ALC","76.980","1","77.050","7","5","76.89","37a0dc4d-3f6d-4999-a341-52ddf8c8f208","2022-02-07 11:24:59.162"
"ALC","76.980","1","77.050","7","5","76.89","256fc328-d7fd-48b3-8705-ae69c1aca5b8","2022-02-07 11:24:59.162"
"ALC","76.980","1","77.050","7","5","76.89","896e350a-722d-4237-90aa-dbd81c16a4d6","2022-02-07 11:24:59.162"
"ALC","76.970","2","77.050","1","5","76.89","d0286759-7e3f-46a3-a4ca-11ea412bc9b0","2022-02-07 11:24:59.162"
"ALC","76.890","3","76.970","1","-5","77.00","852babc4-993b-49d9-81f5-d7b7c3cca002","2022-02-07 11:25:41.565"
"ALC","76.890","3","76.970","1","-5","77.00","18be73a3-6ffc-434b-98e3-0b11f76a599a","2022-02-07 11:25:41.565"
"ALC","76.890","3","76.970","1","-5","77.00","aaa13fe6-8ea1-4ac4-bf0e-61e965249265","2022-02-07 11:25:41.565"
"ALC","76.890","3","76.980","5","-5","77.00","fcbd752d-434e-4a37-8463-c868a25af509","2022-02-07 11:25:41.565"
"ALC","76.940","2","77.020","3","5","76.95","fabb4693-f935-443d-b5b7-d39cba744933","2022-02-07 11:29:49.463"
"ALC","76.950","1","77.030","1","5","76.95","a36809dc-f6b6-4e03-9cdd-331f5e88dc03","2022-02-07 11:29:49.463"
"ALC","76.970","5","77.030","2","5","76.95","12662f05-1511-4bb2-9c55-cd2795ab99b7","2022-02-07 11:29:49.463"
"ALC","76.980","6","77.050","1","5","76.95","557a086d-23fc-4928-8074-a7ab703c2622","2022-02-07 11:29:49.463"
"ALC","76.930","2","76.960","1","-5","76.96","e8c131f3-5859-48ec-ba0a-ec0cc596044f","2022-02-07 11:33:46.462"
"ALC","76.930","2","76.960","1","-5","76.96","80d996ba-6b96-4c18-bd38-e91e84198069","2022-02-07 11:33:46.462"
"ALC","76.930","3","76.950","1","-5","76.95","66a7d042-e364-4403-bb0c-02041896ba7b","2022-02-07 11:34:00.362"
"ALC","76.930","3","76.960","1","-5","76.96","7d9dd390-a7e7-400a-adad-f446c83eba5a","2022-02-07 11:34:00.386"
"ALC","76.990","1","77.040","7","5","76.81","d082ff4b-0903-4117-ac47-ce184de28165","2022-02-07 11:40:40.960"
"ALC","77.000","1","77.050","1","5","76.81","1ee1218c-a86e-4785-aa40-1f8be5dea7e2","2022-02-07 11:40:40.960"
"ALC","76.980","2","77.030","1","5","76.81","c7a5222f-8a8a-41fd-bcbe-963605941c99","2022-02-07 11:40:40.960"
"ALC","76.980","2","77.030","1","5","76.81","b6f3c050-2ae2-4b04-82a1-db92a2ca2574","2022-02-07 11:40:40.960"
"ALC","76.980","2","77.030","1","5","76.81","6df95ad8-32cf-4c12-b64a-9b54911650e9","2022-02-07 11:40:40.960"
"ALC","76.980","7","77.060","7","5","76.81","8ebb66ba-4f90-4222-84ef-5a1702a076c2","2022-02-07 11:40:40.960"
"ALC","76.980","7","77.060","7","5","76.81","cbdebf21-b515-4419-aa62-8f824c653746","2022-02-07 11:40:40.960"
"ALC","76.980","7","77.060","7","5","76.81","7f083c0b-28a2-49df-b431-d12f88765223","2022-02-07 11:40:40.960"
"ALC","76.980","7","77.060","7","5","76.81","d132a0d5-984e-4297-80d8-c088b4a8ef19","2022-02-07 11:40:40.960"
"ALC","76.980","7","77.060","7","5","76.81","0cf8df34-bb3b-4238-8e71-b89393d092fd","2022-02-07 11:40:40.960"
"ALC","76.920","9","76.980","6","5","76.59","efcafafa-6ab9-4f88-a32e-62491f5081b6","2022-02-07 11:46:48.667"
"ALC","76.510","2","76.670","1","-5","76.67","3fe6454f-853e-4d34-939f-2a3c69213663","2022-02-07 11:47:00.043"
"ALC","76.510","2","76.670","1","-5","76.67","94039e52-db38-4b7d-bc5c-ccc62abe3684","2022-02-07 11:47:00.043"
"ALC","76.510","2","76.670","1","-5","76.67","18f925cc-81f7-4555-a977-3ca6568e9e92","2022-02-07 11:47:00.043"
"ALC","76.510","2","76.670","1","-5","76.67","8eed2bff-afcb-4e11-90f4-ae315e46eadd","2022-02-07 11:47:00.043"
"ALC","76.510","2","76.670","1","-5","76.67","a04833aa-bbb5-474b-a223-afc9ee84914b","2022-02-07 11:47:00.043"
"ALC","76.510","2","76.670","1","-5","76.67","f9564f22-ae67-453c-b662-d7fc313fe5f4","2022-02-07 11:47:00.043"
"ALC","76.510","2","76.670","1","-5","76.67","61f26722-a72a-4d23-9071-f73b4e2d5e5b","2022-02-07 11:47:00.043"
"ALC","76.510","2","76.670","1","-5","76.67","b217a07a-a763-4b57-a589-1206e4716543","2022-02-07 11:47:00.043"
"ALC","76.590","2","76.670","1","-5","76.67","a9ddf2d3-24e5-4529-b4d6-411365def6b0","2022-02-07 11:47:45.294"
"ALC","76.590","2","76.670","1","-5","76.67","2aa50361-bcbc-49ad-9170-0f820adf1087","2022-02-07 11:47:45.294"
"ALC","76.590","2","76.670","1","-5","76.67","b2105470-fcdc-4f1d-9272-7d670c9ea382","2022-02-07 11:47:45.294"
"ALC","76.700","3","76.750","1","5","76.75","de24e71a-9209-4a15-9dc3-f431802a5da2","2022-02-07 11:51:20.006"
"ALC","76.800","2","76.860","7","5","76.54","ed4eb36e-5e94-4ea8-9d3b-9ec73a4b3ac7","2022-02-07 12:16:12.429"
"ALC","76.860","1","76.880","1","5","76.54","f7308d92-3a90-4816-bd98-8f10f98abfc3","2022-02-07 12:16:12.429"
"ALC","76.860","1","76.880","1","5","76.54","9c041c71-60a0-4a0c-8a46-2362ff5f33c1","2022-02-07 12:16:12.429"
"ALC","76.870","2","76.900","7","5","76.54","d42e8115-4c03-42eb-95bf-e55473a810fe","2022-02-07 12:16:12.429"
"ALC","76.890","2","76.920","7","5","76.54","93589fdc-f601-4472-a510-6f6470f1a4a8","2022-02-07 12:16:12.429"
"ALC","76.890","3","76.920","7","5","76.54","d1d387af-fcb3-4f91-b268-48d9eda386af","2022-02-07 12:16:12.429"
"ALC","76.890","3","76.920","7","5","76.54","0796dfb0-d6f1-4fc3-a636-9de0c3763886","2022-02-07 12:16:12.429"
"ALC","76.890","3","76.900","5","5","76.54","b10da409-0103-4ce3-9492-2f3401478a5e","2022-02-07 12:16:12.429"
"ALC","76.930","2","76.960","6","5","76.54","3a689107-390a-4933-8722-efdcbfb65d7e","2022-02-07 12:16:12.429"
"ALC","76.930","4","77.000","3","5","76.54","0de5bfc4-c373-4411-b2de-6555a716e87f","2022-02-07 12:16:12.429"
"ALC","76.540","1","76.610","4","-5","76.61","4775bfc6-9581-403b-98f9-19cde29b01c5","2022-02-07 12:17:07.691"
"ALC","76.540","1","76.610","4","-5","76.61","3ccce467-6e45-4880-911f-b957fd1cbf3e","2022-02-07 12:17:07.691"
"ALC","76.540","1","76.610","4","-5","76.61","82069978-1381-4edd-9b56-741e2f55d5ef","2022-02-07 12:17:07.691"
"ALC","76.540","1","76.610","4","-5","76.61","24e9c869-9bf3-4f87-829e-463bdd73e932","2022-02-07 12:17:07.691"
"ALC","76.540","1","76.610","4","-5","76.61","7fdda5c9-fec3-4612-a0d6-02fc2eecf8ea","2022-02-07 12:17:07.691"
"ALC","76.540","1","76.610","4","-5","76.61","b081cdb7-8aa4-44ab-b93f-f202e464577e","2022-02-07 12:17:07.691"
"ALC","76.540","1","76.610","4","-5","76.61","62378086-7eb6-4b64-9704-63338f29053d","2022-02-07 12:17:07.691"
"ALC","76.540","1","76.610","4","-5","76.61","60d4f9a9-3bc6-4436-ba2b-6b8f801af282","2022-02-07 12:17:07.691"
"ALC","76.540","1","76.610","4","-5","76.61","c2e51fdc-d923-4131-b71b-e5c803ca0401","2022-02-07 12:17:07.691"
"ALC","76.560","1","76.600","1","-5","76.65","bb27cad4-c848-4c49-8594-4149a3bc1706","2022-02-07 12:20:36.422"
"ALC","76.560","1","76.600","1","-5","76.65","59d34396-a472-49e4-971e-30314cd66567","2022-02-07 12:20:36.422"
"ALC","76.680","2","76.730","1","5","76.66","e6052764-9759-4735-85fc-b9cf3e67aa5c","2022-02-07 12:25:08.931"
"ALC","76.680","2","76.730","1","5","76.66","4ad4ea39-8ca5-4739-85ad-7bde89f75dbc","2022-02-07 12:25:08.931"
"ALC","76.660","2","76.730","1","5","76.66","966d97be-da29-4bc9-96ac-a510a25df1de","2022-02-07 12:25:08.931"
"ALC","76.490","3","76.540","5","-5","76.54","d0d6411e-d69c-48ce-8672-2f28d26e3134","2022-02-07 12:30:30.252"
"ALC","76.490","3","76.540","5","-5","76.54","9b781277-4ada-4289-ab87-e6d7a4378a83","2022-02-07 12:30:30.252"
"ALC","76.490","2","76.570","3","-5","76.57","c54057c7-c979-49bf-9cef-3edd8474c7ff","2022-02-07 12:31:02.446"
"ALC","76.590","1","76.670","1","5","76.58","29eb61c3-3011-4693-bf7e-7cfa9b637820","2022-02-07 12:38:20.365"
"ALC","76.590","1","76.670","1","5","76.58","fb3be83e-b0c6-4f82-82eb-1e08137021b6","2022-02-07 12:38:20.365"
"ALC","76.590","1","76.680","2","5","76.56","d039ea1f-6111-406a-a0c2-b1b20a24e1da","2022-02-07 12:38:32.002"
"ALC","76.590","2","76.680","2","5","76.56","8ac0f325-3533-4b1d-bed5-00befe3db125","2022-02-07 12:38:32.002"
"ALC","76.590","2","76.680","2","5","76.56","8a0d225e-6e5f-47c5-8658-81ed76b13f3c","2022-02-07 12:38:32.002"
"ALC","76.590","2","76.680","2","5","76.56","67d422dc-b341-4bb3-9f5b-51c9a806b7e7","2022-02-07 12:38:32.002"
"ALC","76.590","2","76.680","2","5","76.56","07a055dd-109e-413d-8972-f99ef8f249a4","2022-02-07 12:38:32.002"
"ALC","76.590","2","76.680","2","5","76.56","100a4a6d-b43c-418f-98ae-1583f04dd739","2022-02-07 12:38:32.002"
"ALC","76.590","1","76.680","2","5","76.56","6050cdf2-b964-443a-b480-7baa89574cb5","2022-02-07 12:38:32.002"
"ALC","76.590","1","76.680","2","5","76.56","155fc98a-1c9e-4359-9067-9c259b2e63df","2022-02-07 12:38:32.002"
"ALC","76.590","1","76.680","2","5","76.56","1a01a730-2339-4b2b-b2c4-f3095879b619","2022-02-07 12:38:32.002"
"ALC","76.590","1","76.680","2","5","76.56","523bf43f-0ed9-49d0-bff6-7b0f5f0e92e3","2022-02-07 12:38:32.002"
"ALC","76.590","1","76.670","1","5","76.56","a8ede2aa-89b0-4e2d-8b7e-3813d0b17d94","2022-02-07 12:38:32.002"
"ALC","76.590","1","76.670","1","5","76.56","c65d16ed-9f0e-4f5f-aa2e-5a1910c5b05a","2022-02-07 12:38:32.002"
"ALC","76.490","1","76.560","4","-5","76.56","7850cb3d-baed-4770-919d-96cf30a8de08","2022-02-07 12:40:03.530"
"ALC","76.490","1","76.560","4","-5","76.56","3d1d6cf4-42ef-4307-8201-ebbc7a47436c","2022-02-07 12:40:03.530"
"ALC","76.490","1","76.560","4","-5","76.56","7ee85602-7587-4749-8166-7ce6dc6469c3","2022-02-07 12:40:03.530"
"ALC","76.490","1","76.560","4","-5","76.56","ce87f82a-9df5-4807-abbe-830c26692cbe","2022-02-07 12:40:03.530"
"ALC","76.490","1","76.560","4","-5","76.56","7b9bfda8-9b6f-4318-a90c-cbbaa1cc795a","2022-02-07 12:40:03.530"
"ALC","76.490","1","76.560","4","-5","76.56","f757b130-8b2a-47a8-b325-d12e497f2d38","2022-02-07 12:40:03.530"
"ALC","76.530","2","76.620","1","-5","76.62","60009673-e2ca-4f69-a138-4710e1f35125","2022-02-07 12:46:09.094"
"ALC","76.530","2","76.620","1","-5","76.62","52b92883-8cf3-4213-ba9a-0b02cda9cd28","2022-02-07 12:46:09.094"
"ALC","76.530","2","76.620","1","-5","76.62","9ccc267d-2d5a-4b19-ab3e-7e351ad5340e","2022-02-07 12:46:09.094"
"ALC","76.530","2","76.620","1","-5","76.62","213ccebc-0c04-4e36-b25c-66f8752ec8f3","2022-02-07 12:46:09.094"
"ALC","76.530","2","76.620","1","-5","76.62","f6602333-56a8-4021-8d30-c4c7d317e535","2022-02-07 12:46:09.094"
"ALC","76.530","2","76.620","1","-5","76.62","b934e457-61b6-4f61-b68c-3153b7aca62a","2022-02-07 12:46:09.094"
"ALC","76.550","2","76.620","1","-5","76.62","b9e16205-10cd-4499-b927-f1cda9736410","2022-02-07 12:46:14.476"
"ALC","76.570","3","76.620","1","-5","76.62","05cd6985-6540-4103-941a-aee3b3e59c89","2022-02-07 12:46:40.362"
"ALC","77.150","2","77.210","12","5","77.09","f1cd54a1-9ea4-44e2-bdda-7b68b6be03ec","2022-02-07 13:45:45.880"
"ALC","77.150","2","77.210","12","5","77.09","ff8dcdc5-7512-45fe-a630-68e57af8b7b7","2022-02-07 13:45:45.880"
"ALC","77.000","2","77.060","3","-5","77.06","0dd15a9b-21a9-4b3b-9c63-80ddfafa8ae6","2022-02-07 13:54:06.511"
"ALC","77.000","2","77.060","3","-5","77.06","320868d8-533a-4d70-a953-b42e4e539b0b","2022-02-07 13:54:06.511"
"ALC","77.050","5","77.150","3","5","77.06","d2e950c4-55de-4291-ab59-a4da29787c92","2022-02-07 13:56:32.010"
"ALC","77.050","5","77.150","3","5","77.06","383ae3ee-4479-4433-b54b-5a5251b63445","2022-02-07 13:56:32.010"
"ALC","77.170","12","77.240","3","-5","77.24","16126432-88ab-447b-bf3e-2dde0cf50b31","2022-02-07 13:59:55.020"
"ALC","77.150","2","77.220","1","-5","77.22","ca904348-f184-49e7-b132-c5c64de96d45","2022-02-07 14:02:21.518"
"ALC","77.380","1","77.470","1","5","77.30","4c192e0c-705b-4768-bd32-576b48b2f556","2022-02-07 14:50:07.361"
"ALC","77.380","2","77.470","1","5","77.30","69ebb270-8d78-48d7-82ef-4de82a99b74a","2022-02-07 14:50:07.361"
"ALC","77.380","1","77.470","1","5","77.30","b5f17ffc-2583-4ce6-92a7-04b3e67a109b","2022-02-07 14:50:07.361"
"ALC","77.310","3","77.380","3","5","77.30","f74a434c-54a7-4a34-b150-6b4590c3f9d2","2022-02-07 14:50:07.361"
"ALC","77.390","1","77.480","2","5","77.26","a5d0fa95-f4fe-4c8d-99c3-878480c7c6c0","2022-02-07 14:50:21.161"
"ALC","77.380","1","77.470","3","5","77.26","3556f1e5-55ed-49b4-a27c-0b352864eabc","2022-02-07 14:50:21.161"
"ALC","77.380","1","77.470","3","5","77.26","0b820904-dcdb-4985-8b51-6620aa349282","2022-02-07 14:50:21.161"
"ALC","77.380","1","77.470","1","5","77.26","26b512d4-2dcd-4046-89f9-71060a2d3db8","2022-02-07 14:50:21.161"
"ALC","77.320","1","77.380","1","5","77.22","f74a3e53-d72c-4f1d-9e09-ec078a61749f","2022-02-07 14:53:32.541"
"ALC","77.270","1","77.320","3","-5","77.35","d9a3725b-6473-4861-ae0e-00cf8634e5ca","2022-02-07 14:54:03.963"
"ALC","77.270","1","77.320","3","-5","77.35","0bd78461-aca1-4e5d-9b4b-33200b7965a1","2022-02-07 14:54:03.963"
"ALC","77.270","1","77.320","3","-5","77.35","2d702ef4-a23e-4c42-a1b6-5d80a07eeba4","2022-02-07 14:54:03.963"
"ALC","77.270","1","77.320","3","-5","77.35","b6eba691-152c-4e25-924c-14c86b86eebd","2022-02-07 14:54:03.963"
"ALC","77.260","1","77.320","3","-5","77.35","0156892f-f85b-44b6-832c-5746459787e2","2022-02-07 14:54:03.963"
"ALC","77.260","1","77.320","3","-5","77.35","9678edcc-3c1a-4a8a-91b4-44d53beaf8c2","2022-02-07 14:54:03.963"
"ALC","77.260","2","77.320","2","-5","77.35","5e4d525c-d416-4870-bf9a-4bcb8cc024c1","2022-02-07 14:54:03.963"
"ALC","77.260","2","77.320","2","-5","77.35","4bfb61ab-7764-4cbf-9aa8-777a2b3959e2","2022-02-07 14:54:03.963"
"ALC","77.280","1","77.360","3","-5","77.36","e9790535-c7f5-4829-9b8e-d53875bc7b2a","2022-02-07 15:02:03.599"
"ALC","77.340","1","77.400","3","5","77.27","3c752275-dcaa-40f3-a9f6-3ba73516d436","2022-02-07 15:20:26.289"
"ALC","77.340","1","77.400","3","5","77.27","8d56d3f8-bbef-45ba-ad36-f7d12e96140e","2022-02-07 15:20:26.289"
"ALC","77.330","2","77.400","3","5","77.27","fc6d3f2d-9d63-4340-8506-a8e82f3b6c0d","2022-02-07 15:20:26.289"
"ALC","77.330","2","77.400","3","5","77.27","e15d1cd8-5349-4405-bfad-185c080c285a","2022-02-07 15:20:26.289"
"ALC","77.330","2","77.400","3","5","77.27","f00a4002-6fcd-4fe7-8985-a4b499e30f72","2022-02-07 15:20:26.289"
"ALC","77.310","2","77.390","2","5","77.27","402f966d-b8c7-47bf-913c-895be076b5dd","2022-02-07 15:20:26.289"
"ALC","77.320","5","77.380","1","5","77.27","17530ed6-ee92-438a-a172-10a686daf479","2022-02-07 15:20:26.289"
"ALC","77.330","2","77.380","1","5","77.27","0b5b7e8c-1776-44c9-a28e-bc73fe74259e","2022-02-07 15:20:26.289"
"ALC","77.330","2","77.380","1","5","77.27","0d146eae-2d7d-47ad-9eab-8558eb18d193","2022-02-07 15:20:26.289"
"ALC","77.330","2","77.380","1","5","77.27","910eb0d4-3418-4d93-97e2-b4d2fd7a213f","2022-02-07 15:20:26.289"
"ALC","77.290","2","77.330","1","-5","77.33","a5c3a426-231a-4fd5-aa6c-ba66bb2c941c","2022-02-07 15:21:47.174"
"ALC","77.290","2","77.330","1","-5","77.33","26247e05-81ac-4997-a338-db9111ec6687","2022-02-07 15:21:47.174"
"ALC","77.290","2","77.330","1","-5","77.33","a270a9ad-22fc-4b84-8003-231bb0b6a1fc","2022-02-07 15:21:47.174"
"ALC","77.300","1","77.330","1","-5","77.33","63628906-bba6-4023-b15b-00adab1a7662","2022-02-07 15:21:50.808"
"ALC","77.300","1","77.330","1","-5","77.33","75e9340d-cad0-4a7b-827e-51677c14db47","2022-02-07 15:21:50.808"
"ALC","77.300","1","77.330","1","-5","77.33","106ad2f1-ad49-4bbe-8671-cc275a7e60b0","2022-02-07 15:21:50.808"
"ALC","77.300","1","77.330","1","-5","77.33","314fab5c-2910-4380-b027-b45ccac5213c","2022-02-07 15:21:50.808"
"ALC","77.160","2","77.250","2","-5","77.25","4684ffaf-b8ec-48ca-bbca-441d3261adf4","2022-02-07 15:25:21.103"
"ALC","77.150","1","77.160","5","-5","77.16","2d7ba3c1-19aa-46a6-94c4-9e52535f5212","2022-02-07 15:27:50.008"
"ALC","77.140","3","77.170","1","-5","77.17","f8802883-6fe1-4881-91fa-f178f715e92b","2022-02-07 15:28:22.684"
"AEE","86.630","2","86.690","1","4","86.37","0639e023-5f0a-4a3a-a4f1-e7cc91b4a8d6","2022-02-07 09:58:16.061"
"AEE","86.650","1","86.720","1","4","86.37","fe642e75-1730-4d14-910d-3a12a858bcc0","2022-02-07 09:58:16.061"
"AEE","86.650","1","86.720","1","4","86.37","79b3b003-c866-45ed-8950-89028741b326","2022-02-07 09:58:16.061"
"AEE","86.630","3","86.700","2","4","86.37","ff03c135-cabb-41b8-b88e-495884598dc2","2022-02-07 09:58:16.061"
"AEE","86.630","1","86.690","4","4","86.37","e1cc5f4e-dc3d-4d79-9095-771458edcb59","2022-02-07 09:58:16.061"
"AEE","86.420","1","86.490","1","-4","86.49","88980036-5de5-4ec7-8983-83072265118d","2022-02-07 09:58:44.767"
"AEE","86.420","1","86.490","1","-4","86.49","30b64837-c7ad-47d7-ad7f-0d06f9f35f41","2022-02-07 09:58:44.767"
"AEE","86.420","1","86.490","1","-4","86.49","48d7c2ce-e384-44f9-bdb0-472a3346bd61","2022-02-07 09:58:44.767"
"AEE","86.490","1","86.550","1","-4","86.55","6f1b5d0e-0926-4a73-b000-f1678af1983f","2022-02-07 10:00:05.250"
"AEE","86.500","1","86.600","1","-4","86.60","abee5a9f-63e9-42bf-b610-67d02df79f96","2022-02-07 10:00:14.512"
"AEE","86.980","3","87.020","2","4","86.88","5a05d53b-114d-4a63-a8ff-a5393e6202e6","2022-02-07 10:43:12.029"
"AEE","86.990","2","87.020","2","4","86.88","9a254978-e430-4458-bb35-32d24fe56030","2022-02-07 10:43:12.029"
"AEE","86.980","1","87.020","2","4","86.88","f364f64f-7229-45e3-98b7-b87f17791135","2022-02-07 10:43:12.029"
"AEE","86.980","5","87.020","1","4","86.88","d4515088-a099-4190-aabb-a21e90e2c34f","2022-02-07 10:43:12.029"
"AEE","86.990","2","87.030","4","4","86.88","e36e1261-1308-4ecc-bdd6-594747a3317f","2022-02-07 10:43:12.029"
"AEE","86.970","2","87.010","2","4","86.88","35ea0bb9-10a6-4fdb-8f2d-fd187ee66528","2022-02-07 10:43:12.029"
"AEE","86.980","3","87.010","1","4","86.88","41042108-8142-4432-a3d7-9de7d0867288","2022-02-07 10:43:12.029"
"AEE","86.990","3","87.030","2","4","86.88","b98a5df9-0047-476c-a19a-16708ef922f9","2022-02-07 10:43:12.029"
"AEE","86.980","4","87.030","4","4","86.88","516b2042-2713-49a3-b65e-ef738b5c0741","2022-02-07 10:43:12.029"
"AEE","86.960","4","87.020","4","4","86.83","6537abb1-021c-4960-8b2d-8249022f3193","2022-02-07 10:44:03.743"
"AEE","86.830","1","86.860","1","-4","86.86","238ae22a-2a0e-4af6-a89b-5ed72070d37c","2022-02-07 10:44:55.055"
"AEE","86.830","2","86.870","3","-4","86.87","de697909-f9a4-4fdf-8696-31460babc772","2022-02-07 10:44:59.239"
"AEE","86.830","2","86.870","3","-4","86.87","89850b34-d1ea-4abe-b90c-0a999de5c583","2022-02-07 10:44:59.239"
"AEE","86.830","2","86.870","3","-4","86.87","2519a389-235b-4523-b04f-9c781193c83b","2022-02-07 10:44:59.239"
"AEE","86.830","2","86.870","3","-4","86.87","7caf0ac4-69d8-4116-9955-34e017155d6f","2022-02-07 10:44:59.239"
"AEE","86.830","2","86.870","3","-4","86.87","f77b4704-742d-40c5-bf8f-34da3c869e57","2022-02-07 10:44:59.239"
"AEE","86.810","7","86.870","3","-4","86.87","a88bad07-08d6-4e00-bb29-d02220878ade","2022-02-07 10:44:59.239"
"AEE","86.810","7","86.870","3","-4","86.87","aac7b7a7-8c97-42b2-8f95-f97aa153e147","2022-02-07 10:44:59.239"
"AEE","86.810","7","86.870","3","-4","86.87","b6674ee7-8941-4767-8343-212782e346e3","2022-02-07 10:44:59.239"
"AEE","86.840","2","86.870","2","-4","86.87","0963954a-df19-44cd-8ec4-f819f3c52830","2022-02-07 10:45:05.597"
"AEE","86.950","4","87.000","1","4","86.80","017eda47-b15d-46aa-9134-fdffc0398472","2022-02-07 10:48:10.761"
"AEE","86.830","6","86.860","1","-4","86.86","c415dc8b-7310-4c80-b3d9-bdd8f2f286e6","2022-02-07 10:49:42.296"
"AEE","86.990","2","87.030","1","4","86.78","ade0376a-fcaf-42c7-bb36-5d8ec0626289","2022-02-07 10:51:03.902"
"AEE","86.650","1","86.700","3","-4","86.70","f225707c-ed16-4155-b6cf-da1301e17f10","2022-02-07 10:53:21.546"
"AEE","86.660","2","86.740","4","4","86.53","7d645356-5250-44cb-aebd-acfb0881127e","2022-02-07 11:02:38.556"
"AEE","86.660","2","86.740","4","4","86.53","8c1467db-b14d-4f2b-b580-d74ed003cc1b","2022-02-07 11:02:38.556"
"AEE","86.710","2","86.770","1","4","86.53","04975cdd-6201-4370-a687-70b4ca1db517","2022-02-07 11:02:38.556"
"AEE","86.760","1","86.830","1","4","86.51","35022969-3554-4f77-8d14-13c55a0617f1","2022-02-07 11:03:06.311"
"AEE","86.760","2","86.840","1","4","86.51","565c12e2-7889-4edd-8f3d-5ad5531057c9","2022-02-07 11:03:06.311"
"AEE","86.740","2","86.840","1","4","86.51","701a2128-6c34-4420-a5d7-c22395b6dfdc","2022-02-07 11:03:06.311"
"AEE","86.810","1","86.860","1","4","86.51","9ad704a5-e74a-4da9-9e7e-17a38f251b55","2022-02-07 11:03:06.311"
"AEE","86.750","13","86.820","1","4","86.51","d4f4121f-cee3-4b7b-8057-77afa0d5c67f","2022-02-07 11:03:06.311"
"AEE","86.570","1","86.600","1","-4","86.60","ed6675ef-3f89-4568-85da-f7a57131a21d","2022-02-07 11:04:46.686"
"AEE","86.570","1","86.600","1","-4","86.60","9829d212-77d7-4e5a-89e2-1304e7f5330d","2022-02-07 11:04:46.686"
"AEE","86.570","1","86.600","1","-4","86.60","983e2650-99f5-4dd2-b421-d3802fb3ea92","2022-02-07 11:04:46.686"
"AEE","86.460","1","86.490","2","-4","86.50","5d1fb6ff-aa3e-4d1b-ac11-db53911df5a7","2022-02-07 11:09:39.795"
"AEE","86.460","1","86.490","2","-4","86.50","5babc36d-21d4-4e90-a226-66cdff14b6b7","2022-02-07 11:09:39.795"
"AEE","86.460","1","86.490","2","-4","86.50","3e591c93-9d07-449c-b855-b36c3ac99af9","2022-02-07 11:09:39.795"
"AEE","86.470","3","86.510","1","-4","86.51","1c15ecfa-1608-47fb-9495-fd614748e6f4","2022-02-07 11:09:40.857"
"AEE","86.490","2","86.530","1","-4","86.53","b0f1467c-8b76-4a0e-b7b6-2dcb2c3b4bea","2022-02-07 11:10:48.357"
"AEE","86.590","3","86.650","2","4","86.60","6d2cd380-1a11-445f-b683-68abd15fe789","2022-02-07 11:16:10.907"
"AEE","86.610","3","86.650","1","-4","86.65","1df104bc-1821-43e6-90ef-de5409bedfb6","2022-02-07 11:17:12.262"
"AEE","87.120","3","87.150","1","4","87.14","da229568-bee7-45fb-ba71-9ed1c9678604","2022-02-07 12:12:10.958"
"AEE","87.110","3","87.150","2","-4","87.15","20f6a13d-cc0d-4c03-8b20-01f9a9adb7cb","2022-02-07 12:13:37.915"
"AEE","87.150","3","87.180","1","4","87.11","5b5b1190-09da-47e5-8c12-63cb3a16d699","2022-02-07 12:14:31.642"
"AEE","87.160","1","87.190","2","4","87.11","436ca35c-86d8-4c13-ad4c-ff233baff8f3","2022-02-07 12:14:31.642"
"AEE","87.100","4","87.140","1","-4","87.16","f29f12d0-8147-4e0d-924b-295340d4163d","2022-02-07 12:15:57.918"
"AEE","87.110","2","87.160","1","-4","87.16","ff2b115b-eb36-422f-9d16-63000dbf6ec0","2022-02-07 12:15:57.918"
"AEE","87.170","1","87.200","3","4","87.06","3321f191-4128-4442-b912-2c904ee2fc89","2022-02-07 12:56:42.781"
"AEE","87.150","7","87.180","3","4","87.06","7c0631e8-c007-4d0c-8def-2a08839911f4","2022-02-07 12:56:42.781"
"AEE","87.150","3","87.180","4","4","87.06","7969a8b3-7793-4512-b010-21e108a7a9fe","2022-02-07 12:56:42.781"
"AEE","87.150","3","87.180","4","4","87.06","34284592-5ba0-4e02-80d6-5484f634e55e","2022-02-07 12:56:42.781"
"AEE","87.170","3","87.180","4","4","87.06","ac0b7db2-0ed1-4b2c-841c-a13550565f00","2022-02-07 12:56:42.781"
"AEE","87.170","3","87.180","4","4","87.06","c245acbc-dfe7-449c-96ba-f496b0345739","2022-02-07 12:56:42.781"
"AEE","87.200","2","87.210","1","4","87.06","2d5e01a3-41df-4bcf-ac79-9d9a7740393f","2022-02-07 12:56:42.781"
"AEE","87.190","2","87.210","3","4","87.06","92893ef6-6e46-434b-a508-c02975d4a050","2022-02-07 12:56:42.781"
"AEE","87.190","2","87.210","3","4","87.06","b6c4d3a3-d743-4e44-9198-be45022546ad","2022-02-07 12:56:42.781"
"AEE","87.200","2","87.210","1","4","87.06","ed01b6c0-a31d-44e2-8995-fab0215458ba","2022-02-07 12:56:42.781"
"AEE","87.200","2","87.220","1","4","87.06","081dcda1-2586-49c1-9c24-edcfa31987c8","2022-02-07 12:56:42.781"
"AEE","87.090","2","87.120","2","-4","87.12","f6ae5509-63d6-4e66-b5ef-8688825bfdee","2022-02-07 13:00:14.158"
"AEE","87.090","2","87.120","2","-4","87.12","caa6abd9-057d-4a18-8617-bf85404e1f0d","2022-02-07 13:00:14.158"
"AEE","87.090","2","87.120","2","-4","87.12","6acc9969-57d1-4872-a08d-d571ebb0f14e","2022-02-07 13:00:14.158"
"AEE","87.090","2","87.120","2","-4","87.12","f0681bfc-ab69-4b8b-bc8c-9e460d9ac576","2022-02-07 13:00:14.158"
"AEE","87.070","2","87.100","1","-4","87.10","18660fd0-6e09-4f51-ac70-b8c40e5373f1","2022-02-07 13:01:32.495"
"AEE","87.070","2","87.100","1","-4","87.10","c6f09e97-9739-45b7-ad60-4973642c66f0","2022-02-07 13:01:32.495"
"AEE","87.070","2","87.100","1","-4","87.10","1667d345-2f3b-4463-b36e-c1c051074d0b","2022-02-07 13:01:32.495"
"AEE","87.060","4","87.100","1","-4","87.10","7c3d4cb8-a0f1-420b-a824-54c4df2bcb90","2022-02-07 13:01:32.495"
"AEE","87.070","1","87.100","1","-4","87.10","eb45272f-a941-45c8-8000-bf84f8aeb642","2022-02-07 13:01:32.495"
"AEE","87.100","2","87.130","4","-4","87.13","ca0a2c1b-7e17-4e12-8f1c-b95020f50562","2022-02-07 13:02:16.800"
"AEE","87.100","2","87.130","4","-4","87.13","a34b9ea1-4ad8-4fa5-ab0a-5216211872ad","2022-02-07 13:02:16.800"
"AEE","87.180","2","87.210","5","4","87.14","9d76dcee-0269-4894-aa06-106aa5594fad","2022-02-07 13:16:19.341"
"AEE","87.180","2","87.210","5","4","87.14","29812368-957d-40ba-b538-efa8b0378c92","2022-02-07 13:16:19.341"
"AEE","87.180","2","87.210","5","4","87.14","5e1d353b-fec4-4b93-a617-884900b6cffd","2022-02-07 13:16:19.341"
"AEE","87.180","2","87.210","5","4","87.14","c8d8e584-a831-41b7-85d4-916aeca085db","2022-02-07 13:16:19.341"
"AEE","87.250","1","87.270","2","4","87.14","4ca09d71-cce8-4e70-973a-159498ad1a8d","2022-02-07 13:16:19.341"
"AEE","87.250","1","87.270","2","4","87.14","291e56c5-5b4f-49e0-935e-4b22edb892c4","2022-02-07 13:16:19.341"
"AEE","87.250","2","87.280","2","4","87.14","240b66d5-da79-4298-99a9-d4d743183fd8","2022-02-07 13:16:19.341"
"AEE","87.250","2","87.280","2","4","87.14","118d1fbe-7908-4dbe-8a6d-98923a90a2fe","2022-02-07 13:16:19.341"
"AEE","87.220","3","87.260","3","4","87.14","a8a6df40-64d8-4e86-936e-eddac90cc31c","2022-02-07 13:16:19.341"
"AEE","87.220","1","87.240","5","4","87.14","9a536742-2850-46d0-90b4-780b558ed7ec","2022-02-07 13:16:19.341"
"AEE","87.200","2","87.230","1","4","87.12","00f4984b-9966-495a-8a73-203759a1c7a5","2022-02-07 13:17:00.106"
"AEE","87.200","1","87.230","1","4","87.12","0fb14ad5-4bda-48cf-808b-f48be7828e33","2022-02-07 13:17:00.106"
"AEE","87.190","2","87.220","5","4","87.07","7fdb19db-2d53-4dfb-95ac-d6b6824202fe","2022-02-07 13:18:01.159"
"AEE","87.190","2","87.220","1","4","87.07","98da327a-b447-4663-b07c-dafc5e04f5a3","2022-02-07 13:18:01.159"
