"Symbol","Bid","Bid Sz","Ask","Ask Sz","Shares","Price","Order ID","Timestamp"
"AA","37.980","1","37.990","3","31","37.45","3c75dc40-9210-4043-8cb1-7b24c116a2df","2021-04-30 10:37:48.204"
"AA","37.990","1","38.020","2","31","37.45","52b926c7-5909-47f6-bb2a-c2f80b8ec591","2021-04-30 10:37:48.204"
"AA","38.010","4","38.020","1","31","37.45","e15b5fed-ad0d-4b04-a7c9-9cedb5bf9a78","2021-04-30 10:37:48.204"
"AA","37.920","1","37.940","1","31","37.45","c3d49177-1ecd-42cf-a337-51f579a71177","2021-04-30 10:37:48.204"
"AA","37.910","1","37.930","2","31","37.45","0b507fed-d740-42e4-b370-6fb36cdea48f","2021-04-30 10:37:48.204"
"AA","38.020","2","38.030","2","31","37.45","80288dd4-d4ef-4385-9674-4d12beb311df","2021-04-30 10:37:48.204"
"AA","37.970","2","37.980","1","31","37.45","0deabc5a-ead9-488c-8318-5406ec3c7ecc","2021-04-30 10:37:48.204"
"AA","37.970","3","37.990","2","31","37.45","2f360d47-3029-4461-bc02-aba834a1959f","2021-04-30 10:37:48.204"
"AA","37.980","3","38.010","2","31","37.45","4a74670c-a507-4036-9f55-f67498900991","2021-04-30 10:37:48.204"
"AA","38.030","2","38.060","2","31","37.45","042d71c2-ca69-4be7-ab56-03c376bdd600","2021-04-30 10:37:48.204"
"AA","37.980","4","38.020","1","31","37.45","467e3b95-9510-4d07-ab65-d0ccf9dd6bc2","2021-04-30 10:37:48.204"
"AA","37.970","1","38.000","4","31","37.45","efaa5ef0-9508-480a-aab1-0b42c63c546c","2021-04-30 10:37:48.204"
"AA","37.400","21","37.440","5","-31","37.44","6475a4c8-fc9c-472a-82be-f3ee9061ea88","2021-04-30 10:38:10.321"
"AA","37.400","21","37.440","5","-31","37.44","e1bd80ad-9763-4e2f-9e51-3bd6bb1088fe","2021-04-30 10:38:10.321"
"AA","37.400","21","37.440","5","-31","37.44","7a5c7aae-6aa5-471b-9d5d-0ba656086787","2021-04-30 10:38:10.321"
"AA","37.410","3","37.440","3","-31","37.44","11bdeae9-8b12-4c30-bb3b-6a7a2e9132de","2021-04-30 10:38:22.628"
"AA","37.410","3","37.440","3","-31","37.44","486a947d-7436-4b2a-b738-5c4579645ed4","2021-04-30 10:38:22.628"
"AA","37.410","3","37.440","3","-31","37.44","ed3ee013-3ffe-4b39-a8e8-da1b488b9b47","2021-04-30 10:38:22.628"
"AA","37.410","3","37.440","3","-31","37.44","b792a34f-b179-4f21-8db7-814f3b999424","2021-04-30 10:38:22.628"
"AA","37.410","3","37.440","3","-31","37.44","1e5c628d-17a8-44fc-ae6d-909442b0e072","2021-04-30 10:38:22.628"
"AA","37.400","4","37.420","3","-31","37.42","32fe6aad-f251-4330-942f-3ed1585ec4b2","2021-04-30 10:38:51.079"
"AA","37.400","2","37.420","1","-31","37.42","165d0c88-a26d-4947-9f55-d1755959b229","2021-04-30 10:38:51.079"
"AA","37.420","1","37.430","3","-31","37.43","a6ece55f-0089-4bc1-a99d-e670fc34972f","2021-04-30 10:38:51.079"
"AA","37.420","1","37.430","3","-31","37.43","4792f7a0-d2ed-4e4e-bca4-a1beab62f0a3","2021-04-30 10:38:51.079"
"AA","37.970","2","37.990","1","31","37.36","e21b45ed-0af4-4692-9878-83685a9f5fc3","2021-04-30 10:48:00.418"
"AA","37.200","2","37.220","1","-31","37.22","5bc4c3a3-6606-46ba-9f43-68a7bdc3ccc8","2021-04-30 10:48:50.986"
"AA","37.170","4","37.200","2","31","37.13","22736d47-3799-4b0e-b4a8-814480c199f2","2021-04-30 11:58:44.041"
"AA","37.170","4","37.200","2","31","37.13","5e92c8e5-a52b-40d0-ba49-453ba27d5e2a","2021-04-30 11:58:44.041"
"AA","37.170","3","37.200","3","31","37.13","671f7763-8ef7-4d17-b338-e47e204218a8","2021-04-30 11:58:44.041"
"AA","37.150","2","37.160","3","-31","37.16","c54fce25-aa5f-4ce8-8c81-0c3d7ce077f5","2021-04-30 12:00:00.433"
"AA","37.120","2","37.130","1","-31","37.13","61689c34-f772-4496-8d42-87e65a49a313","2021-04-30 12:00:20.546"
"AA","37.140","1","37.160","5","-31","37.16","82feeba8-a4d3-4b62-a5cc-11889705dfaf","2021-04-30 12:00:30.578"
"AA","37.180","3","37.200","1","31","37.12","67759b33-2485-43f7-826f-b61a8719b92b","2021-04-30 12:05:28.129"
"AA","37.170","2","37.200","5","-31","37.20","4db05418-c562-4bb6-b94e-8c37368a522f","2021-04-30 12:08:42.764"
"AA","37.180","4","37.210","1","31","37.11","edec2f22-e750-4dca-9932-142050a052bf","2021-04-30 12:14:28.291"
"AA","37.070","3","37.090","2","-31","37.09","9169c711-7602-4396-a746-51c411a94740","2021-04-30 12:15:39.274"
"AA","37.400","2","37.430","3","31","37.04","0e9a3b03-cabb-4cc1-b37d-5410b5a55681","2021-04-30 12:15:49.713"
"AA","37.380","2","37.390","2","31","37.04","bf6d2707-022e-4aee-8e14-5fa3a92b8263","2021-04-30 12:15:49.713"
"AA","37.380","5","37.390","2","31","37.04","227f9423-20e6-4e58-acfa-cc576bcbc420","2021-04-30 12:15:49.713"
"AA","37.340","3","37.370","1","31","37.02","053833e8-315a-478a-ba99-49ddebe7c697","2021-04-30 12:16:11.312"
"AA","37.380","3","37.400","1","31","37.02","f41ef1b4-9191-4c45-b039-c5e8a30cb317","2021-04-30 12:16:11.312"
"AA","37.400","3","37.430","2","31","37.02","8de29bbc-cde6-4f3a-a22f-840fb1158450","2021-04-30 12:16:11.312"
"AA","37.020","20","37.040","1","-31","37.04","b2e238ec-206c-4a4e-b649-a111581807db","2021-04-30 12:16:57.629"
"AA","37.020","20","37.040","1","-31","37.04","729023d3-6718-412a-acd5-bd2742a0fafa","2021-04-30 12:16:57.629"
"AA","37.020","20","37.040","1","-31","37.04","ea016527-9e66-428a-b7a9-0642077e5411","2021-04-30 12:16:57.629"
"AA","37.020","3","37.030","4","-31","37.04","6cb0ebb0-3813-4c05-9c14-1454c119f7b0","2021-04-30 12:16:57.629"
"AA","37.020","3","37.030","4","-31","37.04","39657c88-ca05-48ab-9435-83fcc7466e88","2021-04-30 12:16:57.629"
"AA","37.040","3","37.050","4","-31","37.05","5c700a4d-a14c-4dd3-a625-c0bdbddbb5a3","2021-04-30 12:17:03.310"
"AA","37.160","4","37.190","1","31","37.13","c1c1ab8f-f35e-4714-92a7-dcf89b556e83","2021-04-30 12:24:24.861"
"AA","37.180","1","37.190","3","-31","37.19","36e5079c-0d31-4615-87e3-03236ca5a197","2021-04-30 12:25:30.268"
"AA","37.250","2","37.260","1","31","37.19","0cc4ce1f-2333-4977-8fe2-15decc0a1fa9","2021-04-30 13:02:56.570"
"AA","37.220","3","37.250","2","31","37.19","0856cd88-8acb-431d-baff-50a00a107dd2","2021-04-30 13:02:56.570"
"AA","37.240","2","37.250","2","31","37.19","3f3efb0b-75e5-4b4c-9db8-e41ae896332e","2021-04-30 13:02:56.570"
"AA","37.220","3","37.240","2","31","37.19","63bea28c-d624-4fcb-b6d5-c7a0caad7974","2021-04-30 13:02:56.570"
"AA","37.250","4","37.270","3","31","37.17","f554cb9d-419b-45ad-8ace-6082981543ec","2021-04-30 13:03:32.932"
"AA","37.250","3","37.260","1","31","37.17","8771a7e7-a967-4ace-a3bb-70d8c0881b36","2021-04-30 13:03:32.932"
"AA","37.220","2","37.240","5","31","37.17","c2d1e4bb-caf7-4f82-89ec-2627c5b9b4e9","2021-04-30 13:03:32.932"
"AA","37.220","3","37.230","4","31","37.17","25c60291-ca23-4276-96e3-328d24024a31","2021-04-30 13:03:32.932"
"AA","37.220","2","37.230","3","31","37.17","6c996c2a-2521-483d-a66a-7f45323065d4","2021-04-30 13:03:32.932"
"AA","37.220","4","37.230","1","31","37.17","78d9e0b4-4de6-41c2-b271-ff7a09840af4","2021-04-30 13:03:32.932"
"AA","37.190","2","37.200","2","-31","37.20","1fb93f7a-e7bb-4b09-856e-afef27c28e17","2021-04-30 13:05:00.611"
"AA","37.190","2","37.200","2","-31","37.20","ef713445-218c-4ce4-a911-bfa85168c569","2021-04-30 13:05:00.611"
"AA","37.190","2","37.200","2","-31","37.20","82c411ef-da46-45f4-b82f-6f445a1b09f4","2021-04-30 13:05:00.611"
"AA","37.180","2","37.200","2","-31","37.20","801aa6e3-9a40-480f-8d5e-923344296d65","2021-04-30 13:06:07.137"
"AA","37.180","2","37.200","2","-31","37.20","d14ec25b-349f-415f-b141-eb35ce5e279e","2021-04-30 13:06:07.137"
"AA","37.180","2","37.200","2","-31","37.20","246f4a36-1974-4e4d-8a85-164ace06d400","2021-04-30 13:06:07.137"
"AA","37.180","2","37.200","2","-31","37.20","d31192f8-7b43-42b5-822c-cc6626bcfd88","2021-04-30 13:06:07.137"
"AA","37.180","2","37.200","3","-31","37.20","c5b856f8-9d96-4603-8435-a31e4d7e81c5","2021-04-30 13:06:07.137"
"AA","37.200","2","37.210","1","-31","37.21","74203d57-0546-4889-966e-d4f11bae00a0","2021-04-30 13:06:30.607"
"AA","37.200","3","37.220","8","-31","37.22","02cd7774-cbad-4692-aadd-a4e60a477d89","2021-04-30 13:07:03.273"
"AA","37.240","3","37.260","1","31","37.22","70c60264-ef15-4d0f-8844-4bb148dae1f7","2021-04-30 13:09:10.350"
"AA","37.180","2","37.190","2","-31","37.19","102becd7-bcad-4bad-b81e-f01c3a287a4e","2021-04-30 13:11:32.427"
"AA","37.070","4","37.080","1","31","37.04","f3af0347-20f7-43ed-bc39-cee9bf6619c3","2021-04-30 13:42:19.722"
"AA","37.080","3","37.090","1","31","37.04","230a0077-3981-4f39-b9d9-113b1e14a075","2021-04-30 13:42:19.722"
"AA","37.080","3","37.090","1","31","37.04","e6986755-57ca-4305-8c00-7df0526039d1","2021-04-30 13:42:19.722"
"AA","37.090","3","37.110","4","31","37.04","2fb230af-b001-4a14-86b5-793c87a27df6","2021-04-30 13:42:19.722"
"AA","37.040","4","37.050","3","-31","37.05","24f05703-7b8c-4d7d-8116-977cbbf3b226","2021-04-30 13:42:59.282"
"AA","37.040","5","37.050","2","-31","37.05","efba44a3-7898-4a7a-9e09-c431e00ec2ee","2021-04-30 13:42:59.282"
"AA","37.050","1","37.060","2","-31","37.06","13b124fc-2ba5-4517-bac2-0b531afb10c1","2021-04-30 13:43:00.042"
"AA","37.050","1","37.060","2","-31","37.06","f93f02fe-1ce8-47c6-a63e-ff7979d71d8a","2021-04-30 13:43:00.042"
"AA","37.920","2","37.950","3","31","36.93","801f6cbb-61ea-4183-9ddf-c09dc6a6f981","2021-04-30 13:46:45.390"
"AA","38.000","3","38.020","1","31","36.93","c0819b1c-8637-4797-a6ef-6fd42ae15529","2021-04-30 13:46:45.390"
"AA","38.010","26","38.050","1","31","36.93","3b26315b-c584-42cc-8754-8d7dc9731464","2021-04-30 13:46:45.390"
"AA","38.010","1","38.030","3","31","36.93","829d2a96-8d90-486a-a74b-93ffdbcdcf50","2021-04-30 13:46:45.390"
"AA","37.990","3","38.030","3","31","36.93","6d511e1d-86c1-4d47-acfc-99319c57f723","2021-04-30 13:46:45.390"
"AA","37.970","3","38.000","1","31","36.90","673ac395-dcfe-4796-9dca-144c79ebe85d","2021-04-30 13:46:56.475"
"AA","36.920","3","36.940","1","-31","36.95","21e5a3e0-667a-40e7-8fea-58e8364047d3","2021-04-30 13:47:30.980"
"AA","36.920","3","36.940","1","-31","36.95","fbfca8bb-f5cc-4435-b40f-954e92bdd65a","2021-04-30 13:47:30.980"
"AA","36.920","3","36.940","1","-31","36.95","e6d297b0-a699-421c-9b8d-110e14c58290","2021-04-30 13:47:30.980"
"AA","36.920","4","36.950","1","-31","36.95","af66d89a-ef9e-41df-9037-c9d0c0e83047","2021-04-30 13:47:30.980"
"AA","36.920","4","36.950","1","-31","36.95","16d582fb-c603-4faa-b247-0d579fed2cb6","2021-04-30 13:47:30.980"
"AA","36.920","3","36.950","3","-31","36.95","9ea9b215-acbc-499e-9e13-bce912060560","2021-04-30 13:48:08.321"
"AA","37.040","4","37.060","2","31","37.03","b1790e04-a939-4b74-ad87-1962bd48d03e","2021-04-30 13:54:44.808"
"AA","36.940","2","36.960","1","-31","36.96","06de9f1e-1de6-4680-8734-29f8e5d3679b","2021-04-30 13:58:00.802"
"AA","37.010","2","37.020","10","31","37.02","ddeab3cf-ddea-4045-b9d4-f8265a5c3cc1","2021-04-30 13:59:00.006"
"AA","37.010","1","37.020","2","-31","37.02","c34ff8e8-a043-4e5a-9519-7fe7d4e97a3c","2021-04-30 13:59:25.229"
"AA","37.020","2","37.040","2","31","36.90","9cf3e230-7201-4174-b277-dbb3f0209b47","2021-04-30 14:04:02.396"
"AA","36.900","3","36.930","2","-31","36.93","947ab07a-9bb6-43ae-915c-f75c423dadc5","2021-04-30 14:04:38.602"
"AA","36.910","2","36.940","4","31","36.89","00aa364d-55bd-48aa-b6a3-a20ab96746a4","2021-04-30 14:23:29.788"
"AA","36.920","1","36.940","3","31","36.89","362ef8af-e89d-4bd4-bcc7-02c16425c4a0","2021-04-30 14:23:29.788"
"AA","36.910","3","36.930","3","31","36.89","fd5d3da9-e15c-474c-9893-6445b0c945f3","2021-04-30 14:23:29.788"
"AA","36.910","1","36.920","2","31","36.89","c8265174-fb80-4c9d-a3fc-8aa60ac693c9","2021-04-30 14:23:29.788"
"AA","36.910","1","36.920","3","31","36.89","0fdbd9a8-4e12-4bff-b8b1-f8d9cd59686c","2021-04-30 14:23:29.788"
"AA","36.910","2","36.920","2","31","36.89","e13bbc58-ee4f-4098-8fa6-302cca91742a","2021-04-30 14:23:29.788"
"AA","36.860","2","36.870","3","-31","36.87","63cbdecf-31fb-4fe0-a5e1-52d1459fa660","2021-04-30 14:24:30.369"
"AA","36.860","2","36.870","3","-31","36.87","5771d4fd-9c64-4033-80fe-40f78dad86ec","2021-04-30 14:24:30.369"
"AA","36.860","4","36.880","4","-31","36.88","bfc461bd-62bc-47e3-8561-dade65a6a7a9","2021-04-30 14:24:43.449"
"AA","36.860","4","36.880","4","-31","36.88","c1a1301a-35eb-46dd-8bb0-85a8d64ea19a","2021-04-30 14:24:43.449"
"AA","36.860","3","36.880","5","-31","36.88","1bd4aff1-164e-4654-8030-d0a224aa54a3","2021-04-30 14:25:00.061"
"AA","36.870","4","36.880","4","-31","36.88","9ab9961a-67c9-4cf6-9f8f-23b78132e9b0","2021-04-30 14:25:00.061"
"AA","36.760","2","36.780","36","31","36.71","c448bbdb-c890-4a0d-8ba9-e34dfcef4f7b","2021-04-30 15:35:00.874"
"AA","36.740","3","36.750","2","31","36.69","ea4992f7-752f-4254-bf8e-0ada00654383","2021-04-30 15:38:01.995"
"AA","36.750","3","36.760","2","31","36.69","bedb9099-3c80-4073-9ec2-19d32c5ea41d","2021-04-30 15:38:01.995"
"AA","36.740","3","36.750","3","31","36.69","c9cc929f-72f8-42bf-a31f-240a91f6238f","2021-04-30 15:38:01.995"
"AA","36.740","3","36.750","3","31","36.69","09541da8-6dc9-4c8b-89ff-85dd4d14b002","2021-04-30 15:38:01.995"
"AA","36.730","57","36.740","1","31","36.69","c9fb059c-d916-4817-9d93-f64ab7a2b364","2021-04-30 15:38:01.995"
"AA","36.730","57","36.740","1","31","36.69","1313eb97-0e16-4820-b9fb-66930acc141d","2021-04-30 15:38:01.995"
"AA","36.740","8","36.760","3","31","36.68","95b901a0-e68c-4817-8d51-3725c36650d2","2021-04-30 15:38:03.130"
"AA","36.810","2","36.820","3","31","36.67","4932b687-aab2-483e-a118-6066a8f35262","2021-04-30 15:38:27.698"
"AA","36.780","2","36.790","1","31","36.67","50fd8877-be5a-40f4-a628-af8725a3583e","2021-04-30 15:38:27.698"
"AA","36.780","1","36.800","4","31","36.67","c097d205-7fc8-46b9-9dd3-bd0dc51444bc","2021-04-30 15:38:27.698"
"AA","36.770","2","36.780","3","31","36.67","2855731b-f15b-4727-84de-ec167e9711eb","2021-04-30 15:38:27.698"
"AA","36.770","1","36.780","3","31","36.67","c0bb33ac-0d04-4800-afb3-8bf0d572037a","2021-04-30 15:38:27.698"
"AA","36.700","3","36.710","6","31","36.64","c8bdc3f6-aebb-425a-a2d5-e534fcf48c07","2021-04-30 15:38:35.044"
"AA","36.700","2","36.720","3","31","36.64","3d97f899-861d-4d2f-a7fd-bf262b495ddf","2021-04-30 15:38:35.044"
"AA","36.720","2","36.730","5","31","36.64","dccecbf5-4265-4e13-9a32-9eed35b66b04","2021-04-30 15:38:35.044"
"AA","36.570","27","36.580","3","-496","36.57","a8e07d87-591d-4cf7-873b-d955c511db08","2021-04-30 15:48:00.006"
"AG","15.340","14","15.350","2","71","15.25","116fbdc2-151e-47cb-b508-85858f78962a","2021-04-30 10:04:34.973"
"AG","15.280","14","15.290","1","-71","15.29","d12f931a-ee31-48e0-97e7-0319756a5133","2021-04-30 10:07:59.211"
"AG","15.330","11","15.340","16","71","15.30","10b82c1a-8fdc-4b4d-9b2b-9f79ab3dbab0","2021-04-30 10:12:17.999"
"AG","15.280","4","15.290","23","-71","15.29","e4f83e92-81c4-46a1-9029-33668d35f670","2021-04-30 10:15:13.273"
"AG","15.340","9","15.350","21","71","15.34","cd67761a-29b5-44ab-9a48-608f7bb0c8fc","2021-04-30 10:46:08.676"
"AG","15.360","12","15.370","12","71","15.28","5d541bc4-3b1d-466c-9061-564e41308684","2021-04-30 10:49:00.542"
"AG","15.280","41","15.290","5","-71","15.29","ca7962e7-56cc-49f3-8c00-872e66deaa56","2021-04-30 10:49:23.247"
"AG","15.360","24","15.370","7","71","15.27","40a352b1-9433-44e1-a403-f8cf104aa742","2021-04-30 10:50:36.440"
"AG","15.370","2","15.380","19","71","15.27","d5d22e40-280b-46a9-b149-54762b782157","2021-04-30 10:50:36.440"
"AG","15.370","12","15.380","10","71","15.27","2a91e272-b3f0-4ba7-a8d3-2c757a14562d","2021-04-30 10:50:36.440"
"AG","15.360","2","15.370","20","71","15.27","5beeaf9b-76cf-46e9-9c9d-f8c411079fd7","2021-04-30 10:50:36.440"
"AG","15.360","1","15.370","15","71","15.27","ee2944ce-56a0-4efe-a6d7-2aa64596a964","2021-04-30 10:50:36.440"
"AG","15.360","2","15.370","19","71","15.27","54b4af48-5327-4f1b-9ce1-ffe58df4cb6c","2021-04-30 10:50:36.440"
"AG","15.360","5","15.370","5","71","15.27","ede791ad-10a4-4c02-b67a-90722c7fa9c4","2021-04-30 10:50:36.440"
"AG","15.270","8","15.280","12","-71","15.28","d6223c5c-5b6d-43c0-91ca-081bef690705","2021-04-30 10:51:46.817"
"AG","15.270","8","15.280","12","-71","15.28","c08fad0d-488c-490d-81f9-674e3e649c9a","2021-04-30 10:51:46.817"
"AG","15.270","8","15.280","12","-71","15.28","ecc75e92-ac69-43b5-a303-23394e6a4b1c","2021-04-30 10:51:46.817"
"AG","15.280","6","15.290","24","-71","15.29","f958f581-ce11-4dc1-8db3-f11dd1ee7d0c","2021-04-30 10:51:46.822"
"AG","15.280","6","15.290","24","-71","15.29","0dc6f99b-b3a6-41ed-970f-938fec340651","2021-04-30 10:51:46.822"
"AG","15.280","6","15.290","24","-71","15.29","b5895dcb-9e27-4366-a4ab-4a3ed434b609","2021-04-30 10:51:46.822"
"AG","15.280","28","15.290","2","-71","15.29","2e7b1ee4-d21e-471f-8a44-47d8d6bcfc58","2021-04-30 10:51:51.378"
"AG","15.260","11","15.270","9","-71","15.27","4d5ce985-dc8d-4f93-b337-25d0fb3b8ef5","2021-04-30 10:52:02.968"
"AG","15.300","13","15.310","7","71","15.24","31fe672e-5f78-44ec-90f5-58afffaecf39","2021-04-30 10:58:24.572"
"AG","15.290","10","15.300","2","71","15.24","96908601-2c77-41e4-806e-e63f450fd08a","2021-04-30 10:58:24.572"
"AG","15.300","9","15.310","8","71","15.24","6a9fd8b0-befd-488d-9155-2a08c40aa0cc","2021-04-30 10:58:24.572"
"AG","15.310","25","15.320","20","71","15.24","6dfca99e-7e5c-4f4d-9c96-f07fe5b8cd77","2021-04-30 10:58:24.572"
"AG","15.340","2","15.350","10","71","15.23","d4c8ce27-8d0c-4102-8c6e-eb1ff0e4f370","2021-04-30 10:58:39.007"
"AG","15.340","3","15.350","10","71","15.23","bc7bc163-2acf-4da6-9e09-95d8d611271b","2021-04-30 10:58:39.007"
"AG","15.340","3","15.350","10","71","15.23","6d7d29cd-9ae4-4d01-9b26-2d2d82ce7891","2021-04-30 10:58:39.007"
"AG","15.340","2","15.350","16","71","15.23","f3d7cab1-7888-4190-aba2-c0429a89e2cc","2021-04-30 10:58:39.007"
"AG","15.340","14","15.350","12","71","15.23","e22bbd81-f0ff-48a4-8b48-8a3fdde3dcbf","2021-04-30 10:58:39.007"
"AG","15.370","3","15.380","8","71","15.23","628ef0f7-6242-43fa-8f00-8a4420fa643f","2021-04-30 10:58:39.007"
"AG","15.220","480","15.230","23","-71","15.23","11e02c54-234b-4459-93c9-2d57e7d6e23a","2021-04-30 10:59:21.485"
"AG","15.230","20","15.240","4","-71","15.25","43a8791a-c340-4678-acb6-7cffa60abef2","2021-04-30 11:00:04.268"
"AG","15.230","20","15.240","4","-71","15.25","e3e51ab5-bcfc-44dc-b98c-f59eb0aaad09","2021-04-30 11:00:04.268"
"AG","15.230","20","15.240","4","-71","15.25","42ae6c41-857d-4c68-a4ac-165392519b8a","2021-04-30 11:00:04.268"
"AG","15.230","20","15.240","4","-71","15.25","deda83c5-cee0-42c8-85a2-d3a2844c0dbf","2021-04-30 11:00:04.268"
"AG","15.230","20","15.240","4","-71","15.25","15f3b5f1-550b-43d4-b692-8866d93c06a5","2021-04-30 11:00:04.268"
"AG","15.230","20","15.240","4","-71","15.25","3727b19b-ab1c-4ccb-9183-9a46a75aa7cb","2021-04-30 11:00:04.268"
"AG","15.240","4","15.250","24","-71","15.25","16f6bb54-5475-4922-b4bd-af1c98652650","2021-04-30 11:00:04.377"
"AG","15.240","4","15.250","24","-71","15.25","11ba5b7a-0fa5-492f-9039-b9f9a2e2971f","2021-04-30 11:00:04.377"
"AG","15.250","1","15.260","22","-71","15.26","b8bc3df5-6683-4596-83b5-474ad39942f5","2021-04-30 11:00:32.636"
"AG","15.200","6","15.210","25","71","15.21","49cb635e-2649-4f59-a8f9-363f857e867a","2021-04-30 11:16:20.006"
"AG","15.170","23","15.180","16","-71","15.18","f417f024-b770-4827-af44-d913a6d435bb","2021-04-30 11:17:31.819"
"AG","15.130","15","15.140","8","71","15.12","70bdbd1b-652e-4362-81aa-bdbf0980598e","2021-04-30 11:42:29.401"
"AG","15.130","14","15.140","8","71","15.12","323e5302-6407-44ed-bd68-08e70420abc5","2021-04-30 11:42:29.401"
"AG","15.120","7","15.130","10","-71","15.13","f21c18ef-6d7c-41b1-970b-0be1aff49e81","2021-04-30 11:43:43.682"
"AG","15.120","8","15.130","13","-71","15.13","5ba7bcab-383e-4b0c-afcc-96ca5fed8eb3","2021-04-30 11:43:43.682"
"AG","15.140","12","15.150","14","71","15.12","40408af6-25a6-41b6-b173-a0b731520ea0","2021-04-30 12:16:17.834"
"AG","15.140","18","15.150","14","71","15.12","6de0f923-8f6b-487f-aa44-2369948eb6ef","2021-04-30 12:16:17.834"
"AG","15.140","18","15.150","14","71","15.12","7b2fdc1e-5cd0-4d31-8493-ddfc4622c009","2021-04-30 12:16:17.834"
"AG","15.150","5","15.160","18","71","15.12","6794fdcd-d839-448f-84e9-835deca84385","2021-04-30 12:16:17.834"
"AG","15.150","10","15.160","41","71","15.12","aa8c2a8c-8e68-4f3e-b4df-7c488bbd89f8","2021-04-30 12:16:17.834"
"AG","15.140","5","15.150","25","71","15.12","fd68a49e-ae79-4c38-90c7-7e0f76337bc4","2021-04-30 12:16:17.834"
"AG","15.140","4","15.150","25","71","15.12","a036f869-57e6-46d8-ab62-29a964997577","2021-04-30 12:16:17.834"
"AG","15.130","26","15.140","30","71","15.12","cf95e4f1-6526-4617-b078-384b5110b7a5","2021-04-30 12:16:17.834"
"AG","15.110","10","15.120","29","-71","15.12","1debe800-74fd-488a-a22f-56ef82f6318c","2021-04-30 12:16:55.021"
"AG","15.110","10","15.120","29","-71","15.12","6d2498f5-a081-4497-ad51-2f5fe296f57a","2021-04-30 12:16:55.021"
"AG","15.110","10","15.120","29","-71","15.12","67ab8f1e-07d0-407e-b698-8b6695e6df5a","2021-04-30 12:16:55.021"
"AG","15.110","10","15.120","29","-71","15.12","7651b14c-6c22-411c-83f7-44f20ee6e6a8","2021-04-30 12:16:55.021"
"AG","15.110","9","15.120","21","-71","15.12","134aefed-261f-42ee-9fde-edea1ad4ccde","2021-04-30 12:16:55.021"
"AG","15.110","9","15.120","21","-71","15.12","e6ba11cf-1db3-4072-8f5f-6dccbd32c43d","2021-04-30 12:16:55.021"
"AG","15.100","44","15.110","12","-71","15.11","df684eb1-70e6-4595-8297-dc98ac911d52","2021-04-30 12:17:23.688"
"AG","15.110","9","15.120","24","-71","15.12","be69d9fe-3212-4375-bee2-4c32635b6ee5","2021-04-30 12:17:50.721"
"AG","15.130","22","15.140","13","71","15.13","b966f38c-6b27-4478-bb93-50301943fb73","2021-04-30 12:22:38.496"
"AG","15.130","22","15.140","13","71","15.13","bce1fcc4-9966-46cf-95be-12530aa2f834","2021-04-30 12:22:38.496"
"AG","15.110","30","15.120","3","-71","15.12","f8ce7eb2-5e49-4666-a804-7e6c927b5785","2021-04-30 12:26:51.000"
"AG","15.130","12","15.140","22","-71","15.14","8b62ffc6-2888-4718-89de-731632c0e5e8","2021-04-30 12:28:28.619"
"AG","15.160","7","15.170","32","71","15.15","d18133e7-09fc-46ca-9bfa-b1f6a82e83db","2021-04-30 13:00:50.514"
"AG","15.160","7","15.170","29","71","15.15","a2f598db-9d03-4470-bfde-c1b89f2912fa","2021-04-30 13:00:50.514"
"AG","15.150","3","15.160","39","-71","15.16","cad7010c-493d-4b54-b878-7aaa12714f3d","2021-04-30 13:04:14.705"
"AG","15.150","3","15.160","29","-71","15.16","dac889ce-93b7-464b-821d-ca60580731dd","2021-04-30 13:04:14.705"
"AG","15.160","7","15.170","19","71","15.14","157e1316-b4b1-464a-b396-4364b0c68bfe","2021-04-30 13:05:57.677"
"AG","15.160","7","15.170","28","71","15.14","33394deb-e6ea-48e9-9249-b1d350554224","2021-04-30 13:05:57.677"
"AG","15.160","7","15.170","28","71","15.14","a2529d69-29da-478a-9de0-087b4753fadb","2021-04-30 13:05:57.677"
"AG","15.160","6","15.170","15","71","15.14","b999ea48-465c-4b9e-9bca-50e1b9fa45bc","2021-04-30 13:05:57.677"
"AG","15.160","5","15.170","33","71","15.14","f32920c4-7bb4-42ca-8b90-9a4dd50297da","2021-04-30 13:05:57.677"
"AG","15.160","12","15.170","28","71","15.14","875862e3-6eaf-4ba6-b3b8-4e7fd8966502","2021-04-30 13:05:57.677"
"AG","15.150","17","15.160","28","71","15.14","6f71c2fc-4e3f-4e18-96cd-a6d18c72583f","2021-04-30 13:05:57.677"
"AG","15.150","11","15.160","4","71","15.14","036f5908-9915-402f-bba9-cf998a6513c4","2021-04-30 13:05:57.677"
"AG","15.150","16","15.160","7","71","15.14","91e8a9d3-4218-4c7a-b65b-178fc081f96e","2021-04-30 13:05:57.677"
"AG","15.140","3","15.150","30","-71","15.15","2b1bf1e2-c4ce-43fa-a4ea-3228cf3f0cd9","2021-04-30 13:06:50.861"
"AG","15.140","3","15.150","30","-71","15.15","6b2c5136-e550-466c-bf71-7297d0735cdb","2021-04-30 13:06:50.861"
"AG","15.140","3","15.150","30","-71","15.15","5f2074af-1e23-46f8-bac1-68e761bfcf08","2021-04-30 13:06:50.861"
"AG","15.140","3","15.150","30","-71","15.15","c0529963-3438-4fb2-9b62-79c62bf4010a","2021-04-30 13:06:50.861"
"AG","15.140","3","15.150","30","-71","15.15","e2a3c9d5-b976-4fb2-a760-0800f8da2be9","2021-04-30 13:06:50.861"
"AG","15.140","3","15.150","30","-71","15.15","9e0a58f8-51d6-4c47-a278-cd98e180ad8e","2021-04-30 13:06:50.861"
"AG","15.140","3","15.150","30","-71","15.15","6fc285e9-fff6-4c14-879f-90fe7d02596e","2021-04-30 13:06:50.861"
"AG","15.130","24","15.150","28","-71","15.15","326ece3d-0b90-4474-b527-8caaac6b7439","2021-04-30 13:06:50.861"
"AG","15.140","8","15.150","25","-71","15.15","a99b27d1-a55d-4ada-b8d6-bed6c499b2db","2021-04-30 13:06:50.861"
"AG","15.140","7","15.150","16","71","15.13","5e02b8af-2a69-4cde-8eb2-7bef20681a92","2021-04-30 13:11:50.115"
"AG","15.140","7","15.150","16","71","15.13","5ed60510-d7cc-4013-ada6-a8a4d2349826","2021-04-30 13:11:50.115"
"AG","15.150","20","15.160","7","71","15.13","bb998aac-6ebb-446e-b86f-09e6ea5df98f","2021-04-30 13:11:50.115"
"AG","15.150","9","15.160","8","71","15.13","361f49d7-b3ae-4a2b-8dcd-09e6c483380c","2021-04-30 13:11:50.115"
"AG","15.150","7","15.160","11","71","15.13","626a2f43-a11a-474f-9aeb-c54bc43c7c22","2021-04-30 13:11:50.115"
"AG","15.150","11","15.160","31","71","15.11","e7435c08-8800-4b36-8c89-69830b952514","2021-04-30 13:12:16.423"
"AG","15.150","11","15.160","31","71","15.11","2be91417-7c8e-4cb0-a1d5-854873c927c2","2021-04-30 13:12:16.423"
"AG","15.110","37","15.120","17","-71","15.12","b96ef477-2c77-4f61-ac79-0acb6169620d","2021-04-30 13:12:20.224"
"AG","15.110","37","15.120","17","-71","15.12","1faf5328-93e7-473c-b939-a099f15c855b","2021-04-30 13:12:20.224"
"AG","15.110","37","15.120","17","-71","15.12","885d6d65-9143-4673-ab7b-5265881627f1","2021-04-30 13:12:20.224"
"AG","15.110","40","15.130","41","-71","15.13","940b6e92-3f0c-41b3-8cb2-bdbebde332d9","2021-04-30 13:12:57.095"
"AG","15.120","13","15.130","13","-71","15.13","d6b25d6c-94b0-45c0-84f9-a97e9609723b","2021-04-30 13:13:04.420"
"AG","15.120","13","15.130","13","-71","15.13","86cde785-f17f-411d-a184-411d77fd062f","2021-04-30 13:13:04.420"
"AG","15.120","12","15.130","11","-71","15.13","1ea4b79d-baa8-4506-9a8b-57e6bab6445a","2021-04-30 13:13:48.209"
"AG","15.150","3","15.160","36","71","15.14","aee8bd50-d393-425e-8dbf-222b1d859078","2021-04-30 13:53:07.192"
"AG","15.150","8","15.160","22","71","15.14","7d8d30b8-759b-48d0-8114-a88564a6ab2d","2021-04-30 13:53:07.192"
"AG","15.140","20","15.150","11","-71","15.15","1e21d702-3e96-4352-be65-875a06664613","2021-04-30 13:54:19.379"
"AG","15.140","10","15.150","12","-71","15.15","9eee4bd7-efec-4115-a499-8e80d441d625","2021-04-30 13:55:13.000"
"AG","15.140","4","15.150","30","71","15.13","4241930c-3f30-4038-8eb2-66f2dcc3bd85","2021-04-30 13:57:45.741"
"AG","15.140","3","15.150","30","71","15.13","94cdb4b4-2321-41ab-975d-6d7033fc61fe","2021-04-30 13:57:45.741"
"AG","15.140","11","15.150","18","71","15.13","260b852d-2cef-41cb-81ba-22779d23da33","2021-04-30 13:57:45.741"
"AG","15.140","11","15.150","18","71","15.13","72ca2af2-a644-40d1-bac4-59899341381c","2021-04-30 13:57:45.741"
"AG","15.150","8","15.160","21","71","15.13","fd1cf316-447a-449a-a4b8-7442f5508485","2021-04-30 13:57:45.741"
"AG","15.150","3","15.160","31","71","15.13","e49e2c0d-e564-4bcd-b8c0-fd0c921ef5c6","2021-04-30 13:57:45.741"
"AG","15.130","2","15.140","36","-71","15.14","3ef06626-2be4-47e3-b5c2-66205c68fca6","2021-04-30 13:58:01.226"
"AG","15.130","2","15.140","36","-71","15.14","16858ecc-cbbb-486b-bd09-807fee182864","2021-04-30 13:58:01.226"
"AG","15.130","2","15.140","36","-71","15.14","a972fbca-a9cf-4da8-bfc6-48718dd1a2a2","2021-04-30 13:58:01.226"
"AG","15.130","6","15.140","13","-71","15.14","2b3c0621-182b-40f4-bed6-2d1ba4b83eff","2021-04-30 13:58:20.626"
"AG","15.130","19","15.140","1","-71","15.14","7c6b8973-26b9-4f5a-8f61-a6722fa9880c","2021-04-30 13:58:30.445"
"AG","15.130","24","15.140","2","-71","15.14","160470b7-7c04-494e-8df5-5e3d275b7fb0","2021-04-30 13:58:43.326"
"AG","15.150","1","15.160","22","71","15.14","250a8d89-1c12-4ed5-9204-15a4671a48d1","2021-04-30 14:04:30.024"
"AG","15.140","15","15.150","37","-71","15.15","373c356d-d597-4a36-970c-a4999b24c603","2021-04-30 14:05:01.110"
"AG","15.150","13","15.160","23","71","15.14","d9835808-a79e-45d4-9789-b4e3efb589a3","2021-04-30 14:09:08.995"
"AG","15.150","5","15.160","29","71","15.14","fe3b3537-4dc1-4655-8575-05a350cb03e1","2021-04-30 14:09:08.995"
"AG","15.140","11","15.150","10","-71","15.15","829bd9c5-1c6d-490d-8707-70628cf98908","2021-04-30 14:12:18.213"
"AG","15.150","26","15.160","28","-71","15.16","36f82473-b35e-4d6e-8538-93aa21472bc9","2021-04-30 14:13:50.526"
"AG","15.150","8","15.160","26","71","15.13","7c659163-dbaf-4fc7-be92-420537768004","2021-04-30 14:20:12.789"
"AG","15.150","8","15.160","26","71","15.13","0191f4b9-144a-4563-817d-d28c72c6a3df","2021-04-30 14:20:12.789"
"AG","15.150","5","15.160","29","71","15.13","030c4d17-baa9-4bbe-aae2-6f19a9d90d27","2021-04-30 14:20:12.789"
"AG","15.150","13","15.160","20","71","15.13","37f4917c-7692-4e50-91d0-6d96de8673e8","2021-04-30 14:20:12.789"
"AG","15.140","27","15.150","28","71","15.13","533e72e7-4062-4d92-a21d-ab38d6d47bd7","2021-04-30 14:20:12.789"
"AG","15.140","27","15.150","18","71","15.13","4f9afcfe-cb15-4964-ab0e-1d54887443c6","2021-04-30 14:20:12.789"
"AG","15.140","33","15.150","19","71","15.13","4784cabc-3121-4d8f-9bcd-bf864612fe24","2021-04-30 14:20:12.789"
"AG","15.130","8","15.140","25","-71","15.14","0baf083c-20dc-49a6-9884-03f81b39f357","2021-04-30 14:20:32.655"
"AG","15.130","8","15.140","25","-71","15.14","4f086577-62f8-4f7b-96e0-f030727e8405","2021-04-30 14:20:32.655"
"AG","15.130","8","15.140","25","-71","15.14","34fdf2d2-5514-4f90-93e4-f4c30f23851d","2021-04-30 14:20:32.655"
"AG","15.130","8","15.140","25","-71","15.14","255e3b9f-f6c1-4c64-9eba-4f316adf77cd","2021-04-30 14:20:32.655"
"AG","15.130","13","15.140","21","-71","15.14","dff12f61-c271-4a67-9628-8a8784588149","2021-04-30 14:20:47.068"
"AG","15.130","13","15.140","21","-71","15.14","b9bac17e-2368-4c95-9653-ed5990189be1","2021-04-30 14:20:47.068"
"AG","15.140","31","15.150","19","-71","15.15","1fd0884b-1d1a-40eb-ac69-18e69d054a22","2021-04-30 14:22:11.568"
"AG","15.150","13","15.160","7","71","15.14","037bd0be-4928-4eca-8619-cf3845f667f3","2021-04-30 14:26:54.543"
"AG","15.150","13","15.160","7","71","15.14","2bc92638-1131-46af-a79f-43da31a78196","2021-04-30 14:26:54.543"
"AG","15.150","12","15.160","10","71","15.14","f15ce6d1-32e2-41f2-aff4-db570e500fed","2021-04-30 14:26:54.543"
"AG","15.150","10","15.160","21","71","15.14","15d141a3-b7c7-4dd9-a22d-59eed14dcd76","2021-04-30 14:26:54.543"
"AG","15.150","9","15.160","20","71","15.14","d6628414-9b3b-4ad7-8178-2eedabe2db5e","2021-04-30 14:26:54.543"
"AG","15.140","29","15.150","8","71","15.14","a004c58c-5e73-41d4-b4af-38a79ae844b2","2021-04-30 14:26:54.543"
"AG","15.150","7","15.160","21","-71","15.16","39083816-73e1-450a-a931-e59d6f1f720c","2021-04-30 14:29:25.205"
"AG","15.150","7","15.160","21","-71","15.16","07eea9f7-01b3-48f2-9074-628c061b66e1","2021-04-30 14:29:25.205"
"AG","15.150","11","15.160","11","-71","15.16","9901ef01-7779-4c79-b659-d75c31d57b93","2021-04-30 14:29:48.156"
"AG","15.140","22","15.150","17","71","15.11","752b6825-18c4-4589-8268-dbb5503aad4b","2021-04-30 14:36:32.522"
"AG","15.100","13","15.110","20","-71","15.11","f97ee947-f1ca-42d5-b2f2-5cab2687f2bb","2021-04-30 14:37:11.543"
"AG","15.150","11","15.160","227","71","15.09","2ff7859f-216d-435c-8cb7-e508ddaa4634","2021-04-30 14:37:21.521"
"AG","15.140","25","15.150","12","71","15.09","d2f4e7a2-1692-4be4-b608-6a69ca2da2d1","2021-04-30 14:37:21.521"
"AG","15.130","21","15.140","9","71","15.09","7a8c15f2-6323-4f1d-8692-3ce0516cd1da","2021-04-30 14:37:21.521"
"AG","15.130","31","15.140","10","71","15.09","7b0b091c-48ef-496a-85c4-0abe1411ffc3","2021-04-30 14:37:21.521"
"AG","15.140","10","15.150","30","71","15.09","29000469-9f92-4b40-b2ea-7b84cb7e3e75","2021-04-30 14:37:21.521"
"AG","15.130","28","15.140","21","71","15.09","e96233ae-09bb-4088-96f3-921c1a309784","2021-04-30 14:37:21.521"
"AG","15.130","14","15.140","10","71","15.09","56379720-2752-4a88-a00d-83239785da3a","2021-04-30 14:37:21.521"
"AG","15.120","15","15.130","18","71","15.09","1c319f68-c41c-42f5-bf09-e738ce1b7ebc","2021-04-30 14:37:21.521"
"AG","15.120","23","15.130","9","71","15.09","f295b230-ca40-4820-81a3-7dc4ace9c49d","2021-04-30 14:37:21.521"
"AG","15.130","16","15.140","7","71","15.09","768dae68-b150-4e3c-9285-480ac5283d30","2021-04-30 14:37:21.521"
"AG","15.140","12","15.150","27","71","15.09","3ba352ad-f6ea-4040-a0cd-102d75866546","2021-04-30 14:37:21.521"
"AG","15.090","24","15.100","11","-71","15.10","eed30eb1-b782-4ccb-b67a-afca6e767d21","2021-04-30 14:44:12.120"
"AG","15.090","24","15.100","11","-71","15.10","44dcb239-8599-45ca-a587-c0a29548ccda","2021-04-30 14:44:12.120"
"AG","15.090","24","15.100","11","-71","15.10","b3ac8091-a3cf-42b3-b032-21fc47b91e62","2021-04-30 14:44:12.120"
"AG","15.090","24","15.100","11","-71","15.10","8386621e-4634-4839-8b8e-5db9834a1ca3","2021-04-30 14:44:12.120"
"AG","15.090","24","15.100","11","-71","15.10","28b6e790-3c88-4b5e-8bc3-6cf9436dea36","2021-04-30 14:44:12.120"
"AG","15.090","24","15.100","11","-71","15.10","a9142cdd-8f8e-4aa5-8882-b7c9730c3319","2021-04-30 14:44:12.120"
"AG","15.090","24","15.100","11","-71","15.10","acba6c3e-7c41-46f9-8d9e-107395408981","2021-04-30 14:44:12.120"
"AG","15.090","18","15.100","10","-71","15.10","94d4dc45-0d3b-4267-9b3d-29d90ed179c6","2021-04-30 14:44:27.463"
"AG","15.090","18","15.100","10","-71","15.10","d589fccc-9346-4bc9-841d-0eb30c195271","2021-04-30 14:44:27.463"
"AG","15.090","18","15.100","10","-71","15.10","ce6a3358-ce3b-4c73-b031-dcba742d098f","2021-04-30 14:44:27.463"
"AG","15.090","18","15.100","10","-71","15.10","4b82d21f-71a8-40f4-a05f-726eb8ba6ade","2021-04-30 14:44:27.463"
"AG","15.090","10","15.100","14","-71","15.10","183fd109-068b-4b24-a448-1c1bb34bac31","2021-04-30 14:44:37.067"
"AG","15.090","10","15.100","14","-71","15.10","5f0c91ad-70d9-4a47-ab93-569ece3adca3","2021-04-30 14:44:37.067"
"AG","15.090","18","15.100","7","-71","15.10","d90c5672-5bf0-4044-aa65-63b84c387317","2021-04-30 14:44:57.215"
"ABB","32.830","2","32.840","88","34","32.77","05d90ac5-3ee6-439b-a000-7b928983dab9","2021-04-30 10:06:21.813"
"ABB","32.820","11","32.830","49","34","32.77","045b8fab-142a-4bac-9994-be7c344c79f7","2021-04-30 10:06:21.813"
"ABB","32.820","11","32.830","49","34","32.77","3f833ec8-d819-4f44-9fd1-dd8f20538b79","2021-04-30 10:06:21.813"
"ABB","32.820","11","32.830","49","34","32.77","67095bf2-1fbc-46b3-856c-5b3833e57f83","2021-04-30 10:06:21.813"
"ABB","32.840","13","32.850","30","34","32.76","9495134a-7f22-4ab6-9f1f-ab433d5f19d3","2021-04-30 10:06:28.073"
"ABB","32.830","9","32.840","25","34","32.76","4f7d8d95-b7a3-4075-aa9c-d93f13bcd1e1","2021-04-30 10:06:28.073"
"ABB","32.760","6","32.770","45","-34","32.77","1273082a-7b89-48e3-915c-ce1b8eb33be0","2021-04-30 10:07:07.529"
"ABB","32.760","6","32.770","45","-34","32.77","eae49742-75bf-4cfe-80ff-f87f493d9160","2021-04-30 10:07:07.529"
"ABB","32.760","6","32.770","45","-34","32.77","38d664c4-401e-4d10-a071-de4e1df7ccdf","2021-04-30 10:07:07.529"
"ABB","32.760","6","32.770","45","-34","32.77","c745d739-51fa-4347-891f-ebe0ab7c0ad8","2021-04-30 10:07:07.529"
"ABB","32.760","6","32.770","45","-34","32.77","6015a544-fbb7-4ebc-a715-3911768e55e6","2021-04-30 10:07:07.529"
"ABB","32.760","26","32.770","14","-34","32.77","3851095a-27fb-4d71-b33f-6760cc1f9cd2","2021-04-30 10:07:18.839"
"ABB","32.840","12","32.850","11","34","32.75","6fdda998-d2de-42fb-821f-8320166c1d23","2021-04-30 10:13:11.908"
"ABB","32.840","12","32.850","11","34","32.75","3a2a3c1e-be39-438c-8577-6afd751ad928","2021-04-30 10:13:11.908"
"ABB","32.790","18","32.800","56","34","32.74","441830f8-beae-47b0-b738-217dfd3981f0","2021-04-30 10:13:11.910"
"ABB","32.740","18","32.750","13","-34","32.75","4998931d-e4e8-4136-85e3-6b827e3568db","2021-04-30 10:15:30.097"
"ABB","32.740","18","32.750","13","-34","32.75","b7df53c4-5d2d-4afd-b45a-48204399f4ae","2021-04-30 10:15:30.097"
"ABB","32.730","16","32.740","14","-34","32.75","03fdd502-d9c5-4f24-a73e-f6b215456c5b","2021-04-30 10:15:30.097"
"ABB","32.760","10","32.770","15","34","32.76","f2d76925-ed77-4aec-968c-8b41926a76b5","2021-04-30 10:26:17.900"
"ABB","32.770","16","32.780","12","-34","32.78","e4248891-34da-4397-b289-808f7f9dddff","2021-04-30 10:26:46.384"
"ABB","32.770","12","32.780","18","34","32.76","a61778d1-3f34-44f7-9dfa-c46a7d3adce1","2021-04-30 10:27:07.964"
"ABB","32.760","15","32.770","19","34","32.76","a132be3b-13d3-4280-a288-6ce0dff90367","2021-04-30 10:27:07.964"
"ABB","32.760","18","32.770","21","-34","32.77","f9817b04-1370-4894-987d-574359510f41","2021-04-30 10:27:32.195"
"ABB","32.760","23","32.780","68","-34","32.78","146acd29-9caa-44be-998b-e4fef79d717d","2021-04-30 10:27:45.488"
"ABB","32.780","6","32.790","44","34","32.76","7ad03011-43f7-43e1-91da-4964a0155204","2021-04-30 10:36:31.763"
"ABB","32.760","23","32.770","9","-34","32.77","1a625a54-2cd6-43f6-b5fc-b18d13e38056","2021-04-30 10:37:11.149"
"ABB","32.800","17","32.810","26","34","32.74","193f46d3-d6dc-46bf-b7c7-be71c058f213","2021-04-30 10:37:54.344"
"ABB","32.790","18","32.800","53","34","32.74","27d304ca-6bbc-4cb2-ad20-f959bb9131af","2021-04-30 10:37:54.344"
"ABB","32.740","18","32.750","43","-34","32.75","c9eaec59-38ae-48b7-8fc1-9301009e48cf","2021-04-30 10:38:27.909"
"ABB","32.740","14","32.750","22","-34","32.75","9ec90081-5d5e-45f8-8b80-3fb29a34b1d2","2021-04-30 10:38:27.909"
"ABB","32.760","14","32.770","26","34","32.74","ba6a83b7-3e7a-47ad-8c03-92478c58bce3","2021-04-30 10:43:19.566"
"ABB","32.740","15","32.750","25","-34","32.75","e3ffad71-4730-4b1f-9229-3e26143b57ae","2021-04-30 10:44:20.941"
"ABB","32.790","11","32.800","81","34","32.73","e84cb888-5f44-4872-9b23-88c7a7666a1f","2021-04-30 10:49:32.001"
"ABB","32.790","23","32.800","49","34","32.73","58fdc461-cc09-4ea3-89f0-f61747e5b4fc","2021-04-30 10:49:32.001"
"ABB","32.790","9","32.800","55","34","32.73","c5988c36-5d32-429b-ae85-12d6dd775618","2021-04-30 10:49:32.001"
"ABB","32.790","9","32.800","72","34","32.73","7548578a-e511-41fd-8757-c438db6eebd1","2021-04-30 10:49:32.001"
"ABB","32.790","18","32.800","53","34","32.73","0b31f83b-b881-499e-ba0f-29d646531b0e","2021-04-30 10:49:32.001"
"ABB","32.770","12","32.780","14","34","32.73","98e20239-60ff-4e80-b17e-1ce39c3ee6c6","2021-04-30 10:49:32.001"
"ABB","32.780","24","32.790","38","34","32.73","f338acc5-1227-41b4-a184-c1a69a90d7b8","2021-04-30 10:49:32.001"
"ABB","32.760","18","32.770","29","34","32.73","d6411692-8af9-4eb1-8ef0-609a0d0390b3","2021-04-30 10:49:32.001"
"ABB","32.750","12","32.760","87","34","32.73","369e3d2d-1813-40ea-aefd-5523ad6882cd","2021-04-30 10:49:32.001"
"ABB","32.750","33","32.760","38","34","32.73","7d655389-885e-48f6-bb40-72356c87a0d8","2021-04-30 10:49:32.001"
"ABB","32.750","33","32.760","38","34","32.73","ed6bca50-328d-45a6-9321-2c061cdd488c","2021-04-30 10:49:32.001"
"ABB","32.750","17","32.760","28","34","32.73","840062e5-7f24-4526-862a-1025e9f5e601","2021-04-30 10:49:32.001"
"ABB","32.790","13","32.800","72","34","32.72","e3f3e79a-f91c-425b-9499-dc8137063d1f","2021-04-30 10:50:33.007"
"ABB","32.800","13","32.810","13","34","32.72","55e9d338-0692-4af2-8ffc-4318249743c6","2021-04-30 10:50:33.007"
"ABB","32.790","12","32.800","11","34","32.72","a587b7f0-4fd7-495f-aa4f-2ecd39a8b89d","2021-04-30 10:50:33.007"
"ABB","32.790","16","32.800","10","34","32.72","d84adf52-9ef1-41b7-8342-6a97a20bbc46","2021-04-30 10:50:33.007"
"ABB","32.790","21","32.800","7","34","32.72","aec88553-a164-4611-8a80-6d4390c75947","2021-04-30 10:50:33.007"
"ABB","32.790","5","32.800","21","34","32.72","0e553cb3-ab55-42ea-9f61-0a036a0993a5","2021-04-30 10:50:33.007"
"ABB","32.710","20","32.720","9","-34","32.72","2880455d-ba37-4b58-aa8e-accb29c6d153","2021-04-30 10:50:42.366"
"ABB","32.720","19","32.730","19","-34","32.73","af1e391e-d468-42c2-996d-b5fa992ff086","2021-04-30 10:52:04.328"
"ABB","32.720","19","32.730","19","-34","32.73","d4fa2b3e-b92f-4133-bd50-b339d2f1d11f","2021-04-30 10:52:04.328"
"ABB","32.720","19","32.730","19","-34","32.73","f18c0e8e-89eb-498c-8605-8ef8702e5e93","2021-04-30 10:52:04.328"
"ABB","32.720","19","32.730","19","-34","32.73","458a23ef-0d8f-44cf-a7c4-492aec57344a","2021-04-30 10:52:04.328"
"ABB","32.720","19","32.730","19","-34","32.73","0a8608be-6f3f-4cb9-98a0-b9d7d1c002de","2021-04-30 10:52:04.328"
"ABB","32.720","19","32.730","19","-34","32.73","a2987df2-b356-4f2f-9c0a-94dceb0f3c76","2021-04-30 10:52:04.328"
"ABB","32.720","19","32.730","19","-34","32.73","25d65574-eb02-4d27-a4d5-2b1e13185891","2021-04-30 10:52:04.328"
"ABB","32.720","19","32.730","19","-34","32.73","d037239f-7476-4151-a536-fee9be43046c","2021-04-30 10:52:04.328"
"ABB","32.690","15","32.700","12","-34","32.71","141f94f8-0bc5-4abb-b7ec-740ac9bded30","2021-04-30 10:58:35.588"
"ABB","32.690","15","32.700","12","-34","32.71","8a2b693d-d894-440c-82f0-e7affc77c2a4","2021-04-30 10:58:35.588"
"ABB","32.690","15","32.700","12","-34","32.71","d28a2aaf-562a-4e01-8052-22f2e35ec741","2021-04-30 10:58:35.588"
"ABB","32.690","15","32.700","12","-34","32.71","c6acc677-36b4-4f7a-86a6-feeca195d507","2021-04-30 10:58:35.588"
"ABB","32.690","15","32.700","12","-34","32.71","d96dfcc1-c6aa-49e4-b130-a938646fe321","2021-04-30 10:58:35.588"
"ABB","32.700","9","32.710","21","-34","32.71","0b3a255f-f416-4287-8d1b-5f262a5f3730","2021-04-30 10:58:54.439"
"ABB","32.680","17","32.690","15","-34","32.69","1c12a0f6-155a-4398-b9b0-fd5422cc454f","2021-04-30 11:00:31.771"
"ABB","32.690","5","32.700","61","-34","32.70","f436375a-1084-4797-9ce8-78a58a319a1c","2021-04-30 11:00:34.121"
"ABB","32.690","5","32.700","61","-34","32.70","b6c11a67-bf1a-4ea6-8f91-66906a6659d3","2021-04-30 11:00:34.121"
"ABB","32.550","11","32.560","20","34","32.56","357066d9-c699-4d67-99b1-c6c805a82877","2021-04-30 11:39:10.006"
"ABB","32.540","4","32.550","17","-34","32.55","9cfc8ccc-572f-4bd4-a514-92f5f32e6daf","2021-04-30 11:41:44.585"
"ABB","32.580","9","32.590","12","34","32.56","daf1a136-ae96-463b-aed1-e0be3a0fc7c5","2021-04-30 12:25:30.814"
"ABB","32.580","9","32.590","12","34","32.56","f726623c-6678-4aeb-8881-a89f2fb3bf99","2021-04-30 12:25:30.814"
"ABB","32.580","9","32.590","12","34","32.56","8fcda564-47de-4cdb-a594-212c85fb3017","2021-04-30 12:25:30.814"
"ABB","32.580","15","32.590","11","34","32.56","8bf922bd-5175-4d4b-a642-77ea967b6afb","2021-04-30 12:25:30.814"
"ABB","32.580","15","32.590","11","34","32.56","c8cd7642-4a70-460e-8cf5-0c7618d037f2","2021-04-30 12:25:30.814"
"ABB","32.580","9","32.590","12","34","32.55","27a4d875-c095-4e0c-8624-2592396269c9","2021-04-30 12:25:40.808"
"ABB","32.580","12","32.590","11","34","32.55","9c79e74a-7343-49d6-9a2f-8fed6e3338ec","2021-04-30 12:25:40.808"
"ABB","32.580","9","32.590","12","34","32.55","0e0f8b23-4dfd-49c7-b005-218bfda17f2c","2021-04-30 12:25:40.808"
"ABB","32.580","9","32.590","12","34","32.55","c107a9fb-d8f0-4f2e-8d49-e8ea8457eb01","2021-04-30 12:25:40.808"
"ABB","32.590","17","32.600","5","34","32.54","0ba867ce-daae-40ab-930f-ddb79c89d5d4","2021-04-30 12:27:15.131"
"ABB","32.590","17","32.600","5","34","32.54","a1135b97-9853-4d3b-8976-038d853799a6","2021-04-30 12:27:15.131"
"ABB","32.530","12","32.540","14","-34","32.54","93392840-ea47-4c30-a785-6bbda4c5f24f","2021-04-30 12:33:22.324"
"ABB","32.530","12","32.540","14","-34","32.54","3b78978f-2f48-4929-b388-4fd0595587fe","2021-04-30 12:33:22.324"
"ABB","32.530","12","32.540","14","-34","32.54","be949608-572c-42de-9c87-22bf2abb1752","2021-04-30 12:33:22.324"
"ABB","32.530","12","32.540","14","-34","32.54","6ff6327f-9820-410e-8707-b92617aea697","2021-04-30 12:33:22.324"
"ABB","32.530","12","32.540","14","-34","32.54","e267c2e0-d842-48d9-9cac-e1864a59a822","2021-04-30 12:33:22.324"
"ABB","32.560","8","32.570","12","34","32.52","1cc58fb7-c331-47c8-bd6e-9a41192babf8","2021-04-30 12:39:30.479"
"ABB","32.560","9","32.570","8","34","32.52","dc2b1cb6-546c-4110-8833-b46089b6a95c","2021-04-30 12:39:30.479"
"ABB","32.520","2","32.530","19","-34","32.53","517a5b41-47b6-4193-8845-aa7ad51878c4","2021-04-30 12:40:17.402"
"ABB","32.520","2","32.530","19","-34","32.53","c1e31ab2-d6d8-469b-81df-7ce3c6a34657","2021-04-30 12:40:17.402"
"ABB","32.520","2","32.530","19","-34","32.53","8a4f04de-a9a9-4213-a42b-f82410059ac2","2021-04-30 12:40:17.402"
"ABB","32.520","2","32.530","19","-34","32.53","64374b26-ce61-4f6a-99c0-c51f342a4ae9","2021-04-30 12:40:17.402"
"ABB","32.580","7","32.590","12","34","32.51","01a04de5-3da4-479b-b06a-430ad2aed36e","2021-04-30 12:41:03.018"
"ABB","32.580","7","32.590","12","34","32.51","f2421ca7-aac9-4c88-af78-35298bb323d4","2021-04-30 12:41:03.018"
"ABB","32.580","7","32.590","12","34","32.51","28f1a8e4-33b5-4c96-a670-d2373f1a3cf2","2021-04-30 12:41:03.018"
"ABB","32.580","7","32.590","12","34","32.51","8159acf4-3786-4b1d-b637-0a7ae1fe6600","2021-04-30 12:41:03.018"
"ABB","32.580","20","32.590","4","34","32.51","deb46648-bd30-470d-89a7-e4bbd2260214","2021-04-30 12:41:03.018"
"ABB","32.580","21","32.590","1","34","32.51","b0f6f441-241c-4774-a70e-3e5bd38d9f07","2021-04-30 12:41:03.018"
"ABB","32.590","8","32.600","10","34","32.51","0cd7052b-0f4a-4fbd-96b1-f9804673552d","2021-04-30 12:41:03.018"
"ABB","32.590","9","32.600","9","34","32.51","1ac859b7-d65f-483f-b23b-84271a9eb347","2021-04-30 12:41:03.018"
"ABB","32.590","9","32.600","9","34","32.51","05dd5167-9758-4f32-8b88-508de38dc88e","2021-04-30 12:41:03.018"
"ABB","32.520","9","32.530","14","-34","32.53","69d65adc-6183-4e4e-8712-2b7d5b993b60","2021-04-30 12:41:12.831"
"ABB","32.520","9","32.530","14","-34","32.53","b0740fe9-e331-4f8a-b9cd-8a0c0ab908ec","2021-04-30 12:41:12.831"
"ABB","32.520","9","32.530","14","-34","32.53","f8c81fc4-8405-484b-af73-af5e62c29ec8","2021-04-30 12:41:12.831"
"ABB","32.520","2","32.530","21","-34","32.53","86c5b071-d57f-4f85-a686-bdf211d3d409","2021-04-30 12:41:12.831"
"ABB","32.520","5","32.530","13","-34","32.53","a1a874ac-771b-4818-8af6-2326ce77e86d","2021-04-30 12:41:31.726"
"ABB","32.520","5","32.530","13","-34","32.53","60dfbcfd-56ca-46d8-9f60-2084aa8b2235","2021-04-30 12:41:31.726"
"ABB","32.520","5","32.530","13","-34","32.53","79df7af5-c81c-42df-9fa5-fe4c4e20fa58","2021-04-30 12:41:31.726"
"ABB","32.520","5","32.530","13","-34","32.53","0c6d9b60-2b61-452c-8fc1-aed0d368ac87","2021-04-30 12:41:31.726"
"ABB","32.520","5","32.530","13","-34","32.53","a1c935fb-44fd-4806-8af5-a1e3176cda83","2021-04-30 12:41:31.726"
"ABB","32.520","8","32.530","6","-34","32.53","81066108-53d8-4c3a-bcc5-5dba34eb35e1","2021-04-30 12:43:13.984"
"ABB","32.520","8","32.530","6","-34","32.53","008b4709-f616-4a90-b018-1d1e9c37eacc","2021-04-30 12:43:13.984"
"ABB","32.520","14","32.530","6","-34","32.53","20f071cf-518e-4331-9edd-786cacbac61b","2021-04-30 12:43:13.984"
"ABB","32.520","9","32.530","11","-34","32.53","a35a7431-df2e-4b26-aa25-ba27c6e4b61b","2021-04-30 12:43:13.984"
"ABB","32.540","4","32.550","13","34","32.53","e2776691-18dc-4a42-acad-38310d2f252e","2021-04-30 13:10:46.470"
"ABB","32.530","7","32.540","25","-34","32.54","1d2e3e1d-edf9-4bff-90e6-33ed85a22e89","2021-04-30 13:12:29.772"
"ABB","32.560","18","32.570","7","34","32.53","5da4f5d4-c876-44cd-ad2b-6c2c3acc1582","2021-04-30 13:39:46.788"
"ABB","32.540","13","32.550","7","34","32.53","94149d0e-d798-4950-8408-8234571325e3","2021-04-30 13:39:46.788"
"ABB","32.540","13","32.550","7","34","32.53","4b12389f-9214-4a88-a695-7fad9d52ca47","2021-04-30 13:39:46.788"
"ABB","32.540","13","32.550","7","34","32.53","4022a629-b576-44ff-81b6-0a59d2cace57","2021-04-30 13:39:46.788"
"ABB","32.540","10","32.550","22","34","32.53","677723d3-adbe-4440-bc16-a6c9071ef604","2021-04-30 13:39:46.788"
"ABB","32.540","10","32.550","22","34","32.53","03279c8f-f94b-49bb-b986-17adea6ee89a","2021-04-30 13:39:46.788"
"ABB","32.540","10","32.550","22","34","32.53","c032ad4f-4642-4605-816f-0ee7f1df81b5","2021-04-30 13:39:46.788"
"ABB","32.540","14","32.550","14","34","32.52","01da72af-2de6-4e4a-b464-7640f18794fe","2021-04-30 13:45:39.326"
"ABB","32.550","12","32.560","8","34","32.50","4fda24fe-7159-49da-88fb-c1f978603426","2021-04-30 13:47:01.942"
"ABB","32.540","15","32.550","11","34","32.50","643d89b9-cdd8-4c8a-abee-be098b7b1ae8","2021-04-30 13:47:01.942"
"ABB","32.540","13","32.550","10","34","32.50","df30ad7b-db2d-42c1-a9b1-1d70cd00f998","2021-04-30 13:47:01.942"
"ABB","32.540","13","32.550","10","34","32.50","d9bae28e-8efa-4518-9a08-bba981c490e8","2021-04-30 13:47:01.942"
"ABB","32.530","14","32.540","4","34","32.50","32db2f7f-ac4a-4215-992b-35083f3f78c6","2021-04-30 13:47:01.942"
"ABB","32.530","10","32.540","7","34","32.50","fbde42df-003f-4404-aff9-cfa51f706fdb","2021-04-30 13:47:01.942"
"ABB","32.540","13","32.550","14","34","32.50","46698f25-8bc3-4894-8134-6c5aad8d4f95","2021-04-30 13:47:01.942"
"ABB","32.530","10","32.540","11","34","32.50","1ed1f279-e5ad-4f45-a258-ef8f3ba9ef0a","2021-04-30 13:47:01.942"
"ABB","32.530","10","32.540","11","34","32.50","64f73e90-0bbd-44e3-9074-b39d40ac7fcc","2021-04-30 13:47:01.942"
"ABB","32.530","5","32.540","13","34","32.50","0a113dd2-67fd-4312-9330-051cd451395b","2021-04-30 13:47:01.942"
"ABB","32.500","11","32.510","28","-34","32.51","c0c7b80f-b350-4298-9243-192e06b5e93f","2021-04-30 13:47:23.055"
"ABB","32.500","12","32.510","17","-34","32.51","7a60c6f2-b34e-4353-af35-899927af36d8","2021-04-30 13:47:23.055"
"ABB","32.500","12","32.510","17","-34","32.51","eb1153a0-9379-4bea-9c30-38822c7a4eb4","2021-04-30 13:47:23.055"
"ABB","32.500","12","32.510","17","-34","32.51","f57954f0-51e2-43ea-98fc-77efa4c0b4ec","2021-04-30 13:47:23.055"
"ABB","32.500","12","32.510","17","-34","32.51","a73ea9e5-b6a2-412b-b1e6-75f27cf779c8","2021-04-30 13:47:23.055"
"ABB","32.500","12","32.510","17","-34","32.51","fe01656e-2b80-46cf-9b9a-6ea5f777cfcc","2021-04-30 13:47:23.055"
"ABB","32.500","12","32.510","17","-34","32.51","089acd51-7fc7-497f-8ff8-136deda79ee3","2021-04-30 13:47:23.055"
"ABB","32.500","12","32.510","17","-34","32.51","5741ce2e-de04-4442-8455-f2f53ac3a129","2021-04-30 13:47:23.055"
"ABB","32.500","12","32.510","17","-34","32.51","96afc14a-fbf6-4934-b29e-1a311edbc4c9","2021-04-30 13:47:23.055"
"ABB","32.500","12","32.510","17","-34","32.51","a9eb1927-8573-42b7-9bc6-67f91f4e091d","2021-04-30 13:47:23.055"
"ABB","32.490","7","32.500","22","-34","32.50","ba74d4c5-23ae-4194-a8c2-cfec59b92d95","2021-04-30 13:48:38.111"
"ABB","32.490","16","32.500","2","-34","32.50","845c2102-10a2-4a20-9418-9cf14cf52a09","2021-04-30 13:48:40.426"
"ABB","32.490","16","32.500","2","-34","32.50","b430e7fd-02c3-4397-883a-086bfa3233b2","2021-04-30 13:48:40.426"
"ABB","32.490","16","32.500","2","-34","32.50","e59e4737-e849-4920-b4a3-c6c479a21819","2021-04-30 13:48:40.426"
"ABB","32.490","16","32.500","2","-34","32.50","421928e8-f7d0-4a38-a151-ed06aa366d7e","2021-04-30 13:48:40.426"
"ABB","32.490","16","32.500","7","-34","32.50","eceb6804-ecb4-4181-be8e-57c629800adc","2021-04-30 13:49:19.092"
"ABB","32.480","15","32.490","3","-34","32.49","29a0c0cb-cc2b-4aa3-a13d-c524d24f1aaf","2021-04-30 13:51:46.590"
"ABB","32.460","14","32.470","4","-34","32.47","f262ebd7-24b4-4cbd-a981-caa47ead52d1","2021-04-30 13:54:14.407"
"ABB","32.520","13","32.530","11","34","32.50","28aaae17-a18a-4066-b72d-f5e83cd6c8c1","2021-04-30 14:46:30.455"
"ABB","32.510","18","32.520","10","34","32.49","5171ae57-80c3-40f3-b865-1fa2293f379a","2021-04-30 14:50:12.099"
"ABB","32.520","13","32.530","10","34","32.49","931d3fe9-22d0-4cac-a332-1219df1be5b5","2021-04-30 14:50:12.099"
"ABB","32.520","13","32.530","10","34","32.49","335c6767-8de1-4554-85b7-fb9501963ac5","2021-04-30 14:50:12.099"
"ABB","32.520","14","32.530","16","34","32.49","37903f65-d06f-4144-8c1d-3993be78b79d","2021-04-30 14:50:12.099"
"ABB","32.520","14","32.530","16","34","32.49","bcbac53b-c1d7-4c89-89bc-84b776f13584","2021-04-30 14:50:12.099"
"ABB","32.520","14","32.530","18","34","32.49","b2114ed6-97db-4ff6-8f3a-a8dafa4b799c","2021-04-30 14:50:12.099"
"ABB","32.520","13","32.530","12","34","32.49","6a548142-65ad-45e7-aecc-bbd78c536432","2021-04-30 14:50:12.099"
"ABB","32.520","13","32.530","12","34","32.49","67212856-3da3-428e-9348-796b5d033e1b","2021-04-30 14:50:12.099"
"ABB","32.520","13","32.530","12","34","32.49","196755d0-21ac-4452-a590-0635ce6a8431","2021-04-30 14:50:12.099"
"ABB","32.480","21","32.490","8","-34","32.49","176610ef-c864-4c42-bd1f-32216b59f114","2021-04-30 14:53:11.021"
"ABB","32.480","21","32.490","8","-34","32.49","75f27d93-b3e7-4d46-ad83-c8bcfaf743a8","2021-04-30 14:53:11.021"
"ABB","32.480","21","32.490","8","-34","32.49","3fb94f0d-a067-47b1-9db5-6cf432e85ffa","2021-04-30 14:53:11.021"
"ABB","32.480","21","32.490","8","-34","32.49","bf1fc74e-2b43-47ef-b5a4-dac48247e59c","2021-04-30 14:53:11.021"
"ABB","32.480","21","32.490","8","-34","32.49","f57593da-caed-4a98-a8de-98886cbcd478","2021-04-30 14:53:11.021"
"ABB","32.480","8","32.490","18","-34","32.49","045b068a-3730-4471-a51f-309e871faa45","2021-04-30 14:55:27.049"
"ABB","32.480","8","32.490","18","-34","32.49","88647cb5-f7e7-4420-a93f-ffc6bdb9498e","2021-04-30 14:55:27.049"
"ABB","32.480","8","32.490","18","-34","32.49","b420915a-7bd1-49b0-82bf-c3450aba50b4","2021-04-30 14:55:27.049"
"ABB","32.490","1","32.490","17","-34","32.49","84593b2c-046a-4d71-a24d-9b929f7176cb","2021-04-30 14:56:10.006"
"ABB","32.520","14","32.530","9","34","32.47","59c8f373-3a3a-4a9e-acf6-fa7667562a31","2021-04-30 14:56:24.306"
"ABB","32.510","7","32.520","18","34","32.47","f6a5f22a-3990-408f-bdfc-6a6851b835b8","2021-04-30 14:56:24.306"
"ABB","32.510","14","32.520","14","34","32.47","13b60805-b7e1-47c0-b2cd-4a4f5a464928","2021-04-30 14:56:24.306"
"ABB","32.520","13","32.530","15","34","32.47","709c5a19-750d-45d4-a332-03d7deab7158","2021-04-30 14:56:24.306"
"ABB","32.520","13","32.530","15","34","32.47","e017eeb5-21a3-4ff8-b681-00900cb61c14","2021-04-30 14:56:24.306"
"ABB","32.460","26","32.470","2","34","32.46","74d6d029-d6ef-4871-84cc-98756ad5e395","2021-04-30 14:59:49.608"
"ABB","32.460","26","32.470","2","34","32.46","a0f2b9ab-0a8a-416b-a5e8-daa35d0e5d52","2021-04-30 14:59:49.608"
"ABB","32.460","15","32.470","31","-34","32.47","1fdd3b1e-7047-4dce-887a-88f54a2b6855","2021-04-30 15:00:44.596"
"ABB","32.460","15","32.470","31","-34","32.47","90b7fc08-48d3-4f34-9881-8a250a8a4b6e","2021-04-30 15:00:44.596"
"ABB","32.460","11","32.470","22","-34","32.47","2b840cc1-d1bb-4bc3-b84a-ba0636dc261d","2021-04-30 15:00:44.596"
"ABB","32.470","16","32.480","16","-34","32.48","ca64c4bf-fd4f-4782-99b1-ab8673086208","2021-04-30 15:00:55.526"
"ABB","32.470","16","32.480","16","-34","32.48","29e869e1-297d-4267-aed4-49a3feed22b0","2021-04-30 15:00:55.526"
"ABB","32.470","16","32.480","16","-34","32.48","52809d50-a584-438d-b853-98a58de829eb","2021-04-30 15:00:55.526"
"ABB","32.480","4","32.490","17","-34","32.49","df8f4b12-b091-457d-9930-a33727bf5da8","2021-04-30 15:01:18.854"
"ABB","32.470","6","32.480","14","34","32.45","6dcc483b-274b-4064-a973-088761a08b88","2021-04-30 15:05:32.527"
"ABB","32.480","6","32.490","13","34","32.44","4d9aa772-1f2b-40d5-b5d9-a5fa3d199916","2021-04-30 15:08:32.908"
"ABB","32.480","6","32.490","13","34","32.44","164685be-448e-4336-a8cd-a3090bf61475","2021-04-30 15:08:32.908"
"ABB","32.480","6","32.490","13","34","32.44","a6f31b57-8284-4f7c-bdb7-b0dff6c84f01","2021-04-30 15:08:32.908"
"ABB","32.480","6","32.490","13","34","32.44","094ed1be-acac-4627-b178-4d7f8b34f9ad","2021-04-30 15:08:32.908"
"ABB","32.480","6","32.490","13","34","32.44","98915194-3a39-4809-a8ed-d1844c8b21d1","2021-04-30 15:08:32.908"
"ABB","32.480","17","32.490","4","34","32.44","3892847b-4824-4b51-be18-bf8924eca229","2021-04-30 15:08:32.908"
"ABB","32.480","16","32.490","4","34","32.44","db733ceb-0f63-4223-9a78-67b15413d530","2021-04-30 15:08:32.908"
"ABB","32.480","13","32.490","11","34","32.44","5855bbec-41fd-41a1-a8b5-6315cb88cb1c","2021-04-30 15:08:32.908"
"ABB","32.430","14","32.440","6","-34","32.44","f7821226-db57-4fe4-aa7b-2e2a5695eb7d","2021-04-30 15:09:01.154"
"ABB","32.430","14","32.440","6","-34","32.44","14de5b41-e7a9-43b3-9e1e-6b9794f3c81f","2021-04-30 15:09:01.154"
"ABB","32.430","14","32.440","6","-34","32.44","b4277ec9-dbb4-49c2-8301-f23993a8a1ec","2021-04-30 15:09:01.154"
"ABB","32.430","17","32.440","6","-34","32.44","7d50dee7-86ea-4b70-afc5-31e37d26ed47","2021-04-30 15:09:27.465"
"ABB","32.430","17","32.440","6","-34","32.44","9ef8e710-ad8f-4b5e-b551-bf51e8164407","2021-04-30 15:09:27.465"
"ABB","32.430","17","32.440","6","-34","32.44","6fe245df-9868-4347-a33e-17f11fde089d","2021-04-30 15:11:49.737"
"ABB","32.440","9","32.450","19","-34","32.45","a45fa72b-29bb-420d-a785-594f87d268c6","2021-04-30 15:11:55.486"
"ABB","32.440","9","32.450","19","-34","32.45","df48b093-bdca-4317-81d8-017b8e75ba09","2021-04-30 15:11:55.486"
"ABB","32.440","9","32.450","19","-34","32.45","964d00dc-4503-4301-8d6e-0884ddb83be9","2021-04-30 15:11:55.486"
"ABB","32.440","9","32.450","19","-34","32.45","6c0ae679-c1b1-4a16-a704-86ae27ecd0b1","2021-04-30 15:11:55.486"
"ABB","32.440","20","32.450","7","34","32.44","8fcb282b-693b-438e-98ec-3690426b2dbc","2021-04-30 15:33:45.249"
"ABB","32.450","17","32.460","8","34","32.43","83ea194a-2fae-4f06-a80a-6719519c3b07","2021-04-30 15:40:49.673"
"ABB","32.450","11","32.460","11","34","32.43","2134e928-d496-4084-abad-2984f4329cc1","2021-04-30 15:40:49.673"
"ABB","32.450","11","32.460","12","34","32.43","ba8ac54a-0a9d-4d03-880c-c6fd2c31eceb","2021-04-30 15:40:49.673"
"ABB","32.450","12","32.460","8","34","32.43","a8b51614-8929-4dcb-b09b-d9f9cca16f01","2021-04-30 15:40:49.673"
"ABB","32.460","16","32.470","8","34","32.43","8378d63f-d3e3-4e35-9329-61cf5e32c1a6","2021-04-30 15:40:49.673"
"ABB","32.460","10","32.470","11","34","32.43","1172b7a7-4e8d-409a-a803-9f0c42d35110","2021-04-30 15:40:49.673"
"ABB","32.460","19","32.470","7","34","32.43","b51bfafc-82ac-493b-820b-68f4ddf741fa","2021-04-30 15:40:49.673"
"ABB","32.460","7","32.470","15","34","32.43","b481238f-d0e3-4c2a-b159-d80e964794e3","2021-04-30 15:40:49.673"
"ABB","32.460","11","32.470","11","34","32.43","f3f23906-4a13-4d5a-bff8-6d1d7b125e83","2021-04-30 15:40:49.673"
"ABB","32.460","11","32.470","11","34","32.43","f749cdb5-3813-4378-b51f-1034fcd49f7e","2021-04-30 15:40:49.673"
"ABB","32.400","24","32.410","11","-374","32.40","f71ca2d7-5fb7-4bff-8efa-b00f32836670","2021-04-30 15:48:00.006"
"ALB","168.520","1","168.890","2","7","167.82","3f0eba42-c143-4fba-9789-4735b199e6fe","2021-04-30 10:19:05.005"
"ALB","168.380","1","168.530","1","7","167.82","7cf4df37-d7c2-404f-a57e-3358af40c6b5","2021-04-30 10:19:05.005"
"ALB","168.380","1","168.730","1","7","167.82","2aaf9a28-6510-46b3-b0f6-7133c2fe0793","2021-04-30 10:19:05.005"
"ALB","168.230","2","168.370","1","7","167.82","e8925de6-a1ee-48b4-bf7c-7b3b9f9d13c9","2021-04-30 10:19:05.005"
"ALB","168.200","1","168.500","1","7","167.82","6bb28d34-993b-4b50-924c-179e0ebb44a0","2021-04-30 10:19:05.005"
"ALB","168.000","1","168.470","1","7","167.82","ffe29137-2538-473e-b9ae-dfb4e8058989","2021-04-30 10:19:05.005"
"ALB","167.990","2","168.470","1","7","167.82","56e360b5-9c03-4f85-8c6d-ab3fc2e0e696","2021-04-30 10:19:05.005"
"ALB","168.010","1","168.450","2","7","167.82","b537ecc3-3101-4d99-b27b-6f61830732fd","2021-04-30 10:19:05.005"
"ALB","167.930","2","168.450","3","7","167.82","721ab2ae-310d-4300-9b64-cd09d2c0e306","2021-04-30 10:19:05.005"
"ALB","167.940","1","168.440","2","7","167.82","4fefe491-45e3-4244-aae7-4ffe7062f91c","2021-04-30 10:19:05.005"
"ALB","167.980","6","168.370","2","-7","168.37","5c20fffc-a6fe-4113-a80a-c1cea9ccd7de","2021-04-30 10:20:16.062"
"ALB","167.980","6","168.370","2","-7","168.37","642eeb98-8600-4695-8785-d5031a946524","2021-04-30 10:20:16.062"
"ALB","167.980","6","168.370","2","-7","168.37","a259a113-da7d-4971-ac38-29390672ffdc","2021-04-30 10:20:16.062"
"ALB","167.980","6","168.370","2","-7","168.37","ac0fafc8-399f-4db8-8f74-02164ddb3858","2021-04-30 10:20:16.062"
"ALB","167.980","6","168.370","2","-7","168.37","57522376-c546-44a0-b318-8888217d87c7","2021-04-30 10:20:16.062"
"ALB","168.000","1","168.300","2","-7","168.30","8759765d-9b01-4ba0-9655-fc7640418866","2021-04-30 10:21:15.233"
"ALB","168.000","1","168.300","2","-7","168.30","1149979e-75c8-4a22-9826-8af5d0e16d19","2021-04-30 10:21:15.233"
"ALB","167.880","1","168.160","1","-7","168.16","8d63c5a3-2f07-4b52-9d98-3522fb59544f","2021-04-30 10:23:12.023"
"ALB","168.000","1","168.150","1","-7","168.15","ad40fc34-ae1c-4cba-9d08-5c4237ac939c","2021-04-30 10:24:29.011"
"ALB","167.920","1","168.090","1","-7","168.09","9bc58c37-fed1-4c21-81f1-67a5ca9e0947","2021-04-30 10:27:03.031"
"ALB","167.830","1","167.970","1","7","167.97","4b5841cb-b72e-4325-b964-101a40ccc4b7","2021-04-30 10:46:00.006"
"ALB","167.380","1","167.620","10","-7","167.62","246f9e7a-a9a6-4e25-b47d-9c8b0edad6d8","2021-04-30 10:48:59.892"
"ALB","167.890","1","168.140","2","7","167.27","92fe1c82-6919-48d5-99ca-be462fe1bd3e","2021-04-30 10:49:53.624"
"ALB","167.190","1","167.430","3","-7","167.43","6a98b55b-f8b7-4ecd-9b40-d1d2681a256b","2021-04-30 10:53:09.279"
"ALB","167.160","1","167.360","1","7","167.36","52f4241d-f281-45b6-a89c-6c1ed741a327","2021-04-30 10:55:10.006"
"ALB","167.160","2","167.280","1","-7","167.28","c62a9d8c-bd2e-4b0e-b5f8-0e700b9f8116","2021-04-30 10:58:46.556"
"ALB","167.420","1","167.610","1","7","167.40","dae1e364-552b-41fd-aec2-bff8d29bd031","2021-04-30 10:59:26.622"
"ALB","166.820","2","167.150","1","-7","167.24","e082561c-2564-4973-9ddc-1e11521c4fe2","2021-04-30 11:00:37.808"
"ALB","166.970","1","167.200","1","7","167.01","daa808c4-4cf7-46ae-9926-54d662941eef","2021-04-30 11:15:21.438"
"ALB","167.010","1","167.210","1","7","167.01","6fbe6546-db8e-4921-a21e-61bbc28bf44f","2021-04-30 11:15:21.438"
"ALB","167.010","1","167.200","1","7","167.01","8dc97fbd-0b72-4966-9e65-8675c064d4c4","2021-04-30 11:15:21.438"
"ALB","167.110","2","167.320","1","-7","167.32","1b146993-8f45-4594-87e6-0bf1004e69f7","2021-04-30 11:15:45.928"
"ALB","167.110","2","167.320","1","-7","167.32","11aac3bc-cae6-4640-a4b1-1f37537f6563","2021-04-30 11:15:45.928"
"ALB","167.150","2","167.320","1","-7","167.32","34b6052f-f5f8-441b-95f5-c0d9c8836f7c","2021-04-30 11:16:16.327"
"ALB","167.010","1","167.180","1","7","166.93","f1cfe9a7-3d68-4da5-befb-4133e2f53afd","2021-04-30 11:20:09.588"
"ALB","167.010","1","167.200","1","7","166.93","db987b35-0a19-480d-83fa-26b6202bcdde","2021-04-30 11:20:09.588"
"ALB","167.220","1","167.400","1","-7","167.40","f61b10ae-be20-4f66-8fab-172f6bdd254f","2021-04-30 11:23:02.074"
"ALB","167.410","1","167.580","2","-7","167.58","cf4c7497-e63b-4a97-993f-49f37c9e8600","2021-04-30 11:23:14.050"
"ALB","167.910","1","168.050","4","7","167.73","7ba7665a-03d6-437d-973f-7275c5d0570f","2021-04-30 12:17:21.110"
"ALB","167.830","1","167.960","1","-7","167.96","f3446e4f-fffe-4f2b-88ba-af86a6b0352b","2021-04-30 12:19:30.096"
"ALB","168.510","1","168.660","2","7","168.46","74ceca71-3d96-4e68-a3cb-b8b445ed3d79","2021-04-30 13:04:07.747"
"ALB","168.610","1","168.710","1","7","168.46","98dd0729-dcd5-43bb-9849-13172b130fe8","2021-04-30 13:04:07.747"
"ALB","168.570","1","168.700","1","7","168.46","dbc3abfd-ca30-4af4-81d7-cfa621e14677","2021-04-30 13:04:07.747"
"ALB","168.600","1","168.670","1","-7","168.67","16eaffbf-adcb-4779-a53f-1b56bef00826","2021-04-30 13:07:01.060"
"ALB","168.580","1","168.750","4","-7","168.75","7bc1715b-3f38-4c43-ad0e-383d3c1c6a22","2021-04-30 13:08:09.317"
"ALB","168.740","2","168.840","1","-7","168.84","2e845c20-fc0b-4c8f-8299-4d230aadd7a3","2021-04-30 13:08:10.514"
"ALB","168.750","1","168.850","3","7","168.63","c2de5e8e-71fd-4b4b-bc51-f8ca5ef0ebef","2021-04-30 13:21:38.916"
"ALB","168.790","1","168.900","1","7","168.63","00349db4-6b5d-48f5-b5a7-61bfaae17473","2021-04-30 13:21:38.916"
"ALB","168.820","1","168.950","1","7","168.50","0d882f76-b0c6-4e38-aa04-d2588da25212","2021-04-30 13:21:50.737"
"ALB","168.780","1","168.870","1","7","168.50","88c3ea4e-0dce-49f5-8a58-3e63704453dd","2021-04-30 13:21:50.737"
"ALB","168.780","1","168.870","1","7","168.50","fbd1d31c-f4f1-45d5-b7f8-6ae947715486","2021-04-30 13:21:50.737"
"ALB","168.780","1","168.870","2","7","168.50","005a2db2-972c-4e56-beeb-9b84edf67b21","2021-04-30 13:21:50.737"
"ALB","168.880","1","168.980","2","7","168.50","85e621dc-2a60-4340-b7fe-2e317d82d855","2021-04-30 13:21:50.737"
"ALB","168.850","1","168.980","1","7","168.50","a2119140-6ba7-4644-99df-9a0bf8f33a49","2021-04-30 13:21:50.737"
"ALB","168.850","1","168.980","1","7","168.50","4d5c4c46-ba6f-43e0-a7f7-b7f3a6a878ef","2021-04-30 13:21:50.737"
"ALB","168.850","1","168.980","2","7","168.50","a21f89ad-deac-4d6a-b3cc-b4151d593377","2021-04-30 13:21:50.737"
"ALB","168.860","1","168.980","1","7","168.50","51719609-828f-45ab-b207-de6cab9d0533","2021-04-30 13:21:50.737"
"ALB","168.860","1","168.980","1","7","168.50","7a82dd5a-d621-4599-afae-4a48d0d2dde9","2021-04-30 13:21:50.737"
"ALB","168.440","1","168.580","1","-7","168.58","70469c77-fa4a-4baa-860c-01011003360f","2021-04-30 13:23:33.996"
"ALB","168.440","1","168.580","1","-7","168.58","2158219b-6e97-4e6e-af62-25186f1876a1","2021-04-30 13:23:33.996"
"ALB","168.440","1","168.580","1","-7","168.58","eb458d04-0755-45c7-a2ad-fafdbaa47353","2021-04-30 13:23:33.996"
"ALB","168.440","1","168.580","1","-7","168.58","c4e2a2cd-673f-4104-8a8d-505927cf1e47","2021-04-30 13:23:33.996"
"ALB","168.440","1","168.580","1","-7","168.58","cc49b85f-b9d7-4e49-963a-28311d6c1bb8","2021-04-30 13:23:33.996"
"ALB","168.440","1","168.580","1","-7","168.58","7e5a5b31-22c8-4c1a-b890-7d409960645d","2021-04-30 13:23:33.996"
"ALB","168.450","3","168.580","1","-7","168.58","9875919b-8265-4c7e-9bfb-eb23f7f6eea9","2021-04-30 13:23:33.996"
"ALB","168.450","3","168.580","1","-7","168.58","642b0126-71d6-4e16-a422-ec1d5b420d76","2021-04-30 13:23:33.996"
"ALB","168.450","3","168.580","1","-7","168.58","1966f8ab-acbe-434f-9b65-0a8d89cfb01b","2021-04-30 13:23:33.996"
"ALB","168.460","2","168.630","1","-7","168.63","75d8648c-bf88-420f-8a09-4d1d86c30cfd","2021-04-30 13:23:45.827"
"ALB","168.460","2","168.630","1","-7","168.63","d29762be-676c-4c1e-b8cf-2d7dd502ea34","2021-04-30 13:23:45.827"
"ALB","168.530","1","168.630","1","-7","168.65","c5bd28c1-483a-424b-b593-ab6e23324cda","2021-04-30 13:23:51.735"
"ALB","168.590","1","168.710","4","7","168.51","9f26dfa5-d5bb-48ec-b96c-321c9c4662fc","2021-04-30 13:38:02.128"
"ALB","167.400","1","167.600","1","-7","167.60","8751eadb-05b9-4ef6-8805-63d9feb7ad60","2021-04-30 13:47:11.424"
"ALB","167.950","2","168.170","2","7","168.17","b8d21bdc-b5d5-4fb6-9e05-06db6bc96776","2021-04-30 13:56:10.006"
"ALB","167.650","1","167.830","3","-7","167.83","d68f6041-5f01-4fab-976c-5b96eef48621","2021-04-30 13:58:20.287"
"ALB","168.030","1","168.140","1","7","167.96","dbe151db-99b1-4b5a-afb1-27d844564092","2021-04-30 14:13:27.651"
"ALB","168.030","1","168.230","1","7","167.96","fc386181-c57f-440a-9870-6303b63fe500","2021-04-30 14:13:27.651"
"ALB","168.030","3","168.160","1","7","167.96","6fcc960e-d5af-4e40-90e4-334b0f27aed4","2021-04-30 14:13:27.651"
"ALB","168.090","1","168.200","1","-7","168.20","57fdd0d6-7f72-44ea-8a3b-eebc21d963fd","2021-04-30 14:14:14.088"
"ALB","167.990","1","168.170","2","-7","168.17","abf1571c-baf8-4b08-971c-240f93b141ea","2021-04-30 14:15:36.109"
"ALB","167.960","1","168.120","4","7","167.81","763a76d3-8c3c-4255-83ca-f5395ea85dc4","2021-04-30 14:17:51.164"
"ALB","167.870","2","167.970","2","-7","167.97","3238e506-2454-4ca9-a18f-858fb550472c","2021-04-30 14:20:31.920"
"ALB","167.840","1","167.980","1","-7","167.98","fa3e9a80-fe75-4657-96f0-abd604762363","2021-04-30 14:20:32.210"
"ALB","167.970","1","168.090","2","7","167.81","53ae7f51-ec29-432b-a911-0c1620444506","2021-04-30 14:31:31.089"
"ALB","167.940","1","168.070","1","-7","168.07","07897c21-7750-4283-8c9d-d462ca4393f1","2021-04-30 14:34:25.544"
"ALB","168.090","1","168.240","2","7","168.09","d72df4ce-a242-453f-98f6-878986c2aa4b","2021-04-30 14:46:11.369"
"ALB","168.200","1","168.310","1","7","168.05","4aada155-3401-488e-8ea5-bfc161bee606","2021-04-30 14:46:27.046"
"ALB","168.210","1","168.310","1","7","168.05","c7ef54a4-5d32-4a27-b170-81cfb2ed9cf7","2021-04-30 14:46:27.046"
"ALB","168.200","1","168.310","1","7","168.05","9361883c-e2f2-48f0-a2cb-7ae5254ec138","2021-04-30 14:46:27.046"
"ALB","168.090","1","168.220","1","-7","168.22","2d2a5bf2-02c7-4b38-a90c-a2502bc461f0","2021-04-30 14:48:21.396"
"ALB","168.090","1","168.220","1","-7","168.22","deffcbbb-770b-4426-bf51-3acf4d45cc81","2021-04-30 14:48:21.396"
"ALB","168.090","1","168.220","1","-7","168.22","7452b0cf-0238-43b0-afa5-8c9046880e52","2021-04-30 14:48:21.396"
"ALB","168.060","1","168.220","3","-7","168.22","c32ad98b-be64-46da-949e-a9bb04bc861a","2021-04-30 14:48:21.396"
"ALB","168.130","1","168.270","1","7","167.98","58133d62-5d8f-4bca-b1b0-05f9f6369a80","2021-04-30 15:01:44.454"
"ALB","168.210","1","168.280","1","7","167.98","25459779-caf8-4b6d-b718-2848ab9f1985","2021-04-30 15:01:44.454"
"ALB","168.110","1","168.270","1","7","167.98","a6ce1261-7873-4f01-8dbc-aafbae79f81c","2021-04-30 15:01:44.454"
"ALB","168.110","1","168.270","1","7","167.98","34b7e40b-5d0e-41e2-a179-c4db4d98b6c8","2021-04-30 15:01:44.454"
"ALB","168.130","2","168.280","3","7","167.98","0445bb1e-a5ea-43bf-95b8-b48c1682148d","2021-04-30 15:01:44.454"
"ALB","168.120","1","168.310","1","7","167.98","56addb6d-e21f-4418-8de6-3e6cd6da2a7f","2021-04-30 15:01:44.454"
"ALB","168.120","2","168.280","1","7","167.98","dc72317a-95a1-48c9-a1ba-ba321ad3a00b","2021-04-30 15:01:44.454"
"ALB","168.120","1","168.280","1","7","167.98","d46ff7fb-8aa6-4980-bcfb-6c0c437fa4b9","2021-04-30 15:01:44.454"
"ALB","168.010","1","168.100","2","-7","168.10","2bf232d8-f2c5-4004-8bc8-d4ddbe065b8c","2021-04-30 15:04:24.412"
"ALB","168.010","1","168.100","2","-7","168.10","47e5704b-0d24-41f4-8af6-2677c92f1229","2021-04-30 15:04:24.412"
"ALB","168.010","1","168.100","2","-7","168.10","c708d947-213e-403c-9dd8-3969979ae23d","2021-04-30 15:04:24.412"
"ALB","168.010","1","168.100","2","-7","168.10","e0e1dbba-034f-4c64-804d-beaf83d33dda","2021-04-30 15:04:24.412"
"ALB","168.040","1","168.110","1","-7","168.11","5dcf33c5-fb6b-4768-a827-a23f941f2160","2021-04-30 15:04:30.347"
"ALB","168.040","1","168.110","1","-7","168.11","d78f2d9c-2035-4ca8-825e-7c5fd9dd10a3","2021-04-30 15:04:30.347"
"ALB","168.080","1","168.160","1","-7","168.16","38203050-1f32-4f90-a18a-ae14e5130bc4","2021-04-30 15:04:40.559"
"ALB","168.080","1","168.150","1","-7","168.15","731f487c-752c-4b5b-aff9-938f0f88ff3d","2021-04-30 15:04:52.575"
"ALB","168.410","1","168.550","1","7","168.10","bcc73932-9ca2-4b5e-8940-f2e4e9612935","2021-04-30 15:15:34.436"
"ALB","168.340","1","168.450","1","7","168.10","2f29d949-c929-4760-8340-58326e3ebb52","2021-04-30 15:15:34.436"
"ALB","168.280","1","168.370","1","7","167.99","c2d25b96-7a1d-47f5-b548-bf90875b1478","2021-04-30 15:17:16.847"
"ALB","168.260","1","168.400","1","7","167.99","94d28450-9823-401d-83e6-7dff67f3b737","2021-04-30 15:17:16.847"
"ALB","168.260","1","168.400","1","7","167.99","cdd60b8b-0d99-4cb7-81d5-45c499dc7500","2021-04-30 15:17:16.847"
"ALB","168.340","1","168.450","1","7","167.99","2e06cb55-85af-4d6d-9e41-f787ac751414","2021-04-30 15:17:16.847"
"ALB","168.340","1","168.450","1","7","167.99","cdd512b4-4ab7-4760-8d12-9198ae22548a","2021-04-30 15:17:16.847"
"ALB","168.340","1","168.490","1","7","167.99","252c9b53-266d-4db1-82d8-49c4e2b4fc5f","2021-04-30 15:17:16.847"
"ALB","168.360","1","168.510","1","7","167.99","44f5b387-0d2e-475e-81a1-bbaf96d2675f","2021-04-30 15:17:16.847"
"ALB","167.920","1","168.010","1","-7","168.01","d4983a4f-98d0-4f05-b79b-f47918edccfc","2021-04-30 15:19:58.571"
"ALB","167.920","1","168.010","1","-7","168.01","f87197a5-6e84-4c0a-8123-2d605cafed85","2021-04-30 15:19:58.571"
"ALB","167.920","1","168.010","1","-7","168.01","0e7905f1-cc69-41ee-b6ca-bfabc37651ce","2021-04-30 15:19:58.571"
"ALB","167.920","1","168.010","1","-7","168.01","61dad3fd-baea-4f7e-81df-0fdabfe3741d","2021-04-30 15:19:58.571"
"ALB","167.920","1","168.010","1","-7","168.01","c657bda1-748a-4c76-bde4-24c0e3266b4b","2021-04-30 15:19:58.571"
"ALB","167.910","1","168.010","1","-7","168.01","386e500e-8a2b-4388-990a-d70eb678fc7a","2021-04-30 15:20:16.158"
"ALB","167.910","1","168.010","1","-7","168.01","3e283292-1cc3-4878-afed-df7f70d3e6a6","2021-04-30 15:20:16.158"
"ALB","167.910","1","168.010","1","-7","168.01","e7e9794c-449f-4ee2-b6a4-ff0a2e38713b","2021-04-30 15:20:16.158"
"ALB","167.990","1","168.080","1","-7","168.09","f234070b-85fe-4269-933b-6e19e5c41380","2021-04-30 15:20:27.397"
"ALC","75.660","2","75.720","2","15","75.54","6aa3816d-3d58-415f-8f2f-cc6ba1374bd1","2021-04-30 10:15:05.449"
"ALC","75.570","8","75.630","6","15","75.51","46f5f1bc-e088-48d8-bff7-d001785ea01e","2021-04-30 10:15:06.446"
"ALC","75.570","2","75.610","4","-15","75.61","80dc2108-97e6-4117-9a3a-eb32a18c0149","2021-04-30 10:18:05.096"
"ALC","75.570","2","75.600","5","-15","75.60","39988822-9c01-4e56-8eb7-059cb3734fc7","2021-04-30 10:18:35.698"
"ALC","75.620","1","75.660","3","15","75.59","a6a77b91-f1e0-4741-ab45-fc89bdf256f5","2021-04-30 10:26:02.638"
"ALC","75.620","2","75.660","3","15","75.59","130a8902-79d0-4a0e-afea-bf7b10aa3265","2021-04-30 10:26:02.638"
"ALC","75.620","2","75.660","3","15","75.59","45ea2f58-cadd-4811-9c2f-21da48080298","2021-04-30 10:26:02.638"
"ALC","75.620","3","75.660","3","15","75.59","df3e8d3f-dd3f-4f5a-a82a-a53d418dcf52","2021-04-30 10:26:02.638"
"ALC","75.620","3","75.660","3","15","75.59","608184b5-e652-4b28-a13f-48419e88ebed","2021-04-30 10:26:02.638"
"ALC","75.610","1","75.640","4","15","75.59","f7b0ebd3-0b5a-4f86-8fd7-517fc1f7953c","2021-04-30 10:26:02.638"
"ALC","75.610","3","75.660","8","-15","75.66","ce01adbe-62d0-4d2a-9ffe-40766205e826","2021-04-30 10:27:45.260"
"ALC","75.610","3","75.660","8","-15","75.66","65b38092-818d-4a3e-9110-f00e29e2a3ff","2021-04-30 10:27:45.260"
"ALC","75.640","5","75.700","1","-15","75.70","31b20217-b783-4246-8075-088006692cf1","2021-04-30 10:28:39.238"
"ALC","75.640","5","75.700","1","-15","75.70","4a923fe8-4704-4e37-b82d-d4a5d6970412","2021-04-30 10:28:39.238"
"ALC","75.600","1","75.660","12","-15","75.66","0f7d9a78-6f3d-493b-a1e7-29b9e8d7e58b","2021-04-30 10:35:19.011"
"ALC","75.600","1","75.660","12","-15","75.66","a430f323-1401-456b-90b8-f5d96d396e8d","2021-04-30 10:35:19.011"
"ALC","75.600","2","75.640","9","15","75.55","ad02fb3b-81f8-4eec-81d2-982b2af9ac3a","2021-04-30 10:38:25.161"
"ALC","75.600","2","75.640","9","15","75.55","12fb2cb5-f38e-46e0-bcf2-403a90f66a33","2021-04-30 10:38:25.161"
"ALC","75.600","3","75.640","8","15","75.55","a2a07ecb-b64a-4eb9-841d-8ed5fcfbd8b1","2021-04-30 10:38:25.161"
"ALC","75.500","1","75.560","7","-15","75.56","de7a266b-5388-4af3-b84c-b50f6723c426","2021-04-30 10:38:40.116"
"ALC","75.500","1","75.560","7","-15","75.56","936ace72-a9ab-4a1d-abf9-e19cf3e13b5f","2021-04-30 10:38:40.116"
"ALC","75.510","4","75.560","4","-15","75.56","ab51b57a-3edb-4d31-abd8-8f7e14810268","2021-04-30 10:38:55.778"
"ALC","75.590","4","75.630","4","15","75.48","8a86c119-2bec-44a7-a40c-4c6cb1f4c1b1","2021-04-30 10:43:34.347"
"ALC","75.640","2","75.680","4","15","75.48","c8cb5c4c-b88d-4e16-9878-7660218e983f","2021-04-30 10:43:34.347"
"ALC","75.520","1","75.580","4","-15","75.58","ff43c24a-7aaf-4c65-b7a5-6d08db25a504","2021-04-30 10:46:03.885"
"ALC","75.520","1","75.580","4","-15","75.58","e4e99ffd-f0ce-440c-9c10-75cb95375774","2021-04-30 10:46:03.885"
"ALC","75.560","1","75.590","4","15","75.59","6cd85be3-9ed9-46aa-b831-e3033e1fdf2a","2021-04-30 10:47:10.006"
"ALC","75.590","2","75.620","3","15","75.39","4893535e-27f7-4027-8c5f-7c468cffc8c5","2021-04-30 10:53:15.220"
"ALC","75.590","2","75.620","3","15","75.39","97ec023b-5847-49ec-9573-771b69b1035b","2021-04-30 10:53:15.220"
"ALC","75.570","7","75.620","7","15","75.39","f5aeddef-1d78-4839-b54e-e2878ebeed13","2021-04-30 10:53:15.220"
"ALC","75.440","2","75.460","5","-15","75.46","ff618262-74fe-42f1-a710-ee3d3928bdb1","2021-04-30 10:53:31.439"
"ALC","75.430","1","75.440","4","-15","75.44","4d33166e-fdba-4a85-a950-11c0dd67296a","2021-04-30 10:53:56.445"
"ALC","75.430","1","75.440","4","-15","75.44","dc8a4ed8-5dad-487b-863f-f59cbb73baa5","2021-04-30 10:53:56.445"
"ALC","75.380","2","75.420","4","-15","75.42","8b548f7b-2f4b-4518-acfb-d6ca69965687","2021-04-30 10:55:34.502"
"ALC","75.550","5","75.600","1","15","75.26","bd09a2bb-27f8-44e5-b79a-e305883c5504","2021-04-30 11:04:41.652"
"ALC","75.540","5","75.600","3","15","75.26","22d5b226-4057-410c-ac52-a13e2511be3f","2021-04-30 11:04:41.652"
"ALC","75.550","4","75.600","4","15","75.26","1f794ee4-5da8-4de3-a726-d684d514ee5a","2021-04-30 11:04:41.652"
"ALC","75.560","5","75.600","5","15","75.26","b847067f-8301-4d17-bac2-48b0944ec339","2021-04-30 11:04:41.652"
"ALC","75.560","5","75.600","4","15","75.26","52efef7c-3a2c-4564-aa35-39d17d8b3542","2021-04-30 11:04:41.652"
"ALC","75.560","5","75.600","4","15","75.26","bab29981-654f-4576-b2da-99903ddd9072","2021-04-30 11:04:41.652"
"ALC","75.560","3","75.600","4","15","75.26","55dcf974-a74b-42cf-b791-2dda7820de07","2021-04-30 11:04:41.652"
"ALC","75.560","6","75.600","4","15","75.26","99e36c24-f67d-4ded-9d9a-654ba361293a","2021-04-30 11:04:41.652"
"ALC","75.310","3","75.320","4","-15","75.33","84414479-7915-4504-9952-5bfdb287c3b1","2021-04-30 11:05:13.812"
"ALC","75.310","3","75.320","4","-15","75.33","32964e38-3516-42a8-8dda-59887154b9cb","2021-04-30 11:05:13.812"
"ALC","75.310","3","75.320","4","-15","75.33","fae540b5-72b2-4f5e-8b2c-57b4ecdc3d29","2021-04-30 11:05:13.812"
"ALC","75.310","3","75.320","4","-15","75.33","49207c02-187f-4f66-8166-72f01a287874","2021-04-30 11:05:13.812"
"ALC","75.290","3","75.310","4","-15","75.31","bee60433-d409-4d0b-8f06-dfd1209d50ae","2021-04-30 11:05:30.151"
"ALC","75.300","1","75.310","4","-15","75.31","7ba8cb3e-6a96-452c-bea7-6caedaea4cd0","2021-04-30 11:05:40.575"
"ALC","75.300","1","75.310","4","-15","75.31","d877be8f-4dd2-4a57-bf2a-4aba58a126d7","2021-04-30 11:05:40.575"
"ALC","75.300","3","75.320","3","-15","75.32","d75b1bb8-95f1-48ba-b5f9-5d88eb60ff0b","2021-04-30 11:06:11.626"
"ALC","75.330","7","75.380","6","15","75.24","d26fe5f9-3c2d-429c-9d85-2f8c246060e5","2021-04-30 11:28:00.720"
"ALC","75.110","2","75.190","1","-15","75.19","8a3bd503-60ef-47ab-b12f-778604a6b039","2021-04-30 11:32:30.671"
"ALC","75.480","1","75.590","2","15","75.40","57fe5594-5900-4987-ab37-e630ae6da95e","2021-04-30 11:59:10.811"
"ALC","75.490","1","75.590","2","15","75.40","096ad71b-1832-428f-b53d-07c81395d45e","2021-04-30 11:59:10.811"
"ALC","75.490","1","75.590","2","15","75.40","9dee8696-78b0-418c-b9e2-6d5c623675ee","2021-04-30 11:59:10.811"
"ALC","75.490","1","75.590","2","15","75.40","7e8698d9-ee97-4ecb-95f9-cbfc491e3897","2021-04-30 11:59:10.811"
"ALC","75.490","1","75.590","2","15","75.40","8d107852-ead5-4f0e-9569-c1f09d504bae","2021-04-30 11:59:10.811"
"ALC","75.490","6","75.590","2","15","75.40","4eb72dae-c421-40cb-896b-8c597750db80","2021-04-30 11:59:10.811"
"ALC","75.490","6","75.590","2","15","75.40","197101ee-8f1b-4896-828e-f51eb8fa2c35","2021-04-30 11:59:10.811"
"ALC","75.490","6","75.590","2","15","75.40","e52eb9e9-7d14-4ec4-b38e-da3c401ebb8a","2021-04-30 11:59:10.811"
"ALC","75.490","6","75.590","2","15","75.40","611c940e-e28c-4145-a369-d248a9c49bc0","2021-04-30 11:59:10.811"
"ALC","75.490","6","75.580","2","15","75.40","ab262ca3-7202-40e9-970f-8424173eede8","2021-04-30 11:59:10.811"
"ALC","75.500","2","75.580","2","15","75.40","dca41a89-f564-4752-98c9-699d45b2bb78","2021-04-30 11:59:10.811"
"ALC","75.440","4","75.550","2","-15","75.55","fdcc8d33-68e6-49fd-9159-ac850e2c1037","2021-04-30 12:03:24.967"
"ALC","75.440","4","75.550","2","-15","75.55","291c7dcb-1331-4c0c-9a91-699b59baee02","2021-04-30 12:03:24.967"
"ALC","75.440","4","75.550","2","-15","75.55","3179b86e-a680-40d0-9dc8-a27062de486e","2021-04-30 12:03:24.967"
"ALC","75.440","4","75.550","2","-15","75.55","8d03d24d-6b91-4b04-aa00-d8213edf535c","2021-04-30 12:03:24.967"
"ALC","75.440","4","75.550","2","-15","75.55","bf594209-a8fe-4619-a4b5-8557737927b9","2021-04-30 12:03:24.967"
"ALC","75.440","4","75.550","2","-15","75.55","b0470d75-2a37-4110-ba7e-9bbe6bb75ca1","2021-04-30 12:03:24.967"
"ALC","75.470","1","75.550","3","-15","75.55","0bca0565-897c-4a4e-85e7-3bf8a6ed3840","2021-04-30 12:03:33.585"
"ALC","75.470","1","75.550","3","-15","75.55","8b7bea28-815d-403b-ad1d-237d91521793","2021-04-30 12:03:33.585"
"ALC","75.470","1","75.550","3","-15","75.55","c4729866-25f1-43f5-a017-f47c9f1088c0","2021-04-30 12:03:33.585"
"ALC","75.470","3","75.580","2","-15","75.58","6e22e967-d089-488c-97a6-27a72746495a","2021-04-30 12:04:08.617"
"ALC","75.480","2","75.580","5","-15","75.58","a5e20c76-0716-4e1a-863e-e0e317d16a4f","2021-04-30 12:04:11.358"
"ALC","75.560","3","75.630","4","15","75.55","25fe181f-7fb0-457d-8b9a-9664b0aaedc1","2021-04-30 12:34:34.124"
"ALC","75.560","4","75.620","1","15","75.55","323cc651-0590-41a0-8000-0145e1275d62","2021-04-30 12:34:34.124"
"ALC","75.570","2","75.630","1","15","75.51","118c0989-cdf2-405d-8e00-b7d644f571a9","2021-04-30 12:36:10.756"
"ALC","75.570","1","75.630","1","15","75.51","a3737310-0820-4f70-8bd5-c1de1dbb9b78","2021-04-30 12:36:10.756"
"ALC","75.570","1","75.630","1","15","75.51","125286b9-c5b8-46e3-a27d-03f3c2faa15f","2021-04-30 12:36:10.756"
"ALC","75.600","2","75.660","4","15","75.51","f2466551-a98f-41fa-a12b-bf2eb08cd436","2021-04-30 12:36:10.756"
"ALC","75.600","4","75.640","5","15","75.51","39e00f9c-6f94-41a7-ba8f-6ff575447de3","2021-04-30 12:36:10.756"
"ALC","75.600","4","75.640","5","15","75.51","06ad7467-b82b-43d0-847c-d70f4caa092f","2021-04-30 12:36:10.756"
"ALC","75.500","1","75.530","2","-15","75.53","8abeea0a-3542-468f-b08e-22d15655a6ce","2021-04-30 12:37:52.989"
"ALC","75.500","1","75.530","2","-15","75.53","23e3b19e-64cb-4357-a20d-dc8d95b51cf2","2021-04-30 12:37:52.989"
"ALC","75.500","2","75.530","2","-15","75.53","df0ddc11-c9fc-4e33-93eb-6f455ae79343","2021-04-30 12:37:52.989"
"ALC","75.500","1","75.540","1","-15","75.54","a2a39939-2190-427a-b800-199106db8202","2021-04-30 12:37:53.346"
"ALC","75.500","1","75.540","1","-15","75.54","204974e7-176d-4ef6-82f3-d86b3bb1fde9","2021-04-30 12:37:53.346"
"ALC","75.500","1","75.540","1","-15","75.54","06f6c865-1907-4f5f-b3c8-a8c238263e98","2021-04-30 12:37:53.346"
"ALC","75.500","1","75.540","1","-15","75.54","193e6e96-dda6-4c3d-88b4-09e0f43f84c6","2021-04-30 12:37:53.346"
"ALC","75.520","3","75.540","2","-15","75.54","156352cb-873f-4ceb-bda3-917f2d8d8adc","2021-04-30 12:38:10.452"
"ALC","75.590","5","75.650","3","15","75.57","520fd6af-657c-489c-b7f8-966cc22791b8","2021-04-30 12:43:51.823"
"ALC","75.590","5","75.650","3","15","75.57","f7226e16-a95d-4432-9c1b-f265c1798b5e","2021-04-30 12:43:51.823"
"ALC","75.600","5","75.650","3","15","75.57","3b31e625-6e9f-44ee-8a1c-ed2796191ecc","2021-04-30 12:43:51.823"
"ALC","75.600","5","75.650","3","15","75.57","161742f1-18a5-42f5-b213-bbb7ef2d668f","2021-04-30 12:43:51.823"
"ALC","75.590","1","75.600","2","15","75.57","87579817-6195-4bdd-bff5-cb45cd9bde14","2021-04-30 12:43:51.823"
"ALC","75.610","2","75.650","1","-15","75.65","3846f93f-0431-4a43-8d9c-690384702925","2021-04-30 12:52:00.162"
"ALC","75.610","2","75.650","1","-15","75.65","dc0fcd33-3b54-4a19-8be9-0675791699cb","2021-04-30 12:52:00.162"
"ALC","75.610","3","75.650","1","-15","75.65","c1aea808-b1a0-4660-b5cd-dde0f61915e6","2021-04-30 12:52:46.154"
"ALC","75.610","4","75.650","1","-15","75.65","8b3a6ec6-496d-46ff-ab52-d84c64940138","2021-04-30 12:52:50.680"
"ALC","75.610","4","75.650","1","-15","75.65","0f11fab5-fdec-42b7-9ef8-1485c22963bb","2021-04-30 12:54:07.163"
"ALC","75.690","2","75.730","2","15","75.64","ae176041-3aad-4a33-96ad-405112ac4b74","2021-04-30 13:40:38.648"
"ALC","75.690","2","75.730","1","15","75.64","44bc64fc-93cc-411a-be43-e8967453e7e7","2021-04-30 13:40:38.648"
"ALC","75.690","2","75.730","1","15","75.64","09555f85-d4cb-4b4d-839b-63e3778ce8ec","2021-04-30 13:40:38.648"
"ALC","75.630","2","75.710","3","15","75.64","d3c2c785-2265-43f5-8c8c-ba5f0cb64b3a","2021-04-30 13:40:38.648"
"ALC","75.640","2","75.710","3","15","75.64","58dab722-6e67-4cfd-81d2-70f94b9bd872","2021-04-30 13:40:38.648"
"ALC","75.640","2","75.700","2","15","75.64","ada300c1-c231-4b3b-8eb1-51e79303015b","2021-04-30 13:40:38.648"
"ALC","75.690","1","75.730","2","15","75.60","e261fe26-0785-40f0-9b8a-d2c6fd81164d","2021-04-30 13:42:02.458"
"ALC","75.690","3","75.730","2","15","75.60","fbbb9f06-2413-443b-8dde-82fabf23782b","2021-04-30 13:42:02.458"
"ALC","75.600","4","75.660","2","-15","75.66","5f83cc86-b32c-414f-94af-1469ee355cdd","2021-04-30 13:42:30.104"
"ALC","75.600","4","75.660","2","-15","75.66","be605842-6cf9-4d0a-a386-a6141c30787d","2021-04-30 13:42:30.104"
"ALC","75.600","4","75.660","2","-15","75.66","b5245e01-6e05-47cf-80ef-29022de8d01e","2021-04-30 13:42:30.104"
"ALC","75.600","4","75.660","2","-15","75.66","a8de103f-7cec-4122-8c65-748d9f72e521","2021-04-30 13:42:30.104"
"ALC","75.600","4","75.660","2","-15","75.66","28fc765b-9fb9-45be-b528-47ed98a3d56d","2021-04-30 13:42:57.045"
"ALC","75.600","4","75.660","2","-15","75.66","a2a21570-3b31-4994-a608-02776c1b6bc0","2021-04-30 13:42:57.045"
"ALC","75.600","4","75.660","2","-15","75.66","1cf80f17-5311-42a7-886c-c35deaa485a3","2021-04-30 13:42:57.045"
"ALC","75.600","4","75.660","2","-15","75.66","9862b316-e255-49a9-8efd-35bbc165deb0","2021-04-30 13:43:15.658"
"ALC","75.710","1","75.750","2","15","75.58","71b9e39f-fd0a-4052-9c8b-32ba20b97f33","2021-04-30 13:48:59.237"
"ALC","75.510","12","75.580","3","-15","75.58","edf75fc8-ed33-4eb8-a1d9-3e66273ef544","2021-04-30 13:50:54.147"
"ALC","75.700","4","75.780","1","15","75.66","053762ca-c191-4489-ad52-7046dddd1ec3","2021-04-30 14:40:19.078"
"ALC","75.700","4","75.780","2","15","75.66","c8f0e861-9c46-4734-901c-6a3fa8dc6813","2021-04-30 14:40:19.078"
"ALC","75.700","4","75.780","4","15","75.66","a1e820da-a722-4ea0-8dd4-be9e920537b0","2021-04-30 14:40:19.078"
"ALC","75.690","3","75.750","4","15","75.66","f8eca615-20c6-4e6a-b483-092b09aacfa8","2021-04-30 14:40:19.078"
"ALC","75.660","4","75.740","1","-15","75.74","4bbc72c5-9f24-4969-9f15-e0b6bc81b6ca","2021-04-30 14:41:57.035"
"ALC","75.660","4","75.740","1","-15","75.74","2606eadb-23ea-4409-ba06-821044b4f320","2021-04-30 14:41:57.035"
"ALC","75.690","2","75.750","1","-15","75.75","ed37389c-293b-4604-ab7e-891ef9bededd","2021-04-30 14:42:27.362"
"ALC","75.690","2","75.750","1","-15","75.75","0e1f692a-9825-47eb-add5-147ae134a89d","2021-04-30 14:42:27.362"
"ALC","75.720","2","75.760","4","15","75.72","d29bae9e-ef89-4c5c-a4d4-3046a80c9bd6","2021-04-30 14:44:45.510"
"ALC","75.720","2","75.760","3","15","75.69","7f91eee6-b50d-4497-be13-038451bacb6c","2021-04-30 14:46:14.251"
"ALC","75.720","2","75.760","4","15","75.69","2199a105-a787-4a0e-9fd6-87c8f26ed953","2021-04-30 14:46:14.251"
"ALC","75.750","2","75.800","4","15","75.59","21870e1f-0e73-4286-b7ef-2f689e35b684","2021-04-30 14:52:11.629"
"ALC","75.750","1","75.800","4","15","75.59","8a18fe97-fe68-4bbc-956c-4b66df84a4c8","2021-04-30 14:52:11.629"
"ALC","75.740","1","75.790","1","15","75.59","00a005a2-9368-46f1-b195-4a3e36866dfd","2021-04-30 14:52:11.629"
"ALC","75.740","1","75.790","1","15","75.59","2aa563fe-82ad-4c70-b6de-17daa46aec08","2021-04-30 14:52:11.629"
"ALC","75.540","2","75.590","2","-15","75.59","819120e7-7813-4047-b9a3-5a867cd67091","2021-04-30 14:55:26.056"
"ALC","75.540","2","75.590","2","-15","75.59","57f7d270-01d7-4f3d-9070-27c67bada031","2021-04-30 14:55:26.056"
"ALC","75.540","2","75.590","2","-15","75.59","2d2a9bff-ef3f-4ed6-8522-e45d4d7b8ae5","2021-04-30 14:55:26.056"
"ALC","75.540","2","75.590","2","-15","75.59","20e028f7-368f-4084-ab9f-62ffecf72ce2","2021-04-30 14:55:26.056"
"ALC","75.570","2","75.590","1","-15","75.59","d178b2a7-b995-4cab-8a23-e43e6203a262","2021-04-30 14:55:42.034"
"ALC","75.570","2","75.590","1","-15","75.59","6c9f2239-3701-48bb-ba93-9b57f4adda0c","2021-04-30 14:55:42.034"
"ALC","75.570","2","75.590","1","-15","75.59","1df842b1-a6b2-421b-8c03-80eeb16dd404","2021-04-30 14:55:42.034"
"ALC","75.600","4","75.640","1","15","75.54","cccd2045-e31f-4693-a419-26aac65ef67a","2021-04-30 15:17:45.403"
"ALC","75.530","3","75.560","3","-15","75.56","41f6ebb2-9ca4-4454-afd2-a3f25076a28f","2021-04-30 15:20:25.561"
"ALC","75.640","4","75.680","3","15","75.54","03bcee3b-cd27-4879-b71b-26d19a35f38a","2021-04-30 15:28:55.965"
"ALC","75.640","4","75.680","3","15","75.54","2ce62438-cfba-45d7-aa9d-83fd8a7b920b","2021-04-30 15:28:55.965"
"ALC","75.630","1","75.670","4","15","75.51","734c4475-3401-42da-8a07-e9a584c856af","2021-04-30 15:33:41.489"
"ALC","75.610","1","75.660","4","15","75.51","9f72273b-83eb-4777-82e9-0b6d8a283702","2021-04-30 15:33:41.489"
"ALC","75.610","1","75.660","4","15","75.51","d296771e-8530-4662-b778-05d024340952","2021-04-30 15:33:41.489"
"ALC","75.410","4","75.440","3","-75","75.41","51e6a1d8-7ddc-4036-908d-e7712b6c7e26","2021-04-30 15:48:00.006"
"AEE","83.980","5","84.040","1","14","83.97","cfc0d0bb-2c74-4a0f-b718-48777fd6db86","2021-04-30 10:07:31.061"
"AEE","83.940","2","83.990","8","-14","83.99","6c314036-ec2b-4a38-81b2-e03e08706357","2021-04-30 10:14:54.641"
"AEE","84.220","2","84.250","4","14","84.21","19a88972-071d-4aae-a695-f8267124e408","2021-04-30 10:44:06.196"
"AEE","84.250","1","84.280","2","14","84.21","52e9ce7f-4a93-486b-9e1d-51e517353d8b","2021-04-30 10:44:06.196"
"AEE","84.240","1","84.270","1","14","84.21","e5225a45-a50b-4a3b-88ff-685033267a60","2021-04-30 10:44:06.196"
"AEE","84.220","1","84.260","3","14","84.21","03688dda-689a-4e1e-926d-df1867a382b1","2021-04-30 10:44:06.196"
"AEE","84.250","1","84.280","1","-14","84.28","0ec6d486-5c14-4f63-ad60-9f293e3f37c7","2021-04-30 10:44:52.012"
"AEE","84.250","1","84.280","1","-14","84.28","d8019ebe-cb1c-414e-9a06-5a0f42492bd0","2021-04-30 10:44:52.012"
"AEE","84.260","3","84.280","1","-14","84.28","173418fd-ec6c-4e07-af79-db28c2aa3a15","2021-04-30 10:49:02.177"
"AEE","84.260","2","84.280","2","-14","84.29","4ee3df14-9a09-40df-9b91-ce6f434b5a14","2021-04-30 10:50:14.600"
"AEE","84.620","1","84.680","3","14","84.58","b567bc21-1b07-4ce1-a173-2807168679b5","2021-04-30 11:25:28.729"
"AEE","84.590","3","84.620","1","14","84.58","2cdbf957-9b69-4b1e-a529-adf810ee6bed","2021-04-30 11:25:28.729"
"AEE","84.620","2","84.640","3","14","84.51","0cc0c051-f2c4-4e93-b041-1d841a8fd4a0","2021-04-30 11:29:29.002"
"AEE","84.620","1","84.640","3","14","84.51","7a75dbc3-a046-491d-b418-87f729ba3a91","2021-04-30 11:29:29.002"
"AEE","84.650","2","84.690","1","14","84.51","dbd7ece7-ec4d-412a-bed3-37f3bc0e7eb2","2021-04-30 11:29:29.002"
"AEE","84.610","4","84.650","3","14","84.49","fb5e117d-9092-4a37-9d1f-284c824cd5fc","2021-04-30 11:30:39.262"
"AEE","84.620","5","84.640","1","14","84.49","cdb2209a-8705-4178-8650-90880e728efd","2021-04-30 11:30:39.262"
"AEE","84.630","8","84.660","1","14","84.48","48829cd3-5f64-4805-982d-d5cdc7b753f1","2021-04-30 11:31:08.397"
"AEE","84.630","3","84.670","3","14","84.48","9b16bc95-0931-4551-95c5-8da4188811d5","2021-04-30 11:31:08.397"
"AEE","84.420","2","84.450","3","-14","84.45","6c5c234e-7e04-4362-9db2-3ae517b255c6","2021-04-30 11:32:39.954"
"AEE","84.420","2","84.450","3","-14","84.45","9f5df850-330c-46db-a38a-2e5465d14410","2021-04-30 11:32:39.954"
"AEE","84.420","2","84.450","3","-14","84.45","e8bd9cf3-f74b-44d6-82c9-bde6537e78ba","2021-04-30 11:32:39.954"
"AEE","84.420","2","84.450","3","-14","84.45","30285dca-1652-44f6-b484-48cb51fec8bb","2021-04-30 11:32:39.954"
"AEE","84.420","2","84.450","3","-14","84.45","1c66cab1-192a-4acb-a427-846e370ccb98","2021-04-30 11:32:39.954"
"AEE","84.580","5","84.600","2","14","84.41","19d8701e-d401-4a3f-871e-107a9419b93d","2021-04-30 11:32:56.013"
"AEE","84.610","3","84.650","3","14","84.41","e652806b-459a-42d0-a87c-40d6c5231308","2021-04-30 11:32:56.013"
"AEE","84.610","3","84.650","3","14","84.41","2a18c58e-a456-4c56-ac31-b2409db943b3","2021-04-30 11:32:56.013"
"AEE","84.610","3","84.650","3","14","84.41","47f1c907-8335-4b8e-9048-f0810e88c7f8","2021-04-30 11:32:56.013"
"AEE","84.610","3","84.650","3","14","84.41","65098bb3-630e-47d8-8a68-d4157f42c950","2021-04-30 11:32:56.013"
"AEE","84.580","1","84.600","3","14","84.38","62b105a4-3f6b-4002-b379-3c83ac1c5d11","2021-04-30 11:35:26.469"
"AEE","84.380","6","84.440","3","-14","84.44","57b25d7a-fcca-481c-a8d9-d7fd6dc9fd5b","2021-04-30 11:36:30.173"
"AEE","84.420","1","84.450","3","-14","84.45","5b50ef25-29d0-4015-9b84-559e3b1a38f5","2021-04-30 11:36:30.174"
"AEE","84.420","1","84.450","3","-14","84.45","30ba71d2-d351-4407-9dc2-c7495f2fefb9","2021-04-30 11:36:30.174"
"AEE","84.420","1","84.450","3","-14","84.45","2d5bbedc-1704-4d97-ad23-1126d87516b8","2021-04-30 11:36:30.174"
"AEE","84.460","2","84.490","1","-14","84.50","43ac3d2c-b65a-4298-8e60-f4dd35c2ab73","2021-04-30 11:37:06.387"
"AEE","84.460","2","84.490","1","-14","84.50","2b92c9f0-8fb6-4913-94b6-19228c03361b","2021-04-30 11:37:06.387"
"AEE","84.460","2","84.490","1","-14","84.50","722b3f59-4178-4442-8651-f15ab2e4adb7","2021-04-30 11:37:06.387"
"AEE","84.460","6","84.500","2","-14","84.50","66b7dfcc-eaa6-4976-b174-55a21badc568","2021-04-30 11:37:10.923"
"AEE","84.460","6","84.500","2","-14","84.50","2e4dd13e-da63-419e-86dd-ee0cc3adbd19","2021-04-30 11:37:10.923"
"AEE","84.460","1","84.490","6","-14","84.49","708ad4ca-fa9f-4688-b260-d1820ea73cb5","2021-04-30 11:40:06.747"
"AEE","84.500","3","84.520","3","14","84.52","7d3c5e89-1fb4-4346-9569-b308900ba2a5","2021-04-30 11:44:20.006"
"AEE","84.510","2","84.520","2","-14","84.52","9a4282e9-9dec-42a9-afeb-351a495b135b","2021-04-30 11:46:39.689"
"AEE","84.520","3","84.550","3","14","84.45","b0eb1fce-2565-47c9-a22a-75cf2c8f2d4a","2021-04-30 12:12:52.422"
"AEE","84.520","2","84.550","3","14","84.45","bb222bf2-a4b5-4e65-a759-24f12b6314ba","2021-04-30 12:12:52.422"
"AEE","84.500","2","84.530","3","14","84.45","b554c323-50a1-4408-b5ac-abed03474d4e","2021-04-30 12:12:52.422"
"AEE","84.500","2","84.540","3","14","84.45","7c337baa-4fd5-4fe6-82f7-4a2c5aedc220","2021-04-30 12:12:52.422"
"AEE","84.510","1","84.540","3","14","84.45","6eafc921-6115-40ce-9d06-2b6e44c3c0d8","2021-04-30 12:12:52.422"
"AEE","84.510","1","84.520","1","14","84.45","d553037c-bad7-4450-b7ea-2f19889a4c6e","2021-04-30 12:12:52.422"
"AEE","84.510","1","84.520","1","14","84.45","12726150-7baf-45ca-bf41-60a08ef76803","2021-04-30 12:12:52.422"
"AEE","84.490","1","84.510","3","-14","84.51","4a40cdcc-9b36-4802-9e93-b6ba09378263","2021-04-30 12:15:33.186"
"AEE","84.490","1","84.510","3","-14","84.51","5cfe1343-e4c1-47a7-9ae2-1550e6e241de","2021-04-30 12:15:33.186"
"AEE","84.490","2","84.510","1","-14","84.51","9b2854c5-6f0c-400e-bc09-3d9df5f31f84","2021-04-30 12:16:33.833"
"AEE","84.490","2","84.510","1","-14","84.51","5ba3fcba-3ed8-4046-aec2-188a6d57c24f","2021-04-30 12:16:33.833"
"AEE","84.490","1","84.510","2","-14","84.51","2c3982f8-4e26-4d7c-b589-35c80bb7b0ca","2021-04-30 12:16:56.036"
"AEE","84.490","1","84.500","2","-14","84.51","527a1ce9-363d-4a96-be7a-675e1bc41b9c","2021-04-30 12:17:24.094"
"AEE","84.490","1","84.500","2","-14","84.51","1f94f37f-59b4-42cd-8b01-328be5d60a83","2021-04-30 12:17:24.094"
"AEE","84.620","1","84.650","3","14","84.56","e35a3db9-8be7-4deb-b0ac-00c03c088d57","2021-04-30 12:48:43.671"
"AEE","84.640","2","84.670","3","14","84.56","34993a2d-2a5e-4178-9749-c2b6d838edd0","2021-04-30 12:48:43.671"
"AEE","84.610","1","84.640","2","14","84.56","deed6c73-9906-449c-a36b-e8bfdc5a0a88","2021-04-30 12:48:43.671"
"AEE","84.610","1","84.640","2","14","84.56","bed81c1d-9757-4767-a958-a9bddf3ba488","2021-04-30 12:48:43.671"
"AEE","84.580","3","84.610","1","14","84.56","45415852-e58f-4151-b295-b58a4fecd74b","2021-04-30 12:48:43.671"
"AEE","84.580","4","84.610","1","14","84.56","b81eaf72-07e2-46b8-8861-827ecf509895","2021-04-30 12:48:43.671"
"AEE","84.560","2","84.580","2","-14","84.58","aed29bd6-b155-45bb-8bf6-ee98440b0ccb","2021-04-30 12:49:45.805"
"AEE","84.560","2","84.580","2","-14","84.58","14e41db4-f512-4c8f-8327-46ca082cb35d","2021-04-30 12:49:45.805"
"AEE","84.560","2","84.580","2","-14","84.58","9cd71eed-de88-4f7f-8a2a-89ad32193b66","2021-04-30 12:49:45.805"
"AEE","84.610","1","84.640","2","14","84.55","28fac6ab-059c-4acb-b556-e1da59d5d8d2","2021-04-30 12:51:15.232"
"AEE","84.600","1","84.620","3","14","84.55","fdbaa3a4-cf0c-4834-8d91-316c9cb8e10c","2021-04-30 12:51:15.232"
"AEE","84.530","3","84.550","1","-14","84.55","15b8b79b-5310-4dd2-8ad7-525308378841","2021-04-30 12:54:24.389"
"AEE","84.530","4","84.570","2","-14","84.57","7a1d142f-a5e4-496f-994a-75ce031429d1","2021-04-30 12:55:04.680"
"AEE","84.530","4","84.570","2","-14","84.57","763e95c8-32f5-4e78-9162-c2adde83bc95","2021-04-30 12:55:04.680"
"AEE","84.530","4","84.570","2","-14","84.57","3c5df86e-a969-4bfe-9925-cee950d4c9eb","2021-04-30 12:55:04.680"
"AEE","84.530","4","84.570","2","-14","84.57","e1907dfc-690a-4832-b572-85f0433c7618","2021-04-30 12:55:04.680"
"AEE","84.590","2","84.620","3","14","84.50","7975b3e6-4b23-4fd1-bdc6-d770f87bea25","2021-04-30 12:59:21.321"
"AEE","84.460","1","84.470","4","-14","84.47","79e2162b-a06a-480e-8c77-a29bc5434b8b","2021-04-30 13:02:39.067"
"AEE","84.520","3","84.550","1","14","84.45","056b3aae-1fae-4ad5-93b6-51a711eee059","2021-04-30 14:06:47.027"
"AEE","84.510","2","84.550","3","14","84.45","4cfe9ec8-ebee-4862-98f0-5087f937e51b","2021-04-30 14:06:47.027"
"AEE","84.510","4","84.550","2","14","84.45","f1e49722-0684-4eff-bf65-68fc05630fb1","2021-04-30 14:06:47.027"
"AEE","84.510","4","84.550","2","14","84.45","31bab097-3067-49a5-96ad-1aa3eb9783cf","2021-04-30 14:06:47.027"
"AEE","84.530","2","84.560","2","14","84.45","c318bd40-7977-48db-bc00-d0641a674141","2021-04-30 14:06:47.027"
"AEE","84.540","1","84.560","1","14","84.45","afed526d-9a21-4a6b-a7a3-d6d66c28d1d9","2021-04-30 14:06:47.027"
"AEE","84.530","2","84.560","4","14","84.45","598cce72-584b-4d2f-bbad-cb2b8efa6d84","2021-04-30 14:06:47.027"
"AEE","84.530","1","84.550","3","14","84.45","750f8de2-d334-4cd4-bb26-d16ed0d6993d","2021-04-30 14:06:47.027"
"AEE","84.500","1","84.530","4","14","84.45","8558ba0e-5439-4509-81d8-65de40751852","2021-04-30 14:06:47.027"
"AEE","84.500","1","84.530","4","14","84.45","f7765c80-8431-487a-b844-20d483feadd7","2021-04-30 14:06:47.027"
"AEE","84.500","1","84.530","3","14","84.45","e777f5f7-57ce-462c-b175-287777c40c48","2021-04-30 14:06:47.027"
"AEE","84.470","1","84.480","2","-14","84.48","6e7e4293-ef1d-4bba-b901-98ac2186c78f","2021-04-30 14:08:07.199"
"AEE","84.470","1","84.480","2","-14","84.48","752ab550-79d9-42bb-a998-681922e6cbd8","2021-04-30 14:08:07.199"
"AEE","84.470","1","84.480","2","-14","84.48","878a0036-038f-40e2-81d2-6bb0114a43d9","2021-04-30 14:08:07.199"
"AEE","84.470","1","84.480","2","-14","84.48","6129f5d7-38a1-4639-800d-e82c58472a25","2021-04-30 14:08:07.199"
"AEE","84.470","1","84.480","2","-14","84.48","f0ea2d1a-df44-4567-9344-1725eb53948b","2021-04-30 14:08:07.199"
"AEE","84.470","1","84.480","2","-14","84.48","54b4aa8d-8c67-4371-a65e-a96f2dde6289","2021-04-30 14:08:07.199"
"AEE","84.470","3","84.480","1","-14","84.48","94dbf32b-2215-41ac-a3a6-2b739bee5355","2021-04-30 14:08:11.135"
"AEE","84.470","3","84.480","1","-14","84.48","b68b4b53-8f2f-4c6c-adf2-1f954e2bb9f6","2021-04-30 14:08:11.135"
"AEE","84.470","3","84.480","1","-14","84.48","8d61accc-b460-4219-a31e-c295042c55c6","2021-04-30 14:08:11.135"
"AEE","84.470","3","84.490","2","-14","84.49","fe4f7e03-edb5-42b2-be95-81c245a7a735","2021-04-30 14:08:21.662"
"AEE","84.470","2","84.490","2","-14","84.49","c2c07b14-aa78-4a64-8ace-2677974a9efb","2021-04-30 14:08:33.224"
"AGG","114.440","244","114.450","73","10","114.43","485a4e2a-f8fa-444f-b731-2be7ca32b60b","2021-04-30 10:57:31.985"
"AGG","114.450","160","114.460","221","10","114.43","6b422344-d5b8-4e6c-a449-4fbbd4dde3d2","2021-04-30 10:57:31.985"
"AGG","114.450","150","114.460","254","10","114.43","3668463f-a407-46a0-8a71-2ec514fca66b","2021-04-30 10:57:31.985"
"AGG","114.450","1","114.450","181","10","114.43","2f2a1fa6-2ccd-4c58-bde3-f8924c46c80e","2021-04-30 10:57:31.985"
"AGG","114.440","141","114.450","211","-10","114.45","0e3e24aa-1952-47a2-9886-c924c6d09b3e","2021-04-30 10:58:46.066"
"AGG","114.440","141","114.450","211","-10","114.45","3d4a30ab-3dc7-4743-9083-2332d179b88e","2021-04-30 10:58:46.066"
"AGG","114.440","65","114.450","203","-10","114.45","6ea15f91-98f7-4489-9dc4-6fa704d9552d","2021-04-30 10:58:54.475"
"AGG","114.430","109","114.440","287","-10","114.44","99e6fd50-92c0-4d81-93c6-653512e80edf","2021-04-30 10:59:38.288"
"AGG","114.470","147","114.480","76","10","114.44","3cd1c47d-aa8d-492c-8f6c-8bd05a0bd1b4","2021-04-30 11:15:09.124"
"AGG","114.470","189","114.480","179","10","114.44","54717fd2-c7e2-41ba-9cd4-7241d13d1769","2021-04-30 11:15:09.124"
