"Symbol","Bid","Bid Sz","Ask","Ask Sz","Shares","Price","Order ID","Timestamp"
"AA","70.820","20","70.850","1","169","70.69","593f3c08-8ab7-4b54-beb4-29dbfd6e7303","2022-02-10 10:12:20.967"
"AA","70.840","8","70.870","3","169","70.69","943b2d03-73c0-4c77-bf52-17a8030297e8","2022-02-10 10:12:20.967"
"AA","70.830","1","70.850","2","169","70.69","ef86af55-ca7d-4e0a-b3fd-0290d473667e","2022-02-10 10:12:20.967"
"AA","70.710","1","70.730","1","-169","70.73","cd6d2a57-8326-4810-8401-c387260b9421","2022-02-10 10:13:37.626"
"AA","70.290","2","70.300","2","-169","70.30","fd482bdf-e43e-4353-96d1-d3988e2c529e","2022-02-10 10:15:10.341"
"AA","70.260","1","70.270","3","-169","70.27","11c127bb-41d3-4122-b976-9b37ded4496b","2022-02-10 10:15:30.278"
"AA","70.510","2","70.540","1","169","70.54","41ba0441-0a4d-4eef-a2d8-ddda1993f173","2022-02-10 10:25:00.006"
"AA","70.560","2","70.600","4","-169","70.61","c88a6f61-6760-4d28-8931-58902b7a0d5e","2022-02-10 10:29:51.088"
"AA","71.230","2","71.250","1","169","70.96","f8a7254d-9fab-4816-b42a-d1439ce37746","2022-02-10 10:55:17.089"
"AA","71.200","2","71.210","1","169","70.96","2ab6f645-5321-4195-972a-94642aa693a8","2022-02-10 10:55:17.089"
"AA","71.140","3","71.200","10","-169","71.21","9f226e51-8770-4339-af1f-09ebde55819c","2022-02-10 10:55:44.962"
"AA","71.140","2","71.180","3","-169","71.18","9a394d71-8e19-41a1-a750-c2b382e6666f","2022-02-10 10:55:53.865"
"AA","73.470","2","73.520","2","163","73.32","bf7b19a0-66b4-44e7-b704-26334efdf6b5","2022-02-10 12:04:13.598"
"AA","73.420","3","73.450","1","163","73.32","41569f0b-a8e2-48fb-becc-e866c896c8a4","2022-02-10 12:04:13.598"
"AA","73.490","3","73.530","1","163","73.31","1bab0077-789a-4588-aabc-ce7c02f083a8","2022-02-10 12:04:14.157"
"AA","73.580","1","73.590","1","163","73.31","bb194506-ef38-4c77-bc5e-e7181ff13622","2022-02-10 12:04:14.157"
"AA","73.610","2","73.640","1","163","73.31","9e37926b-4d56-4219-82b2-0a9b24c055b3","2022-02-10 12:04:14.157"
"AA","73.530","1","73.580","5","163","73.31","fda8120a-62ae-48f1-becf-0aa3c71140fc","2022-02-10 12:04:14.157"
"AA","73.130","3","73.170","1","-163","73.17","638c614a-ccfe-4282-8200-37feb6b3d1ef","2022-02-10 12:04:54.648"
"AA","73.130","3","73.170","1","-163","73.17","046b56d3-5149-4245-b6c4-99d7420efa3a","2022-02-10 12:04:54.648"
"AA","73.130","3","73.170","1","-163","73.17","5ee38746-9d64-495c-84aa-dfd4ee7d7530","2022-02-10 12:04:54.648"
"AA","73.130","3","73.150","3","-163","73.15","36fdfb9c-75fd-442c-8415-3806bc71e946","2022-02-10 12:05:01.019"
"AA","73.130","3","73.150","3","-163","73.15","370b63df-397e-4039-8811-7c740df5273e","2022-02-10 12:05:01.019"
"AA","73.380","1","73.420","2","164","73.09","4d9dc9e2-4a45-43ea-a98e-13ea6a21817f","2022-02-10 12:05:05.393"
"AA","73.450","9","73.490","3","164","73.09","516b0f54-23b9-447e-820e-fc6ef55955b7","2022-02-10 12:05:05.393"
"AA","73.510","1","73.540","2","164","73.09","22f9ac3f-f404-4bec-8f86-90cebb111f65","2022-02-10 12:05:05.393"
"AA","73.410","2","73.450","1","164","73.09","592a3e0b-f3b9-4f55-a4ba-8e3d40bebcdd","2022-02-10 12:05:05.393"
"AA","73.360","1","73.400","2","164","73.09","1a413521-ba6c-4078-be34-51782be43869","2022-02-10 12:05:05.393"
"AA","73.100","1","73.140","1","-163","73.14","d8d5a47f-763c-412e-be24-25977d35933d","2022-02-10 12:05:13.020"
"AA","73.090","1","73.120","1","-164","73.12","461855fa-cb85-49c4-aabe-7299dada1176","2022-02-10 12:05:52.961"
"AA","73.090","1","73.120","1","-164","73.12","b88e247b-0cec-4369-892e-53d144816efb","2022-02-10 12:05:52.961"
"AA","73.120","2","73.150","1","-164","73.15","0ce44147-4405-4b9c-8719-5b95f052e9cc","2022-02-10 12:06:20.316"
"AA","73.280","4","73.320","4","-164","73.32","877ad256-9397-462b-a44d-198c9cca7708","2022-02-10 12:06:34.619"
"AA","73.330","3","73.380","2","-164","73.39","3bad515a-2132-40a1-a5ce-e44c4cbd6cbb","2022-02-10 12:06:42.015"
"AA","73.530","3","73.580","1","163","73.29","e555c5ae-e7ec-4ffa-8589-055b11c70bb0","2022-02-10 12:11:37.031"
"AA","73.320","2","73.350","3","-163","73.35","3d11d58f-dfac-42ea-ae57-d18b132b97f0","2022-02-10 12:14:00.187"
"AA","73.280","1","73.290","1","164","73.03","4d5a26b8-4b73-41f2-bd29-79b6bae54bd5","2022-02-10 12:24:05.868"
"AA","73.280","2","73.310","1","164","73.00","b964a303-ab25-4241-964d-b4d01e128d46","2022-02-10 12:24:10.772"
"AA","73.220","2","73.270","3","164","73.00","895f083d-37fb-4b55-b3bb-bc4506404b2e","2022-02-10 12:24:10.772"
"AA","72.800","7","72.840","1","-164","72.84","45b5be40-6ffe-476a-a67d-a8626ad19cae","2022-02-10 12:25:34.476"
"AA","72.800","7","72.840","1","-164","72.84","93a2d4af-b401-4204-a23d-27571e20a922","2022-02-10 12:25:34.476"
"AA","72.890","1","72.920","1","-164","72.92","d4eec30a-e15b-4fa7-b4db-1a988193ae5f","2022-02-10 12:25:40.795"
"AA","73.090","3","73.110","2","164","73.09","6d719ed6-f772-4881-9517-be154eda6d32","2022-02-10 12:36:04.187"
"AA","73.080","1","73.100","2","-164","73.10","5c3e75e2-5a33-4e77-a9d4-d0eb14bdd2be","2022-02-10 12:39:26.457"
"AA","72.870","1","72.880","1","165","72.63","b797c381-d8a7-4437-8785-d07c684277e5","2022-02-10 13:16:33.414"
"AA","72.570","1","72.600","3","-165","72.60","a5adc1ca-6110-4be3-a5ba-72af83e71120","2022-02-10 13:16:50.926"
"AA","72.910","3","72.940","1","165","72.45","9297edfe-979b-42e3-bded-69e08b4a110f","2022-02-10 13:17:22.623"
"AA","72.870","2","72.910","1","165","72.42","851c6112-60a5-4855-9301-1c8f5b179da0","2022-02-10 13:18:23.671"
"AA","72.970","4","73.030","1","165","72.42","03711545-6a0b-4854-ab2d-09aa2075c446","2022-02-10 13:18:23.671"
"AA","72.940","1","72.980","1","165","72.42","4d86d58f-de61-431d-8568-29f0258f8548","2022-02-10 13:18:23.671"
"AA","72.970","1","73.020","1","165","72.42","66a93b83-1d9b-45d0-9f3d-2cad6775589d","2022-02-10 13:18:23.671"
"AA","73.030","1","73.080","1","165","72.42","07f2d910-b1b0-4c32-8132-7ac0cb23d732","2022-02-10 13:18:23.671"
"AA","72.990","1","73.030","1","165","72.42","8fea9c04-7990-44ee-b49b-1aff0b72990c","2022-02-10 13:18:23.671"
"AA","72.970","2","73.010","1","165","72.42","bc205249-bca3-44cb-b573-ca61b01284f2","2022-02-10 13:18:23.671"
"AA","72.970","2","73.010","1","165","72.42","a0b9130c-cce9-4a4c-b48b-26ec9afc08d7","2022-02-10 13:18:23.671"
"AA","72.380","1","72.430","2","-165","72.43","b8fb69fd-5274-4f85-b677-f63d45af30ec","2022-02-10 13:18:46.863"
"AA","72.380","1","72.430","2","-165","72.43","152de8af-41df-4db6-95d6-89443197ffdf","2022-02-10 13:18:46.863"
"AA","72.380","1","72.430","2","-165","72.43","21fc6853-c209-4c92-ba82-262c6de03f51","2022-02-10 13:18:46.863"
"AA","72.380","1","72.430","2","-165","72.43","42843653-3402-4035-ae1f-91ce71cf6de4","2022-02-10 13:18:46.863"
"AA","72.380","1","72.430","2","-165","72.43","e6798545-f287-48dd-8a2f-fcf71ac4ba10","2022-02-10 13:18:46.863"
"AA","72.360","1","72.380","1","-165","72.38","26abbc41-0b15-42a0-8c91-e6424c8d4685","2022-02-10 13:19:08.576"
"AA","72.330","3","72.360","1","-165","72.36","892b9cb5-b4df-4b44-b856-4bf17f8c7f12","2022-02-10 13:19:26.833"
"AA","72.320","1","72.350","1","-165","72.35","a4777dc7-1330-4a47-aeff-47b01320a597","2022-02-10 13:19:35.552"
"AA","72.310","1","72.350","2","-165","72.35","c2368aec-b2ca-47c3-832f-2c5e44ae93e9","2022-02-10 13:19:49.260"
"AA","72.490","1","72.510","1","166","72.24","1ac3505e-d92a-4fbe-a538-d645e9427ef7","2022-02-10 13:55:28.421"
"AA","72.180","2","72.200","2","-166","72.20","14412766-f9e8-4aa2-ac52-2d07725faeed","2022-02-10 13:57:10.896"
"AA","72.400","4","72.440","1","166","72.11","67a9beb5-9252-44e0-9ee8-64da662dc21c","2022-02-10 14:01:17.943"
"AA","72.180","1","72.210","1","166","72.04","b527015b-6fe1-4d9b-bd88-61971409a62a","2022-02-10 14:01:27.739"
"AA","72.170","3","72.200","1","166","72.04","cea46ffd-d76c-421f-840e-1f8f946f5e6a","2022-02-10 14:01:27.739"
"AA","72.050","2","72.080","1","-166","72.08","27e98fab-14b3-4bd3-9e02-052e27a12fd2","2022-02-10 14:03:01.254"
"AA","72.360","1","72.390","14","166","71.98","6a8c3d48-01b6-41ff-ac11-92140ac4009a","2022-02-10 14:04:04.169"
"AA","72.340","1","72.370","4","166","71.97","8d459eac-fb40-477c-89d4-645beb9d7110","2022-02-10 14:04:09.231"
"AA","72.270","2","72.310","4","166","71.97","77772662-0d05-4025-84fc-45c8302ed621","2022-02-10 14:04:09.231"
"AA","71.790","4","71.820","5","-166","71.82","7b873cd4-e789-4661-a9fb-7b1efe3c89da","2022-02-10 14:05:30.435"
"AA","71.790","4","71.820","5","-166","71.82","f51eac6c-8d67-4792-a6ac-2bbca8d89e97","2022-02-10 14:05:30.435"
"AA","71.790","4","71.820","5","-166","71.82","e703a85c-0ee7-4ac3-a587-6e474192a31c","2022-02-10 14:05:30.435"
"AA","71.800","1","71.820","1","-166","71.82","3b259909-6e3c-4245-8d7b-99ec9006e488","2022-02-10 14:05:44.790"
"AA","71.810","1","71.830","1","-166","71.83","b4cadecf-d434-453b-9e8e-4dfb40751a30","2022-02-10 14:05:50.496"
"AA","71.640","1","71.660","5","167","71.55","4fc3e025-0953-44dd-87a5-8d05fcb25eb4","2022-02-10 14:44:16.631"
"AA","71.640","2","71.650","6","167","71.55","61355e53-65bf-4132-a618-2cd9f3c62fbb","2022-02-10 14:44:16.631"
"AA","71.660","1","71.680","1","167","71.53","7870c2ca-2622-49b5-872e-59314bf9de3c","2022-02-10 14:44:21.264"
"AA","71.640","1","71.650","1","167","71.53","35071af1-0413-4414-873a-8da807824708","2022-02-10 14:44:21.264"
"AA","71.650","2","71.690","6","167","71.53","2730bd71-a9eb-4c8c-a509-33c3b04993bb","2022-02-10 14:44:21.264"
"AA","71.640","1","71.660","1","167","71.53","39cfd13c-bd2d-45e8-b97f-427490907015","2022-02-10 14:44:21.264"
"AA","71.620","1","71.630","3","-167","71.63","3f1ed66b-8ee9-457e-b675-a3bd3db4ea15","2022-02-10 14:44:41.204"
"AA","71.620","1","71.630","3","-167","71.63","5710e8b7-2e66-4db0-834b-5272110b71dd","2022-02-10 14:44:41.204"
"AA","71.620","1","71.630","3","-167","71.63","10653831-53e6-44b6-929c-f7c184b1b8ae","2022-02-10 14:44:41.204"
"AA","71.540","1","71.570","12","-167","71.57","1ec03fa5-a935-4b08-9fe5-697ab03018f6","2022-02-10 14:45:01.016"
"AA","71.550","1","71.590","6","-167","71.59","11fc94f5-681f-499a-9535-4c39c7169c90","2022-02-10 14:45:04.597"
"AA","71.550","1","71.590","6","-167","71.59","fd24e8e6-af11-49d7-b26c-9031c1a1e00e","2022-02-10 14:45:04.597"
"AA","71.710","2","71.750","4","167","71.51","50f62002-2e11-4827-878b-3ce17ef140bc","2022-02-10 14:51:01.687"
"AA","71.730","3","71.780","1","167","71.51","2bfc0bb0-2cbb-4662-a95a-5dd9e1bf1d54","2022-02-10 14:51:01.687"
"AA","71.660","1","71.690","7","167","71.51","5ab6f3fb-f121-46b6-8424-020ab880fc93","2022-02-10 14:51:01.687"
"AA","71.640","1","71.640","10","167","71.50","d13a4ace-4855-4f94-86f7-f3ff281d8293","2022-02-10 14:51:01.700"
"AA","71.460","1","71.500","10","-167","71.50","88465b60-2b9b-4f11-a612-bd29401f8803","2022-02-10 14:51:22.680"
"AA","71.460","1","71.500","10","-167","71.50","ce24f94d-8c39-4d23-aebc-90bc36923105","2022-02-10 14:51:22.680"
"AA","71.420","1","71.450","3","-167","71.45","24b43f3e-e42b-4698-8107-217c5ff1d962","2022-02-10 14:51:30.613"
"AA","71.450","2","71.480","5","-167","71.48","13575427-a5d5-4e89-afbc-57e140bf96a4","2022-02-10 14:51:41.320"
"AA","71.580","1","71.590","1","167","71.45","1c064dbc-e72b-4de7-9880-67ad2152ea9f","2022-02-10 14:53:31.960"
"AA","71.510","2","71.530","1","167","71.45","58df4198-8bac-4391-8a56-1883a633d068","2022-02-10 14:53:31.960"
"AA","71.480","2","71.510","5","167","71.45","e8b102cc-84ec-47e4-87ab-d5b71c28a506","2022-02-10 14:53:31.960"
"AA","71.420","1","71.450","5","-167","71.45","36e6734b-026d-4324-b91f-f439fca384f6","2022-02-10 14:53:53.157"
"AA","71.420","1","71.450","5","-167","71.45","dd475e51-04c3-4518-83a1-4b788d82bd86","2022-02-10 14:53:53.157"
"AA","71.450","1","71.460","2","-167","71.46","42edc801-a5dd-4c2d-99bb-0e620c6e41d4","2022-02-10 14:54:01.090"
"AA","71.800","1","71.810","1","168","71.25","4fda9776-d108-44f3-9a99-01dd79431a3a","2022-02-10 15:02:05.063"
"AA","71.780","2","71.810","3","168","71.25","a4cdb67d-b22e-42c0-9bfa-34e8df355dd6","2022-02-10 15:02:05.063"
"AA","71.790","1","71.810","2","168","71.25","929c5811-9a71-42cf-9cf2-0d04b98daeaf","2022-02-10 15:02:05.063"
"AA","71.780","1","71.790","9","168","71.25","6ad466b9-a2a4-4b78-a3b9-79f9e25eeb23","2022-02-10 15:02:05.063"
"AA","71.780","1","71.790","8","168","71.25","4b862b69-09a7-49a3-b63d-33d3b8de43a7","2022-02-10 15:02:05.063"
"AA","71.710","2","71.740","1","168","71.25","9cf2e7e1-b5cb-4c4e-ac75-a4628ec3fb52","2022-02-10 15:02:05.063"
"AA","71.700","2","71.730","6","168","71.25","edc2f4c5-aabe-4932-8f5a-1f7b17054605","2022-02-10 15:02:05.063"
"AA","71.600","2","71.610","1","168","71.25","9c3dd24d-6896-4d75-b21e-be8cccee3912","2022-02-10 15:02:05.063"
"AA","71.590","1","71.620","4","168","71.25","fb83d446-75f7-4287-9243-6b53da4dec1e","2022-02-10 15:02:05.063"
"AA","71.640","2","71.660","1","168","71.25","73de595f-dd0c-4209-955b-9e67b2571acd","2022-02-10 15:02:05.063"
"AA","71.580","1","71.600","5","168","71.25","d450acfc-5436-4510-b779-fc8a44d31d61","2022-02-10 15:02:05.063"
"AA","71.160","2","71.200","4","-168","71.20","f42928c7-5680-4c82-becd-38ac2945a3a9","2022-02-10 15:02:43.309"
"AA","71.160","2","71.200","4","-168","71.20","2a0105d4-0ffb-4fff-acb8-f36a907c6820","2022-02-10 15:02:43.309"
"AA","71.160","2","71.200","4","-168","71.20","a7ed94f8-4974-4a9a-a5b0-718f723c7934","2022-02-10 15:02:43.309"
"AA","71.160","2","71.200","4","-168","71.20","4b02c10e-2130-4e91-bf76-92fb0462185a","2022-02-10 15:02:43.309"
"AA","71.220","2","71.240","1","-168","71.25","664bc42e-0a6c-46cf-964a-70a9856cef4b","2022-02-10 15:03:02.921"
"AA","71.240","2","71.250","1","-168","71.26","0e5bef1d-9362-455c-80c1-78e551706d5b","2022-02-10 15:03:14.247"
"AA","71.240","2","71.250","1","-168","71.26","204fa0b6-a7b2-4b89-9d54-fc1762cb9343","2022-02-10 15:03:14.247"
"AA","71.240","2","71.250","1","-168","71.26","d021b0d0-ef68-4ebb-b767-fe9021147dd0","2022-02-10 15:03:14.247"
"AA","71.250","1","71.270","10","-168","71.27","ec566d1e-3122-4747-b4a0-6a3d7bb51d2e","2022-02-10 15:03:33.139"
"AA","71.240","2","71.270","2","-168","71.27","46eb1145-3252-40e3-831c-5a01a4addced","2022-02-10 15:04:05.834"
"AA","71.320","3","71.340","1","-168","71.34","35ff9f42-b981-4e7d-9d4e-23a66fbfd9a7","2022-02-10 15:04:39.065"
"AA","71.300","3","71.330","5","167","71.33","a9246308-8c78-4bbb-811c-d99d2a7e62ff","2022-02-10 15:06:10.006"
"AA","71.470","1","71.480","1","-167","71.49","dd3097bc-66fa-4ab7-b8b6-a81b76b0529f","2022-02-10 15:07:00.109"
"AA","71.560","3","71.600","7","167","71.49","304460b9-4b73-4f78-b995-d7e479eb6665","2022-02-10 15:08:51.474"
"AA","71.580","1","71.600","1","-167","71.60","40b256ea-c4f9-4595-8a97-6e70c0120aa1","2022-02-10 15:09:31.221"
"AA","71.750","2","71.780","1","168","71.40","8d1844db-805b-4f9b-a8d5-b5551db4516e","2022-02-10 15:22:00.453"
"AA","71.400","1","71.430","3","-168","71.43","8f648875-7845-4b31-ad4f-257959d997f4","2022-02-10 15:22:46.503"
"AA","71.560","1","71.590","2","168","71.30","9b85ab58-7b1c-4283-98e7-cc63504b9dd4","2022-02-10 15:30:03.330"
"AA","71.590","3","71.620","3","168","71.29","1858e5f0-5922-4782-b6da-68c1d0d6d6ca","2022-02-10 15:30:04.818"
"AA","71.590","2","71.610","1","168","71.29","345706de-78b4-4cc2-a4bb-b50374307663","2022-02-10 15:30:04.818"
"AA","71.570","1","71.590","1","168","71.29","d845478e-8626-4661-bb49-4b34d361bcdd","2022-02-10 15:30:04.818"
"AA","71.550","2","71.570","1","168","71.29","80cede46-e5cb-4b03-bbd0-7f500e1806c8","2022-02-10 15:30:04.818"
"AA","71.560","1","71.580","1","168","71.29","c2217c31-24f0-4f1b-b527-630e1106cb54","2022-02-10 15:30:04.818"
"AA","71.500","1","71.530","2","168","71.22","0e7581d5-6333-4404-b14a-977ebf72aad1","2022-02-10 15:30:33.704"
"AA","71.470","1","71.510","2","168","71.22","de9f297a-eb23-48b6-a994-5432a096a9fc","2022-02-10 15:30:33.704"
"AA","71.460","2","71.500","5","168","71.22","a55a3889-b07c-400c-8eca-34843014755e","2022-02-10 15:30:33.704"
"AA","71.400","1","71.430","3","168","71.22","25a2b8af-ce49-49ae-83c5-b12e46a58641","2022-02-10 15:30:33.704"
"AA","71.410","3","71.430","1","168","71.22","ae7207dd-b621-487e-bb91-3e3b00d5b795","2022-02-10 15:30:33.704"
"AA","70.730","2","70.750","1","-1,848","70.73","fcfa249f-88ad-47ad-b877-612d1895e975","2022-02-10 15:48:00.006"
"AG","10.960","10","10.970","24","1,102","10.89","fd0d29c8-fb7b-422b-9be5-621e863a6e14","2022-02-10 10:15:15.514"
"AG","10.960","1","10.960","14","1,102","10.89","b6aec8e0-382e-4fb1-a6ad-ccb8a00e6852","2022-02-10 10:15:15.514"
"AG","10.950","28","10.960","2","1,102","10.89","359f9a02-c08d-447f-b419-7647c9c85eca","2022-02-10 10:15:15.514"
"AG","10.950","35","10.960","2","1,102","10.89","b19c6803-bb2c-4278-ad07-5c4ba78d454c","2022-02-10 10:15:15.514"
"AG","10.960","46","10.970","16","1,102","10.88","9c1f8f24-efeb-4ef4-abd5-618ff6b01d45","2022-02-10 10:15:23.244"
"AG","10.950","35","10.960","2","1,102","10.88","4198365d-c3ec-4beb-b943-c72cd601d378","2022-02-10 10:15:23.244"
"AG","10.880","15","10.890","7","-1,102","10.89","60c0b26e-5235-4750-8838-57340d3e7ffe","2022-02-10 10:15:31.566"
"AG","10.880","15","10.890","7","-1,102","10.89","d10abcec-ea17-4391-a3d4-6a889860c713","2022-02-10 10:15:31.566"
"AG","10.880","13","10.890","26","-1,102","10.89","39f271c4-ab77-43d6-8e43-ed3861d08867","2022-02-10 10:15:53.203"
"AG","10.880","13","10.890","26","-1,102","10.89","14641d15-53aa-481d-bf3e-5af97f810e1f","2022-02-10 10:15:53.203"
"AG","10.880","14","10.890","21","-1,102","10.89","c1f91398-7548-4bf7-bd8e-4592cb5b4652","2022-02-10 10:15:53.203"
"AG","10.880","16","10.890","21","-1,102","10.89","2139780d-f691-4f02-9c21-166f91f225cd","2022-02-10 10:16:01.023"
"AG","10.850","24","10.860","3","1,107","10.84","43a8e830-1239-471b-83fa-b96731193565","2022-02-10 10:24:48.445"
"AG","10.860","14","10.870","19","1,107","10.84","74d6104f-b1e9-470d-bf82-1d1e19356dc0","2022-02-10 10:24:48.445"
"AG","10.870","10","10.880","18","1,107","10.84","1547ca2a-40e5-4ebb-8577-c29050910675","2022-02-10 10:24:48.445"
"AG","10.860","1","10.870","30","1,107","10.84","47c73273-2efd-428c-8531-186c5266a986","2022-02-10 10:24:48.445"
"AG","10.820","21","10.830","25","-1,107","10.83","7c5d1e54-9c38-4085-b96f-e211050d1e15","2022-02-10 10:25:20.572"
"AG","10.830","24","10.840","10","-1,107","10.84","1fa34374-e807-4adc-9ff3-44e22512c191","2022-02-10 10:25:31.765"
"AG","10.830","24","10.840","10","-1,107","10.84","c3474e09-3f38-41d2-b297-12d22a0123d4","2022-02-10 10:25:31.765"
"AG","10.830","13","10.840","22","-1,107","10.84","8543c129-f81c-4524-91e8-d26fa324a274","2022-02-10 10:25:31.765"
"AG","10.880","13","10.890","23","1,101","10.89","4c26db79-2040-4f4b-b676-93e56316310b","2022-02-10 10:31:10.006"
"AG","10.880","35","10.890","3","-1,101","10.89","9ca26e57-7de5-41c1-8ba6-436dd13fc39c","2022-02-10 10:31:30.407"
"AG","11.000","24","11.010","10","1,094","10.97","a4709903-308f-4df4-a672-189634fc83ec","2022-02-10 10:55:12.718"
"AG","11.000","8","11.010","23","1,094","10.97","160e6e17-2039-4d3d-b03c-4ded264407de","2022-02-10 10:55:12.718"
"AG","10.960","30","10.970","5","-1,094","10.97","10e9f11a-2fdf-4e95-af45-65edb692af75","2022-02-10 10:55:33.027"
"AG","10.970","14","10.980","23","-1,094","10.98","01d83727-f53e-4a28-8642-d03b702b397c","2022-02-10 10:55:40.592"
"AG","11.100","29","11.110","21","1,086","11.04","6d00ced6-fcf6-4ecb-a39c-25f51d5767f9","2022-02-10 11:36:10.692"
"AG","11.080","31","11.090","14","1,088","11.03","ee94cd0d-9898-469a-911a-c9a722a752bc","2022-02-10 11:36:17.235"
"AG","11.080","8","11.090","31","1,088","11.03","e8894444-b804-4a31-8604-5b8307e34de0","2022-02-10 11:36:17.235"
"AG","11.080","9","11.090","44","1,088","11.03","ed9b732b-61b2-4c68-842b-8b9a5b1efd69","2022-02-10 11:36:17.235"
"AG","11.070","35","11.080","7","1,088","11.03","4708c459-bee6-4c32-9e96-6f63bb1e2f8a","2022-02-10 11:36:17.235"
"AG","11.050","8","11.060","58","1,087","11.03","e59c4acd-683a-4833-8143-959431c6b944","2022-02-10 11:36:17.235"
"AG","11.060","16","11.070","47","1,088","11.03","2dbceedc-f7b7-4dc3-9f98-f3b7a70201bb","2022-02-10 11:36:17.235"
"AG","11.050","32","11.060","41","1,088","11.03","f4958d81-9172-4504-836c-48bab6c2479f","2022-02-10 11:36:17.235"
"AG","11.030","16","11.040","20","-1,087","11.04","53d1b2d1-6232-4847-9895-c694aac9ee4d","2022-02-10 11:38:07.465"
"AG","11.030","16","11.040","20","-1,088","11.04","7e472f18-edd1-4f37-98c9-d074ca79299e","2022-02-10 11:38:07.465"
"AG","11.030","16","11.040","20","-1,088","11.04","a354cff1-e7ab-4549-b0f7-1ac20206676c","2022-02-10 11:38:07.465"
"AG","11.030","16","11.040","20","-1,088","11.04","544b8ee0-4958-4843-ac32-b3ab2e267309","2022-02-10 11:38:07.465"
"AG","11.030","16","11.040","20","-1,086","11.04","7b45e68f-9225-4446-a56b-1fef583ae9be","2022-02-10 11:38:07.465"
"AG","11.030","16","11.040","20","-1,088","11.04","1e322329-7a4a-4d16-8fc6-096dee30dc74","2022-02-10 11:38:07.465"
"AG","11.030","16","11.040","20","-1,088","11.04","d9f3290b-ad9f-4355-ab94-d398f246ac64","2022-02-10 11:38:07.465"
"AG","11.040","32","11.050","37","-1,088","11.05","4d997be5-c6ab-472f-a17a-f6803e567e50","2022-02-10 11:38:58.664"
"AG","11.070","44","11.080","42","1,087","11.04","67b2c111-44c3-4651-9aa8-41ec4c322a3c","2022-02-10 12:04:46.000"
"AG","11.080","22","11.080","8","1,087","11.04","e973566f-fb22-4514-a2a6-da59f3ec36e7","2022-02-10 12:04:46.000"
"AG","11.080","22","11.080","8","1,087","11.04","ff295db4-9e53-4809-84c9-3c7c2053e252","2022-02-10 12:04:46.000"
"AG","11.080","22","11.080","8","1,087","11.04","a17c4ef6-5149-439a-8356-b1a90eab22ba","2022-02-10 12:04:46.000"
"AG","11.080","22","11.080","8","1,087","11.04","4fb76731-f85a-460c-8cda-2bfc821d32d7","2022-02-10 12:04:46.000"
"AG","11.030","25","11.040","16","-1,087","11.04","4d49965c-5ca8-47f5-9f1c-b291a43f59c1","2022-02-10 12:05:26.121"
"AG","11.030","12","11.040","37","-1,087","11.04","5c33377e-9c5a-48e5-aeed-4d80e23b71e0","2022-02-10 12:05:56.145"
"AG","11.030","12","11.040","37","-1,087","11.04","5add79c8-d815-4af4-a37c-1ee050a14242","2022-02-10 12:05:56.145"
"AG","11.030","30","11.040","11","-1,087","11.04","790a995d-9bfe-4450-868f-267ad1cbba55","2022-02-10 12:07:02.651"
"AG","11.030","30","11.040","11","-1,087","11.04","fa7b5460-3bcd-4ab4-8f42-82818532252d","2022-02-10 12:07:02.651"
"AG","11.050","14","11.060","30","1,082","11.06","66ffc933-d1f2-42b8-b67b-c72171aa877a","2022-02-10 12:15:10.006"
"AG","11.040","16","11.050","24","-1,082","11.05","0980bdea-2288-4bf1-8946-fbdd3dcfad91","2022-02-10 12:16:54.546"
"AG","11.070","21","11.080","25","1,087","11.03","86972e08-e118-41a3-8f71-e181100f8514","2022-02-10 12:25:12.791"
"AG","11.040","30","11.050","23","-1,087","11.05","3f422cc9-1b70-49fc-a1f6-24047eee98a4","2022-02-10 12:25:32.922"
"AG","11.060","10","11.070","47","1,087","11.03","bb428bc5-600a-46b1-bb23-69eb83b08691","2022-02-10 12:32:27.350"
"AG","11.060","24","11.070","44","1,087","11.03","5721a16b-c4e6-46c6-b290-12c4b14c81b3","2022-02-10 12:32:27.350"
"AG","11.060","26","11.070","22","1,087","11.03","82ea3759-c0a8-43f1-834d-10d0d35d45c6","2022-02-10 12:32:27.350"
"AG","11.060","12","11.070","39","1,087","11.03","cb6eb136-a4ce-428f-9725-0185e38a0208","2022-02-10 12:32:27.350"
"AG","11.060","12","11.070","39","1,087","11.03","3dba57eb-e490-4990-b07f-78721f102657","2022-02-10 12:32:27.350"
"AG","11.060","27","11.070","26","1,087","11.03","e173d5e4-b615-4c85-95e2-7ae6407bdc90","2022-02-10 12:32:27.350"
"AG","11.060","25","11.070","43","1,087","11.03","396f82d6-0975-493b-aa58-afd98121a43f","2022-02-10 12:32:27.350"
"AG","11.060","30","11.070","13","1,087","11.03","6aeaeb0b-b921-4093-9604-e43d33f6a6a8","2022-02-10 12:32:27.350"
"AG","11.060","30","11.070","13","1,087","11.03","2a9166bb-a95a-409b-bb20-cbe0a28eb114","2022-02-10 12:32:27.350"
"AG","11.020","20","11.030","61","-1,087","11.03","a830ae54-f4cf-47ad-b59d-56564f8eb8ee","2022-02-10 12:33:13.863"
"AG","11.020","20","11.030","61","-1,087","11.03","87200091-a000-40f5-8ad2-2bf9c061ae7a","2022-02-10 12:33:13.863"
"AG","11.020","20","11.030","61","-1,087","11.03","835065e0-150c-4a85-a08a-ac3716e67201","2022-02-10 12:33:13.863"
"AG","11.020","20","11.030","61","-1,087","11.03","900ee48d-366e-4bd3-9f88-17d2461a118a","2022-02-10 12:33:13.863"
"AG","11.020","20","11.030","61","-1,087","11.03","b656ea82-d88d-4813-ba6b-2a7dc60c098a","2022-02-10 12:33:13.863"
"AG","11.020","12","11.030","74","-1,087","11.03","d4d7b0d5-2d90-4688-898a-289be45dc5fa","2022-02-10 12:33:13.863"
"AG","11.020","12","11.030","74","-1,087","11.03","54842fc4-eae5-457d-9f14-4e3eba5f2336","2022-02-10 12:33:13.863"
"AG","11.020","13","11.030","69","-1,087","11.03","5374303a-da8d-46be-914b-d0030c715856","2022-02-10 12:33:13.863"
"AG","11.020","13","11.030","69","-1,087","11.03","0d3509ca-49b9-4a6e-8f3c-01c9cfb7624c","2022-02-10 12:33:13.863"
"AG","10.920","36","10.930","25","1,103","10.88","6d973f9e-032a-4b20-a277-c8a24eb4060b","2022-02-10 13:17:09.842"
"AG","10.870","33","10.880","22","-1,103","10.88","794d42fd-7301-4d6d-a3f7-e3c1c1a809f9","2022-02-10 13:17:24.119"
"AG","10.960","13","10.970","36","1,106","10.85","e3e90c98-565d-44f6-ae2c-6fb7988dfb9f","2022-02-10 13:18:59.475"
"AG","10.960","13","10.970","36","1,106","10.85","d43279ed-6adf-47ae-b641-5c5785f814ff","2022-02-10 13:18:59.475"
"AG","10.960","11","10.970","35","1,106","10.85","524e49db-9324-4158-b2b8-441bd8039f1a","2022-02-10 13:18:59.475"
"AG","10.960","30","10.970","15","1,106","10.85","da8d527c-e838-4daa-8ca8-225646b1d5da","2022-02-10 13:18:59.475"
"AG","10.960","11","10.970","32","1,106","10.85","9e8c772d-ac96-44f2-a095-5616134265e2","2022-02-10 13:18:59.475"
"AG","10.950","30","10.960","15","1,105","10.85","45b76b6f-192b-4491-93c7-b105f373075d","2022-02-10 13:18:59.475"
"AG","10.950","25","10.960","20","1,106","10.85","31d7ccb5-730d-4b83-9b2c-6aa7f6f4dce1","2022-02-10 13:18:59.475"
"AG","10.950","27","10.960","23","1,105","10.85","911c180c-0eca-4ea6-9faf-ca5fa485daf3","2022-02-10 13:18:59.475"
"AG","10.940","18","10.950","28","1,105","10.85","8d0f48b9-0c42-458f-8daa-f519ab6af205","2022-02-10 13:18:59.475"
"AG","10.940","39","10.950","7","1,106","10.85","a3002eed-e106-4b4a-95f5-7abcbda786af","2022-02-10 13:18:59.475"
"AG","10.940","40","10.950","1","1,106","10.85","ea7ec643-2427-4af2-9db5-47452a83960a","2022-02-10 13:18:59.475"
"AG","10.840","27","10.850","42","-1,106","10.85","9de6dcea-549f-4503-8718-3b54a91046b7","2022-02-10 13:19:17.849"
"AG","10.840","27","10.850","42","-1,106","10.85","2b7c7120-008d-4421-a820-3f30fd2c566b","2022-02-10 13:19:17.849"
"AG","10.840","27","10.850","42","-1,106","10.85","c08468fb-ab41-4cd3-aa20-28742715178f","2022-02-10 13:19:17.849"
"AG","10.840","27","10.850","42","-1,105","10.85","2ce9b113-be1b-4942-9ab0-1e64dce8e50b","2022-02-10 13:19:17.849"
"AG","10.840","27","10.850","42","-1,106","10.85","cc7f5cf0-d6ed-4276-acf9-0e91dceb6045","2022-02-10 13:19:17.849"
"AG","10.840","27","10.850","42","-1,106","10.85","026684d3-11ff-4b95-b8ce-539681f34c72","2022-02-10 13:19:17.849"
"AG","10.940","14","10.950","29","1,107","10.84","386f2b2c-3503-4c4b-a9c5-4970c1289848","2022-02-10 13:19:29.013"
"AG","10.950","21","10.960","24","1,107","10.84","4fb07e1c-7603-4877-a0c3-07697e67f942","2022-02-10 13:19:29.013"
"AG","10.830","26","10.840","22","-1,106","10.84","8539e608-acfd-4a1a-862a-4e361ae1cdb9","2022-02-10 13:19:32.781"
"AG","10.830","49","10.840","38","-1,106","10.84","ffee9472-ea82-470e-a995-f8ec4f3923ce","2022-02-10 13:19:46.893"
"AG","10.830","49","10.840","38","-1,107","10.84","bf2b66e3-a7e9-4a71-bebe-ac2438882a3c","2022-02-10 13:19:46.893"
"AG","10.830","49","10.840","38","-1,105","10.84","24ca76df-8292-4733-8b11-104d948c6658","2022-02-10 13:19:46.893"
"AG","10.830","42","10.840","6","-1,105","10.84","db293375-6dda-45e9-99b7-742b1fdd8a5b","2022-02-10 13:19:52.318"
"AG","10.830","42","10.840","6","-1,107","10.84","953a62dd-bc87-4960-8720-89ec08c12acc","2022-02-10 13:19:52.318"
"AG","10.830","27","10.840","19","-1,106","10.84","f620287b-a6c0-4b65-a79b-bd09403f8ee9","2022-02-10 13:20:02.948"
"AG","10.800","46","10.810","14","1,115","10.76","ab374754-be7d-42c2-8f8d-a60fe5adb0d9","2022-02-10 14:05:28.879"
"AG","10.800","33","10.810","5","1,115","10.76","5cba1e96-fe8f-49fc-855b-47110c23a8dc","2022-02-10 14:05:28.879"
"AG","10.810","23","10.820","4","1,115","10.76","5943360a-46c4-4d2f-9b6a-b8833a57fb3a","2022-02-10 14:05:28.879"
"AG","10.810","23","10.820","4","1,115","10.76","b6c75033-e70e-4da0-ab40-1f8e98eecd75","2022-02-10 14:05:28.879"
"AG","10.760","11","10.770","25","-1,115","10.77","b859a239-34e5-4d4d-ad0e-cd7e6d2dda23","2022-02-10 14:06:04.390"
"AG","10.760","11","10.770","25","-1,115","10.77","91d258f6-f429-4ab9-af08-112dc1e1a094","2022-02-10 14:06:04.390"
"AG","10.760","11","10.770","25","-1,115","10.77","7d60021a-77fc-4fb9-88eb-fd55aaea4bed","2022-02-10 14:06:04.390"
"AG","10.760","27","10.770","9","-1,115","10.77","a92b4c17-8118-4a7a-8776-804cc6e7e6bc","2022-02-10 14:06:16.773"
"AG","10.900","3","10.910","18","1,122","10.69","aae42c5d-c6ca-45fe-a323-ab645dc86b8e","2022-02-10 14:19:30.087"
"AG","10.890","3","10.900","14","1,122","10.69","ad1c62d4-42db-4560-963c-a426b53a792a","2022-02-10 14:19:30.087"
"AG","10.890","5","10.900","10","1,122","10.69","f42dd26e-ddce-4c35-be62-20a62b2b9d4a","2022-02-10 14:19:30.087"
"AG","10.890","18","10.890","1","1,122","10.69","1755c203-46ce-40fb-8da9-e5476c04121c","2022-02-10 14:19:30.087"
"AG","10.710","24","10.720","17","-1,122","10.72","24a60fd7-2cff-46b0-a14c-6648db4a1dec","2022-02-10 14:20:36.737"
"AG","10.720","28","10.720","2","-1,122","10.72","15318565-b8cc-4830-9405-70e047307e66","2022-02-10 14:20:40.006"
"AG","10.720","28","10.720","2","-1,122","10.72","100821cb-cd0d-443d-97f6-2c8b8bc29587","2022-02-10 14:20:40.006"
"AG","10.720","28","10.720","2","-1,122","10.72","1d46747b-2d11-48e7-9b2f-d21dc3a32a99","2022-02-10 14:20:50.006"
"AG","10.740","27","10.750","28","1,114","10.75","599e89cf-7d1c-4b71-a913-c5a2d3b20208","2022-02-10 14:26:20.006"
"AG","10.760","28","10.770","19","-1,114","10.77","e30962d0-cda1-4359-b67e-89dd6a785f97","2022-02-10 14:38:03.514"
"AG","10.740","32","10.750","18","1,120","10.71","b3d57ea2-be5a-4ecb-98ae-0a117521c880","2022-02-10 14:42:15.007"
"AG","10.770","29","10.780","28","1,122","10.69","69686bf3-287a-46bd-840e-5fb4391dba2f","2022-02-10 14:43:13.097"
"AG","10.670","60","10.680","27","-1,120","10.68","695daf34-2587-4ea7-850b-d84c3fe0a5df","2022-02-10 14:44:47.969"
"AG","10.670","32","10.680","21","-1,122","10.68","53283194-c544-4e52-972c-2a2debc3858c","2022-02-10 14:45:34.439"
"AG","10.890","12","10.900","3","1,125","10.66","3cb4df15-a6cf-4310-bfc5-174eee367fbe","2022-02-10 14:49:30.681"
"AG","10.890","6","10.900","15","1,125","10.66","5cf4322c-5d70-44b9-9af3-de89b51b7882","2022-02-10 14:49:30.681"
"AG","10.890","10","10.900","14","1,125","10.66","86d49434-9120-4d48-aed0-ffb3d71eef12","2022-02-10 14:49:30.681"
"AG","10.890","1","10.890","22","1,125","10.66","7796ba08-59f9-4f93-8b14-0b452dd0cb25","2022-02-10 14:49:30.681"
"AG","10.640","41","10.650","21","-1,125","10.65","13cb7192-33c9-4ec3-9fd5-9194f12151ef","2022-02-10 14:52:00.985"
"AG","10.640","63","10.650","14","-1,125","10.65","ad4e78e3-5f2e-4b90-acab-e1fa7409bb52","2022-02-10 14:52:13.771"
"AG","10.640","63","10.650","14","-1,125","10.65","826262a5-c868-4ae7-b9d0-d6f110d37caf","2022-02-10 14:52:13.771"
"AG","10.640","48","10.650","11","-1,125","10.65","b5378e1d-5c52-420c-a715-f8d893b3a14b","2022-02-10 14:52:52.572"
"AG","10.920","1","10.930","18","1,130","10.62","6fb8d4a8-9b97-492c-9805-216f8dd0ce81","2022-02-10 14:56:32.504"
"AG","10.910","17","10.920","18","1,130","10.62","9cf9a99a-ac19-4634-b1cc-6495a8e55e1a","2022-02-10 14:56:32.504"
"AG","10.910","18","10.920","7","1,130","10.62","ab830439-0a14-4d98-bedd-2bb3fe913ea6","2022-02-10 14:56:32.504"
"AG","10.600","132","10.610","28","-1,130","10.61","fb4d8214-5b73-4cb5-9b0b-e1956680f47f","2022-02-10 14:57:25.218"
"AG","10.600","132","10.610","28","-1,130","10.61","13645315-a3da-4212-8764-01f357755cc5","2022-02-10 14:57:25.218"
"AG","10.600","115","10.610","17","-1,130","10.61","4d1fe8a6-3616-4d3f-9546-9f2292ba0198","2022-02-10 14:57:32.698"
"ABB","35.690","15","35.700","47","336","35.63","91835841-6886-4340-a2b2-436fe28fb45d","2022-02-10 10:51:22.322"
"ABB","35.690","7","35.700","52","336","35.63","d0a1b04f-f5d4-424a-9ba8-6d03ec0a51fa","2022-02-10 10:51:22.322"
"ABB","35.670","19","35.680","13","336","35.63","fc000f80-fe87-42ec-8a13-72e3b0a3e606","2022-02-10 10:51:22.322"
"ABB","35.650","14","35.660","16","336","35.63","c64ad086-a108-4ca9-9356-82eca81c6aae","2022-02-10 10:51:22.322"
"ABB","35.690","32","35.700","23","336","35.61","507f5dc2-3429-4820-8687-bf1ec04b7308","2022-02-10 10:51:59.767"
"ABB","35.710","79","35.720","4","336","35.61","023eacbb-0c84-42d4-99c4-2af2a8cfae13","2022-02-10 10:51:59.767"
"ABB","35.700","44","35.710","2","336","35.61","f3f385be-78fd-4aef-96eb-af5a1c9d079c","2022-02-10 10:51:59.767"
"ABB","35.700","5","35.710","30","336","35.61","31a025d9-abe8-4d81-8823-605472466665","2022-02-10 10:51:59.767"
"ABB","35.700","5","35.710","54","336","35.61","a2069090-5719-4c84-a278-6d413c76e159","2022-02-10 10:51:59.767"
"ABB","35.610","23","35.620","1","-336","35.63","c784baa1-d76e-45ef-8b39-f7d8303b0c82","2022-02-10 10:52:03.853"
"ABB","35.610","23","35.620","1","-336","35.63","7eea818e-6f82-4c5e-b0ca-e2fdcd9f5afb","2022-02-10 10:52:03.853"
"ABB","35.700","1","35.710","23","336","35.61","9dab974d-2585-4dd7-b300-a8a1ee9ad703","2022-02-10 10:52:24.654"
"ABB","35.600","26","35.610","9","-336","35.61","d9c8e411-5ed9-44bd-b9bd-067f857d0c12","2022-02-10 10:52:30.926"
"ABB","35.610","5","35.620","19","-336","35.62","0150890f-bcaf-43c7-b5cf-5838f30b4319","2022-02-10 10:52:31.164"
"ABB","35.610","5","35.620","19","-336","35.62","ccc3cf79-34f6-4a6d-a67a-97329d1e3fb1","2022-02-10 10:52:31.164"
"ABB","35.600","12","35.610","13","-336","35.61","77a22e88-fee8-4898-9616-ebe4ded71a3c","2022-02-10 10:53:55.917"
"ABB","35.600","12","35.610","13","-336","35.61","3eb4f6fc-860b-44f9-ba79-0de2bfdd1b24","2022-02-10 10:53:55.917"
"ABB","35.600","12","35.610","13","-336","35.61","25aa519d-e706-4814-9dab-943780b0fecd","2022-02-10 10:53:55.917"
"ABB","35.610","4","35.610","1","-336","35.61","16ab8bd6-b171-4438-a872-5d0b25f7a9b5","2022-02-10 10:54:10.006"
"ABB","35.600","15","35.610","15","-336","35.61","3be8acb6-c0f3-4ebb-817c-b87abeb92290","2022-02-10 10:55:06.721"
"ABB","35.620","18","35.630","25","337","35.53","848d5b35-81a4-4cb5-a0b2-590fbe9f20ff","2022-02-10 11:21:12.560"
"ABB","35.510","23","35.520","3","-337","35.52","f31338f8-020d-4514-a19c-a969a51195e8","2022-02-10 11:23:17.643"
"ABB","35.650","11","35.660","11","337","35.59","992f1964-e194-4513-8dde-cff70dcf13eb","2022-02-10 11:33:34.308"
"ABB","35.630","7","35.640","26","337","35.59","c0922546-c913-4453-9069-32f29586c2a7","2022-02-10 11:33:34.308"
"ABB","35.620","24","35.630","2","337","35.59","199e1aec-00d2-4201-bed4-e0482bd71536","2022-02-10 11:33:34.308"
"ABB","35.640","13","35.650","8","337","35.59","f8e71a55-3f56-4005-9217-ec311e5cd265","2022-02-10 11:33:34.308"
"ABB","35.640","13","35.650","17","337","35.59","3d083481-989d-4de8-b3ac-bbbd8e0e8bd9","2022-02-10 11:33:34.308"
"ABB","35.620","17","35.630","9","337","35.59","ebe6576b-8b36-40a9-94f5-456d921a1ca7","2022-02-10 11:33:34.308"
"ABB","35.600","12","35.610","10","-337","35.61","977694e5-73e2-4581-a235-67f87c94062a","2022-02-10 11:37:00.148"
"ABB","35.600","12","35.610","10","-337","35.61","ff9b6258-4b38-4427-95ea-b12c7b40eea4","2022-02-10 11:37:00.148"
"ABB","35.570","21","35.580","7","-337","35.58","7663d99a-e44d-4a11-8c9a-745e955beec5","2022-02-10 11:37:42.652"
"ABB","35.570","21","35.580","7","-337","35.58","5897a590-cfa8-434d-a4d7-ebe731068bf3","2022-02-10 11:37:42.652"
"ABB","35.580","20","35.590","12","-337","35.59","8f607580-5fa7-4f03-b556-3efbf18325d7","2022-02-10 11:37:54.642"
"ABB","35.580","24","35.590","3","-337","35.59","23b55ed2-d89b-4df7-bbce-d1a3c4687d03","2022-02-10 11:38:12.421"
"ABB","35.660","21","35.670","3","336","35.65","1ecb5d7e-b0d5-4709-96d7-8fd59561bb93","2022-02-10 12:13:06.444"
"ABB","35.660","21","35.670","3","336","35.65","65d4a4f0-1365-4462-94ef-d947744edfb9","2022-02-10 12:13:06.444"
"ABB","35.630","20","35.640","1","-336","35.64","8b0a2956-a952-4127-badc-9a81c1f0668b","2022-02-10 12:15:50.776"
"ABB","35.630","20","35.640","1","-336","35.64","461a0bcc-9f4b-4e4e-8fe0-6be44655ce7c","2022-02-10 12:15:50.776"
"ABB","35.660","24","35.670","12","336","35.65","31950352-1e83-4134-bc35-a453b66a827e","2022-02-10 12:26:29.755"
"ABB","35.660","18","35.670","14","336","35.65","31c73162-c7f9-4186-8deb-e1e721685b48","2022-02-10 12:26:29.755"
"ABB","35.670","22","35.680","7","336","35.65","b6dd69cd-7343-49f9-925c-8647d52b6868","2022-02-10 12:26:29.755"
"ABB","35.650","23","35.660","6","-336","35.66","ce945fbe-e87f-4087-8d11-265abba48e29","2022-02-10 12:30:05.496"
"ABB","35.650","23","35.660","6","-336","35.66","5a972100-b768-49aa-ac0d-d45d306654c9","2022-02-10 12:30:05.496"
"ABB","35.650","23","35.660","6","-336","35.66","cec9a9c1-2b53-4f79-909a-1968b15077ea","2022-02-10 12:30:05.496"
"ABB","35.660","18","35.670","14","336","35.64","370689b2-3670-4928-885d-0d0cbc7437f7","2022-02-10 12:33:54.188"
"ABB","35.670","22","35.680","7","336","35.64","7b26e491-5098-4bf5-892c-6ff612251bef","2022-02-10 12:33:54.188"
"ABB","35.670","22","35.680","7","336","35.64","35fbb50a-1df5-462f-ae17-a24f9fd890bd","2022-02-10 12:33:54.188"
"ABB","35.670","22","35.680","7","336","35.64","e37e5fa1-935f-41a4-bc9a-9faefc6ea19a","2022-02-10 12:33:54.188"
"ABB","35.680","30","35.690","7","336","35.64","96321e14-faac-46c8-83b6-85417f0c13b2","2022-02-10 12:33:54.188"
"ABB","35.680","10","35.690","13","336","35.64","e8ce6f18-d781-40e6-b83d-c52600221cfc","2022-02-10 12:33:54.188"
"ABB","35.680","8","35.690","16","336","35.64","0a283a07-5ed4-419d-9ae9-779cf411aac0","2022-02-10 12:33:54.188"
"ABB","35.680","11","35.690","16","336","35.64","b28dfd9a-6d3c-49ec-94aa-9b7cb19c4ad7","2022-02-10 12:33:54.188"
"ABB","35.660","19","35.670","13","336","35.64","fb6e9cf1-2338-45a7-a3fc-aeda52f233c1","2022-02-10 12:33:54.188"
"ABB","35.680","19","35.680","1","336","35.64","62f595cb-4e2f-4a9f-8230-aa078f4c86ba","2022-02-10 12:33:54.188"
"ABB","35.680","19","35.680","1","336","35.64","3cff9abb-646c-455e-a484-c06f89105352","2022-02-10 12:33:54.188"
"ABB","35.680","23","35.690","6","336","35.64","9f333b02-7dd1-4497-94ec-82df9db843ad","2022-02-10 12:33:54.188"
"ABB","35.670","1","35.680","20","336","35.64","bca95490-fb31-4364-8b96-f743aa0aeb97","2022-02-10 12:33:54.188"
"ABB","35.620","26","35.630","1","-336","35.63","833fc7b6-ac14-40f9-bf3b-b1c888d78faf","2022-02-10 12:35:00.182"
"ABB","35.620","26","35.630","1","-336","35.63","c9659e51-13ed-4317-a3d3-1bc89d857672","2022-02-10 12:35:00.182"
"ABB","35.620","26","35.630","1","-336","35.63","98db66e9-bf74-4ab0-889c-2fa552976492","2022-02-10 12:35:00.182"
"ABB","35.620","26","35.630","1","-336","35.63","8d99330e-c02f-4acd-85c3-be23826408a0","2022-02-10 12:35:00.182"
"ABB","35.620","26","35.630","1","-336","35.63","ad968fef-a9e1-40cb-a3a5-44b3b98c7317","2022-02-10 12:35:00.182"
"ABB","35.620","26","35.630","1","-336","35.63","2b63183b-59d0-4091-bd80-2d41dacd6916","2022-02-10 12:35:00.182"
"ABB","35.620","26","35.630","1","-336","35.63","41fc72c0-8fee-49c6-80cc-90d39a5dd508","2022-02-10 12:35:00.182"
"ABB","35.630","24","35.640","5","-336","35.64","1f6600ac-daab-401f-bd2a-0f07c669d4fd","2022-02-10 12:35:14.693"
"ABB","35.630","24","35.640","5","-336","35.64","80250706-4f5a-4472-af26-9ca45410d9e3","2022-02-10 12:35:14.693"
"ABB","35.630","24","35.640","5","-336","35.64","583c1d5d-732a-4ad3-ab06-0fc6b2af8314","2022-02-10 12:35:14.693"
"ABB","35.640","20","35.650","8","-336","35.65","df1101ae-17d6-46cd-bf37-e8d8f7c4eb60","2022-02-10 12:35:40.126"
"ABB","35.640","20","35.650","8","-336","35.65","ae94e9b6-a679-4607-a63c-01837a1a3431","2022-02-10 12:35:40.126"
"ABB","35.640","20","35.650","8","-336","35.65","96b599b2-cd46-4a9d-87cb-579b8411fd49","2022-02-10 12:35:40.126"
"ABB","35.670","13","35.680","12","336","35.66","0178860c-b014-4c42-afc2-ef0b4ab88f6c","2022-02-10 12:45:03.922"
"ABB","35.670","13","35.680","12","336","35.66","c5db089c-9b07-47cf-8e2e-9540edfce34c","2022-02-10 12:45:03.922"
"ABB","35.670","9","35.680","20","336","35.66","52df57bb-30c0-449e-9e07-61932872974f","2022-02-10 12:45:03.922"
"ABB","35.670","17","35.680","12","336","35.66","9baabd66-c918-49e1-938f-e65b70080409","2022-02-10 12:45:03.922"
"ABB","35.670","14","35.680","12","336","35.66","47d895af-2125-4864-a80a-ac8cf13b0c2b","2022-02-10 12:45:03.922"
"ABB","35.660","10","35.670","9","336","35.65","1387455e-c62e-4a0b-a416-45c919c25813","2022-02-10 12:45:04.173"
"ABB","35.670","15","35.680","12","336","35.65","80462ec1-10cd-4d38-a2d4-e1a53d5b924c","2022-02-10 12:45:04.173"
"ABB","35.660","16","35.670","14","336","35.64","df7b08b7-1ad1-48cc-8baa-6d710c6eee84","2022-02-10 12:45:04.375"
"ABB","35.660","9","35.670","13","336","35.64","41410593-5daa-48b0-96f5-cc57938d6f18","2022-02-10 12:45:04.375"
"ABB","35.560","3","35.570","23","-336","35.57","d32e435b-410e-4b24-9bac-14970625332f","2022-02-10 12:45:37.058"
"ABB","35.560","3","35.570","23","-336","35.57","65a75c85-ade9-4e7c-ae51-bce3d21241cf","2022-02-10 12:45:37.058"
"ABB","35.560","3","35.570","23","-336","35.57","aba67ef7-4720-4aee-8ec1-2841546a6296","2022-02-10 12:45:37.058"
"ABB","35.560","3","35.570","23","-336","35.57","16476fd3-348d-4711-890c-d0b7be50a640","2022-02-10 12:45:37.058"
"ABB","35.560","3","35.570","23","-336","35.57","f5dccf38-6d37-4977-889c-4dcdf9a2f2d6","2022-02-10 12:45:37.058"
"ABB","35.570","16","35.580","12","-336","35.58","45717f97-8d09-473d-9ad3-b88cd2ecbc86","2022-02-10 12:45:41.283"
"ABB","35.570","16","35.580","12","-336","35.58","f3ead2b0-6f5e-4a02-b2e2-56ec14274138","2022-02-10 12:45:41.283"
"ABB","35.560","16","35.570","21","-336","35.57","b930ae84-eb44-40fc-83b3-217c01a18027","2022-02-10 12:45:57.776"
"ABB","35.560","12","35.570","10","-336","35.57","68bb0307-8a3d-4bd0-a6f1-78f1577a8e90","2022-02-10 12:46:03.197"
"ABB","35.530","16","35.540","14","338","35.48","c4bb30ed-beed-490f-983a-6e6141e59468","2022-02-10 13:17:09.530"
"ABB","35.550","1","35.560","31","338","35.48","7f93fa91-52ee-43ba-9cbf-e823bcf50913","2022-02-10 13:17:09.530"
"ABB","35.540","22","35.550","3","338","35.48","bb5c65aa-078d-4566-ad86-332e49c74c17","2022-02-10 13:17:09.530"
"ABB","35.530","13","35.540","14","338","35.48","03752ca9-04d6-4c01-897f-4a7894442bba","2022-02-10 13:17:09.530"
"ABB","35.530","11","35.540","18","338","35.48","8fa30334-f7ca-462f-ad58-473f6f91d9fb","2022-02-10 13:17:09.530"
"ABB","35.530","11","35.540","18","338","35.48","67954b5d-8e3f-445c-9a0f-7753234c1f5b","2022-02-10 13:17:09.530"
"ABB","35.500","6","35.510","20","338","35.48","0d2d7966-2821-436d-9a1a-76cfe8d5feeb","2022-02-10 13:17:09.530"
"ABB","35.570","3","35.580","48","338","35.47","6d6adc00-418e-453c-a33c-7be54002f176","2022-02-10 13:17:12.049"
"ABB","35.550","13","35.560","15","338","35.47","4a5d7767-1e0f-4f74-b508-b212b476bc7f","2022-02-10 13:17:12.049"
"ABB","35.550","13","35.560","15","338","35.47","000e645d-4c30-4df5-bdb9-96958addef4e","2022-02-10 13:17:12.049"
"ABB","35.460","14","35.470","22","-338","35.47","2ff9e561-212a-4f3a-b7c3-63911503d335","2022-02-10 13:17:32.808"
"ABB","35.460","14","35.470","22","-338","35.47","3d8ecbfc-eed0-498e-bfee-021a335d10c9","2022-02-10 13:17:32.808"
"ABB","35.460","14","35.470","22","-338","35.47","dfeea075-d4df-44ec-98bf-7fe729c05fb7","2022-02-10 13:17:32.808"
"ABB","35.450","22","35.460","4","-338","35.46","1c69c0c1-fd83-4c75-b182-d870d50735b5","2022-02-10 13:17:50.991"
"ABB","35.450","22","35.460","4","-338","35.46","d5d50105-d4e4-4958-bab7-42a550ff3903","2022-02-10 13:17:50.991"
"ABB","35.460","26","35.470","6","-338","35.47","20f7266f-38d3-47ea-9618-8015257453d2","2022-02-10 13:18:02.769"
"ABB","35.450","20","35.460","9","-338","35.46","2163cb7f-900d-4d6d-a179-ed5d9be840ab","2022-02-10 13:18:10.613"
"ABB","35.450","20","35.460","9","-338","35.46","da369838-eb0b-4180-8159-ffdf374cb04d","2022-02-10 13:18:10.613"
"ABB","35.440","2","35.450","17","-338","35.45","ce1a8fb9-f650-4b46-b11f-817255e5343b","2022-02-10 13:18:46.674"
"ABB","35.430","3","35.440","18","-338","35.44","0e45c3ed-af87-437f-9975-53795eb6456b","2022-02-10 13:19:56.196"
"ABB","35.440","18","35.450","10","337","35.45","1fb59e26-016c-432b-bbbe-577832054f9f","2022-02-10 13:26:20.006"
"ABB","35.430","18","35.440","17","-337","35.44","b443a35e-5834-474c-a494-a521cee6e270","2022-02-10 13:26:52.818"
"ABB","35.420","12","35.430","2","339","35.36","352d15d0-f8dd-4df6-81a9-03434c3dfb94","2022-02-10 14:05:12.031"
"ABB","35.430","2","35.440","11","339","35.35","f1ad2a12-a1d0-405f-9c7a-6e5fc9377521","2022-02-10 14:05:30.026"
"ABB","35.430","7","35.440","10","339","35.35","a97cd75b-e370-4e7e-a448-d16485d8a7f1","2022-02-10 14:05:30.026"
"ABB","35.330","17","35.340","15","-339","35.34","2b9e6417-9bea-4c61-94c2-aa0fcbe71ec1","2022-02-10 14:05:50.668"
"ABB","35.330","16","35.340","8","-339","35.34","433172f9-23f4-4324-ba47-9c1ee9871a6c","2022-02-10 14:06:02.415"
"ABB","35.350","16","35.360","12","-339","35.36","af2cd464-3d51-4e6e-a9df-edb1f1c8fff2","2022-02-10 14:06:15.815"
"ABB","35.410","3","35.420","15","339","35.33","d0730056-21a1-4bb6-bda4-9a7f95a5742f","2022-02-10 14:11:54.117"
"ABB","35.400","12","35.410","2","339","35.30","83f40cfa-ebff-4493-9915-ae812b26a575","2022-02-10 14:14:15.537"
"ABB","35.400","12","35.410","2","339","35.30","e6ffb2d9-d1e6-4f88-b8d7-15390ca90db7","2022-02-10 14:14:15.537"
"ABB","35.400","12","35.410","2","339","35.30","6271d36f-7ace-46e2-a4eb-89ab7f34eda3","2022-02-10 14:14:15.537"
"ABB","35.290","15","35.300","23","-339","35.30","d6d87827-b5bb-4bce-b073-ddc68f229dd3","2022-02-10 14:14:37.865"
"ABB","35.470","39","35.480","2","340","35.25","7ad17084-cb51-4d4e-9ea9-683bcad22de7","2022-02-10 14:16:57.103"
"ABB","35.510","4","35.520","20","340","35.25","37b6c85c-74fa-4d7b-a4b2-ac810cf6d767","2022-02-10 14:16:57.103"
"ABB","35.510","4","35.520","20","340","35.25","af2857d0-c408-4db7-8e4a-719b65291d3b","2022-02-10 14:16:57.103"
"ABB","35.500","2","35.510","18","340","35.25","e3abe528-5aec-43a7-a3e4-ed214c1b7a72","2022-02-10 14:16:57.103"
"ABB","35.480","29","35.490","12","340","35.25","66087a19-f049-4cac-8428-ee4da8e7a568","2022-02-10 14:16:57.103"
"ABB","35.510","14","35.520","10","340","35.25","ae2f5f81-ed73-4b42-ae9f-812dcd7beafc","2022-02-10 14:16:57.103"
"ABB","35.500","21","35.510","1","340","35.25","6ce27796-da5f-4d3f-89bf-f950e805edf6","2022-02-10 14:16:57.103"
"ABB","35.500","41","35.510","6","340","35.25","dc2d7051-6cbd-493a-adc3-7f0c91f136b0","2022-02-10 14:16:57.103"
"ABB","35.260","36","35.270","3","-340","35.28","cb51276c-4c19-43ee-ac13-4fde25d0e0b9","2022-02-10 14:17:42.671"
"ABB","35.260","36","35.270","3","-340","35.28","ee85a106-f03a-485e-8dcc-2eba13ca4c7b","2022-02-10 14:17:42.671"
"ABB","35.260","36","35.270","3","-339","35.28","6a9d3b63-5ee5-427c-a70d-00c68b1f82dc","2022-02-10 14:17:42.671"
"ABB","35.260","36","35.270","3","-340","35.28","21437de9-2397-4cce-bda6-3a34ce90030a","2022-02-10 14:17:42.671"
"ABB","35.260","36","35.270","3","-339","35.28","acb9df18-ad23-4827-a859-f8d4d923fb1a","2022-02-10 14:17:42.671"
"ABB","35.260","36","35.270","3","-340","35.28","702f9f9c-85f5-401e-9b23-b44e1946d4fe","2022-02-10 14:17:42.671"
"ABB","35.260","1","35.260","18","-339","35.26","c10ec5e3-60fa-4015-b955-58e8eb0cfb75","2022-02-10 14:18:20.006"
"ABB","35.260","1","35.260","18","-340","35.26","d5bd634b-55f9-4bdc-be31-00739f40a09b","2022-02-10 14:18:20.006"
"ABB","35.490","1","35.500","17","340","35.24","bd251b50-ddf5-440b-b2b3-9ab57932c602","2022-02-10 14:18:59.643"
"ABB","35.500","33","35.510","15","340","35.24","80253c72-827f-4d60-90f1-c47f14ce3293","2022-02-10 14:18:59.643"
"ABB","35.490","4","35.500","14","340","35.24","250bf2f2-a835-45cc-b06a-8fdea55ac50f","2022-02-10 14:18:59.643"
"ABB","35.260","1","35.270","27","-340","35.27","ecbddecc-956b-4f39-902d-9ca2cc7ef08e","2022-02-10 14:20:23.537"
"ABB","35.260","1","35.270","27","-340","35.27","b392edd7-9741-4304-988a-14fa62cb854d","2022-02-10 14:20:23.537"
"ABB","35.260","1","35.270","27","-340","35.27","23313b6a-cd86-464d-ab32-6dda548d9071","2022-02-10 14:20:23.537"
"ABB","35.250","33","35.260","1","-340","35.27","f0655370-70d9-46e7-b5a8-14b935d5d337","2022-02-10 14:20:23.537"
"ABB","35.250","33","35.260","1","-340","35.27","e77db003-dba6-44bb-a6fa-52ffdff0f60b","2022-02-10 14:20:23.537"
"ABB","35.270","21","35.280","19","-340","35.28","b9a99110-fa3d-4972-a81b-3ace3b05cf82","2022-02-10 14:20:36.408"
"ABB","35.320","23","35.330","15","339","35.33","93d6c2df-bc4f-4446-b6df-18d28636e396","2022-02-10 14:26:10.006"
"ABB","35.360","2","35.370","43","-339","35.37","5893adf0-5115-470a-8a91-e9983404efc5","2022-02-10 14:35:01.297"
"ABB","35.370","2","35.380","23","339","35.32","042bf77b-0970-4ef5-a33d-aab54c231ef9","2022-02-10 14:49:46.056"
"ABB","35.380","5","35.390","22","339","35.32","0a18375f-a8a3-431f-89c5-867a13f80a57","2022-02-10 14:49:46.056"
"ABB","35.380","28","35.390","1","339","35.32","fdffcadb-b5a0-420d-bbd4-35747d620d00","2022-02-10 14:49:46.056"
"ABB","35.380","18","35.390","8","339","35.32","de1ffd81-0cd7-4a99-a15c-8cf3a6f3d0b4","2022-02-10 14:49:46.056"
"ABB","35.370","1","35.380","26","339","35.32","0a3d4804-a7ef-472f-a777-d84da56f4cb4","2022-02-10 14:49:46.056"
"ABB","35.360","16","35.370","12","339","35.32","c59841a9-deea-42ee-96c5-690f4ff76d54","2022-02-10 14:49:46.056"
"ABB","35.360","2","35.370","32","339","35.32","cf4d5342-3e2a-4bdd-8806-6cd17d7ff2a6","2022-02-10 14:49:46.056"
"ABB","35.310","14","35.320","15","-339","35.32","215afb0d-7b71-427b-b90a-5ceaffc49075","2022-02-10 14:50:07.692"
"ABB","35.310","14","35.320","15","-339","35.32","c03b31dc-6117-419c-a554-41c20608c7f5","2022-02-10 14:50:07.692"
"ABB","35.310","14","35.320","15","-339","35.32","751660f4-d15c-4048-b73f-5b22c81ab2d6","2022-02-10 14:50:07.692"
"ABB","35.310","14","35.320","15","-339","35.32","fb8158cc-ca5b-4e1f-ac42-18ab4d0c861f","2022-02-10 14:50:07.692"
"ABB","35.320","19","35.320","1","-339","35.32","8fafd3ef-213c-4642-987e-ae2d592bf8af","2022-02-10 14:50:20.006"
"ABB","35.310","14","35.320","19","-339","35.32","f47c9c84-892a-4932-80dd-bc7274f842ea","2022-02-10 14:50:31.661"
"ABB","35.360","30","35.370","3","339","35.30","cef8ae3a-add6-47b9-9fba-e340eb374d0e","2022-02-10 14:51:31.995"
"ABB","35.290","15","35.300","14","-339","35.30","81a6a935-2f0b-4bdf-a070-09b8694dd649","2022-02-10 14:51:58.654"
"ABB","35.290","23","35.300","1","-339","35.31","36579da8-6a52-4b6d-908e-28b3524a14c9","2022-02-10 14:52:01.005"
"ABB","35.370","10","35.380","16","340","35.27","da834bf3-3041-482c-ad0a-61c7d3814f55","2022-02-10 14:53:53.866"
"ABB","35.380","2","35.380","20","340","35.27","e2d91c62-232d-40d1-9e0e-668d95f2e64c","2022-02-10 14:53:53.866"
"ABB","35.400","14","35.410","14","340","35.26","230ffc32-a554-456c-8470-3d079fd75787","2022-02-10 14:53:58.105"
"ABB","35.370","15","35.380","12","340","35.26","e39e2814-0c6a-499e-a128-45f1e69b5915","2022-02-10 14:53:58.105"
"ABB","35.240","43","35.250","2","-340","35.25","b32efd55-2d43-4a7e-a27c-7445e91e7296","2022-02-10 14:54:40.176"
"ABB","35.250","16","35.260","9","-340","35.26","7f917784-3de2-4200-b619-d3abae56bb09","2022-02-10 14:54:43.966"
"ABB","35.250","16","35.260","9","-340","35.26","95b0b094-d7a3-4ca4-bd24-215a09bdce5c","2022-02-10 14:54:43.966"
"ABB","35.260","14","35.260","1","-340","35.26","ec597578-35ef-482e-b9f5-e374ee7884f6","2022-02-10 14:54:50.006"
"ABB","35.370","1","35.380","34","340","35.24","701b2c01-11b6-43d7-8b23-6b013f624dec","2022-02-10 14:59:12.584"
"ABB","35.350","13","35.360","13","340","35.24","7da88044-c292-4152-b986-21342f0aa73a","2022-02-10 14:59:12.584"
"ABB","35.340","4","35.350","18","340","35.24","b305ccf9-b3af-4695-a3e0-4869beb04da9","2022-02-10 14:59:12.584"
"ABB","35.340","4","35.350","18","340","35.24","3e1a755c-a7c4-4cb5-bb8a-653c214ef8ec","2022-02-10 14:59:12.584"
"ABB","35.330","18","35.340","8","340","35.24","b7511999-9999-4e7c-8c3f-2684339b1ab6","2022-02-10 14:59:12.584"
"ABB","35.340","23","35.350","2","340","35.24","ecfb7cc6-44d3-4154-b1c6-b6bd65e5025a","2022-02-10 14:59:12.584"
"ABB","35.370","9","35.380","16","340","35.24","862ec212-46bd-4ba8-8318-a2ad3d6c9a49","2022-02-10 14:59:12.584"
"ABB","35.370","5","35.380","23","340","35.24","22780701-575e-4ee5-9c03-6cf31ac03cb9","2022-02-10 14:59:12.584"
"ABB","35.380","6","35.390","22","340","35.24","10c8639b-b228-487a-a806-b5a35d78ed0d","2022-02-10 14:59:12.584"
"ABB","35.380","1","35.380","8","340","35.24","77248faa-a145-4dd2-9301-5f82f065784d","2022-02-10 14:59:12.584"
"ABB","35.370","14","35.380","10","340","35.24","a00d8875-b404-4da9-b3c0-47ed1da47686","2022-02-10 14:59:12.584"
"ABB","35.380","20","35.390","4","340","35.24","e305a95f-bc55-4a8d-bfa8-992d47f764dd","2022-02-10 14:59:12.584"
"ABB","35.380","1","35.380","5","340","35.24","0f2b67a6-2c25-4361-9b52-f4b1fab09abf","2022-02-10 14:59:12.584"
"ABB","35.370","8","35.380","16","340","35.24","5e1ce3f9-262b-4a1d-8279-41b2567b599c","2022-02-10 14:59:12.584"
"ABB","35.370","24","35.380","2","340","35.24","ae234be9-9e21-4ac6-84ac-372a4780e768","2022-02-10 14:59:12.584"
"ABB","35.370","14","35.380","17","340","35.24","ff4cf3a3-a5bb-4613-8adb-f1bd5ffe3e54","2022-02-10 14:59:12.584"
"ABB","35.370","14","35.380","17","340","35.24","d23db047-b92d-43f5-bcac-d66a8c959e54","2022-02-10 14:59:12.584"
"ABB","35.260","13","35.260","1","-340","35.26","d8f0648a-7612-4b5a-9a3c-61be2d6bdfc1","2022-02-10 15:00:00.006"
"ABB","35.260","13","35.260","1","-340","35.26","e18cd85c-ede2-4b2c-8987-fc7f2e400342","2022-02-10 15:00:00.006"
"ABB","35.260","13","35.260","1","-340","35.26","9c4085d2-c1db-48a9-ab76-06a01d8df3c4","2022-02-10 15:00:00.006"
"ABB","35.260","13","35.260","1","-340","35.26","2f289b3c-b239-489a-acc8-f15af75b8119","2022-02-10 15:00:00.006"
"ABB","35.260","13","35.260","1","-340","35.26","f5a27862-cbc9-4c13-83f6-c4614eb76e6c","2022-02-10 15:00:00.006"
"ABB","35.260","13","35.260","1","-340","35.26","31c8985b-3c36-4fa0-80cd-f45700d09e4e","2022-02-10 15:00:00.006"
"ABB","35.260","13","35.260","1","-340","35.26","f84d27f0-c8ac-47d6-a371-98a5cb4d8de3","2022-02-10 15:00:00.006"
"ABB","35.260","13","35.260","1","-340","35.26","92cb8b02-0435-4089-9568-07a8395a8ba0","2022-02-10 15:00:00.006"
"ABB","35.260","13","35.260","1","-340","35.26","f548a06a-00e4-45a5-8376-6c62972b5a3f","2022-02-10 15:00:00.006"
"ABB","35.240","15","35.250","14","-340","35.25","41c022eb-ed15-47be-8bb0-0ed3c527907c","2022-02-10 15:00:42.625"
"ABB","35.240","15","35.250","14","-340","35.25","4ebabea6-6fdd-4de5-a273-136262923447","2022-02-10 15:00:42.625"
"ABB","35.240","15","35.250","14","-340","35.25","ef248077-f8af-452c-b4b1-025ad870c8f6","2022-02-10 15:00:42.625"
"ABB","35.240","41","35.250","1","-340","35.25","17f28f2d-9189-498e-806e-7985e6993941","2022-02-10 15:01:13.217"
"ABB","35.240","41","35.250","1","-340","35.25","61d719ec-edf4-4a14-8f48-4643f10f4132","2022-02-10 15:01:13.217"
"ABB","35.240","41","35.250","1","-340","35.25","86db27a1-df30-433b-a678-04e43f07b2ca","2022-02-10 15:01:13.217"
"ABB","35.230","24","35.240","7","-340","35.24","eb5162c6-8366-4198-ac0f-cca2f8ed5b5d","2022-02-10 15:01:20.352"
"ABB","35.210","21","35.220","18","-340","35.22","370829fa-86d7-4b15-9956-fc5083c5ebc7","2022-02-10 15:02:08.628"
"ABB","35.280","15","35.290","14","339","35.29","410461a7-5e42-4993-b6f9-1c10f5185599","2022-02-10 15:05:00.006"
"ABB","35.330","8","35.340","18","-339","35.34","da2bbb20-0232-4072-b593-7aebeca7912c","2022-02-10 15:10:19.084"
"ABB","35.320","28","35.330","11","340","35.26","4f35a0b2-78cc-4f13-abf3-6cf430e29362","2022-02-10 15:22:56.817"
"ABB","35.320","17","35.330","6","340","35.26","23f29865-835b-468d-85b7-f63dcba512d0","2022-02-10 15:22:56.817"
"ABB","35.320","18","35.330","3","340","35.26","20a64221-e421-4fc5-811a-a361f916f735","2022-02-10 15:22:56.817"
"ABB","35.360","11","35.370","14","340","35.26","d45b4cbc-2d34-459d-a6a6-17734f230e76","2022-02-10 15:22:56.817"
"ABB","35.360","13","35.370","13","340","35.26","b919f22f-d6fb-4979-bcfd-947048c7410f","2022-02-10 15:22:56.817"
"ABB","35.370","15","35.380","21","340","35.26","cb88307e-a199-4c01-a162-f995159a2fcb","2022-02-10 15:22:56.817"
"ABB","35.380","1","35.390","42","340","35.26","ac3c8778-aaa8-4941-9b1f-d20cbf172b9f","2022-02-10 15:22:56.817"
"ABB","35.370","12","35.380","18","340","35.26","df633fe7-4f76-494b-b55c-0106265994f7","2022-02-10 15:22:56.817"
"ABB","35.370","23","35.380","16","340","35.26","8ae4d73e-10e2-41d8-9112-597bb3989701","2022-02-10 15:22:56.817"
"ABB","35.380","10","35.390","20","340","35.26","4846858d-96c8-4d44-b5da-16ae4efd40c6","2022-02-10 15:22:56.817"
"ABB","35.390","4","35.390","1","340","35.26","f858b4bd-2741-408b-9938-361131b0e156","2022-02-10 15:22:56.817"
"ABB","35.270","20","35.280","14","-340","35.28","4e2fe29e-26c4-4cb9-8bf5-7f01111d7e73","2022-02-10 15:23:35.782"
"ABB","35.270","20","35.280","14","-340","35.28","7068ac68-4206-4e1d-b258-0691cafda7dc","2022-02-10 15:23:35.782"
"ABB","35.270","20","35.280","14","-340","35.28","a2216e31-69f5-4abb-b62e-52581aa06e50","2022-02-10 15:23:35.782"
"ABB","35.270","20","35.280","14","-340","35.28","abd4ce3d-0510-455e-9854-5dd7fab2c82d","2022-02-10 15:23:35.782"
"ABB","35.260","18","35.270","13","-340","35.27","38a1c81b-531c-48d9-af03-b3233dcfcbf1","2022-02-10 15:23:50.011"
"ABB","35.260","18","35.270","13","-340","35.27","2bb1f5cf-fed1-4775-ad97-1fe821fa1988","2022-02-10 15:23:50.011"
"ABB","35.260","12","35.270","18","-340","35.27","61d7ab61-bfe7-46d6-9a74-686f27dc9d0e","2022-02-10 15:24:15.286"
"ABB","35.270","18","35.280","20","-340","35.28","3e738363-1902-4839-9dbc-49760e03f160","2022-02-10 15:24:22.309"
"ABB","35.270","18","35.280","20","-340","35.28","b9a781ef-0064-4bf7-9340-5ef7f2062c8d","2022-02-10 15:24:22.309"
"ABB","35.270","18","35.280","20","-340","35.28","ad4d8243-144b-433a-920e-8811d47cfd71","2022-02-10 15:24:22.309"
"ABB","35.270","18","35.280","20","-340","35.28","52fbd1b9-4ef5-4fe5-bef0-a9167efccdba","2022-02-10 15:24:22.309"
"ABB","35.320","2","35.320","8","340","35.21","73ae40b3-fc3e-4af6-ad7b-20bfdbe5323b","2022-02-10 15:33:10.887"
"ABB","35.300","17","35.310","27","340","35.21","cc03d775-435c-4181-b2bd-5a6177412fb0","2022-02-10 15:33:10.887"
"ABB","35.300","12","35.310","17","340","35.21","140c2c2d-a018-40e1-95da-7c6cec165513","2022-02-10 15:33:10.887"
"ABB","35.290","18","35.300","11","340","35.21","89b4eb47-c927-48c3-8b34-96609986558e","2022-02-10 15:33:10.887"
"ABB","35.300","34","35.310","5","340","35.21","99e88b2f-8b1c-4a11-8d7e-15315573879b","2022-02-10 15:33:10.887"
"ABB","35.300","26","35.310","8","340","35.21","304c15c8-4a76-459a-ab07-7522a0660cd4","2022-02-10 15:33:10.887"
"ABB","35.280","21","35.290","15","340","35.21","8c258721-f419-4895-b4b0-aa914c31d14c","2022-02-10 15:33:10.887"
"ABB","35.270","2","35.280","35","340","35.21","6af641e6-4172-41bc-951f-8907d170adb2","2022-02-10 15:33:10.887"
"ABB","35.260","16","35.270","21","340","35.21","6ee02016-7443-4ca8-ba43-a3b70549718e","2022-02-10 15:33:10.887"
"ABB","35.260","28","35.270","5","340","35.21","5f46e6a2-bf72-4cfd-b27d-17fc280ccaa0","2022-02-10 15:33:10.887"
"ABB","35.100","30","35.110","24","-3,400","35.10","4cab882e-8c0d-4d5b-9822-5cd1b0db5286","2022-02-10 15:48:00.006"
"ALB","241.170","1","241.580","1","49","241.58","38a0c65e-bb8c-4a1d-b404-2093f413d880","2022-02-10 10:30:10.006"
"ALB","241.910","1","242.270","1","-49","242.33","2bdbcfad-e485-47ce-8053-eb8c36063bd2","2022-02-10 10:35:00.626"
"ALB","242.390","2","242.640","1","49","241.85","3c059bae-c48c-4ccc-9459-4013ab0ef129","2022-02-10 10:55:33.514"
"ALB","242.470","2","242.770","2","49","241.85","45de4c62-a6cd-42e4-bba2-04704dd57de7","2022-02-10 10:55:33.514"
"ALB","242.330","2","242.900","1","49","241.85","3ac45441-23f1-48b2-a9c4-c6623ababfeb","2022-02-10 10:55:33.514"
"ALB","242.250","1","242.890","2","49","241.85","9318ca05-b5e6-47ad-95a7-5e16334acd57","2022-02-10 10:55:33.514"
"ALB","242.250","1","242.890","2","49","241.85","0f8afd4b-7fb5-40e3-a30a-12c2cac31177","2022-02-10 10:55:33.514"
"ALB","242.330","1","242.860","1","49","241.85","fee5a8dd-4cdd-496d-8ef4-ac1016fad396","2022-02-10 10:55:33.514"
"ALB","242.350","1","242.820","1","49","241.85","097678c8-d7b8-4e6f-84bc-7228e47c35b3","2022-02-10 10:55:33.514"
"ALB","242.350","1","242.860","1","49","241.85","a1323998-090a-479c-8875-8dddb312c9bb","2022-02-10 10:55:33.514"
"ALB","241.540","2","242.250","1","-49","242.25","fb7d29c0-d53e-499e-ad95-0a55ee902818","2022-02-10 10:56:42.941"
"ALB","242.940","2","243.510","2","49","241.33","8ecc692e-22c0-4576-8291-ee341ffacd79","2022-02-10 10:57:46.682"
"ALB","243.010","1","243.490","2","49","241.33","c2be5c46-d60a-42f5-894b-5a1f032baf02","2022-02-10 10:57:46.682"
"ALB","242.850","1","243.220","1","49","241.33","3273b11b-385c-43e2-9ccb-04dec761d1d2","2022-02-10 10:57:46.682"
"ALB","242.510","1","243.020","3","49","241.33","f211aacf-e698-4357-9b91-05c95691ff2e","2022-02-10 10:57:46.682"
"ALB","242.380","1","242.570","1","49","241.33","94414b05-ed63-4211-807b-2d978d98de87","2022-02-10 10:57:46.682"
"ALB","242.080","2","242.710","2","49","241.33","8a00dbe4-e37f-4b54-9405-48760896c874","2022-02-10 10:57:46.682"
"ALB","241.480","1","242.050","1","-49","242.06","4a4941ff-7535-49e7-bc1f-bba205fb7c5d","2022-02-10 10:58:50.005"
"ALB","241.530","1","242.060","2","-49","242.06","9859a663-dca7-43ba-a99d-02831639f446","2022-02-10 10:58:51.265"
"ALB","241.530","1","242.060","2","-49","242.06","568fadb4-d830-4233-9bf3-1b2c0c518442","2022-02-10 10:58:51.265"
"ALB","241.530","1","242.060","2","-49","242.06","1ba0f7b0-e0e0-48c3-8a3b-503f28cf8307","2022-02-10 10:58:51.265"
"ALB","241.530","1","242.060","2","-49","242.06","7172e414-6838-4a4a-a9bc-01a74ef89f5c","2022-02-10 10:58:51.265"
"ALB","241.530","1","242.060","2","-49","242.06","86ccaf1a-cb1f-49d5-ba7e-1d48c79b970e","2022-02-10 10:58:51.265"
"ALB","241.530","1","242.060","2","-49","242.06","14e565fc-6f93-4fff-bab2-6d615e288287","2022-02-10 10:58:51.265"
"ALB","241.820","1","242.300","2","-49","242.30","09c9b7a5-cca8-4909-8ae2-c9d55d49ce3f","2022-02-10 10:59:15.842"
"ALB","241.820","1","242.300","2","-49","242.30","b7a452b8-37de-42e8-8be4-eab6a5911a7d","2022-02-10 10:59:15.842"
"ALB","242.770","2","243.320","1","49","241.03","d2f9dc09-d00b-4014-80c2-e87d37b0f610","2022-02-10 11:00:21.953"
"ALB","242.880","1","243.290","1","49","241.03","16349795-a9dd-4e10-a236-d25f98ce9405","2022-02-10 11:00:21.953"
"ALB","242.890","1","243.540","2","49","241.03","0b3334c1-170c-4476-be7d-225c5499ff1b","2022-02-10 11:00:21.953"
"ALB","242.710","2","243.290","1","49","241.03","17d81751-6260-4dcb-9709-bfb3489be905","2022-02-10 11:00:21.953"
"ALB","240.850","2","241.510","1","-49","241.51","0bee7e70-5d16-43a7-8016-2133de079ef7","2022-02-10 11:01:15.042"
"ALB","240.850","2","241.510","1","-49","241.51","481b71a0-9afa-400b-a8df-9d24f765bb1f","2022-02-10 11:01:15.042"
"ALB","241.040","1","241.680","3","-49","241.68","169a5825-1002-4a7f-8047-80533a95592f","2022-02-10 11:01:15.042"
"ALB","241.040","1","241.680","3","-49","241.68","a14ea9bb-0811-4288-bb2d-bf993fbf90ad","2022-02-10 11:01:15.042"
"ALB","241.040","1","241.680","3","-49","241.68","4b962d9e-2786-46aa-b57f-dbc474ad4b4e","2022-02-10 11:01:15.042"
"ALB","241.040","1","241.680","3","-49","241.68","66f354e2-2a53-445b-b2a5-c3b2535cc420","2022-02-10 11:01:15.042"
"ALB","241.030","2","241.680","3","-49","241.68","0b02ffc3-a883-420f-abdf-e6b587055ba8","2022-02-10 11:01:15.042"
"ALB","242.230","2","242.700","2","-49","242.74","7e8e635d-6c04-4141-9abf-aae84079019e","2022-02-10 11:03:45.092"
"ALB","242.170","4","242.970","2","49","242.18","5ab34d6c-58ee-4b4f-a35b-a0ab98f660df","2022-02-10 11:10:45.110"
"ALB","242.170","3","242.970","2","49","242.18","f5ad0417-8267-4811-ad52-a51d9b2d440a","2022-02-10 11:10:45.110"
"ALB","242.540","1","242.910","1","-49","242.91","33b0eadd-fc91-409b-a931-15fd53a5bf80","2022-02-10 11:14:13.849"
"ALB","242.320","1","242.700","2","-49","242.70","8ae3832e-2fff-4246-a8c3-952315c6c080","2022-02-10 11:14:40.297"
"ALB","242.690","1","243.180","1","49","242.37","27ad805f-a260-4a7e-a336-dea32fb975f0","2022-02-10 11:25:17.636"
"ALB","242.680","3","243.180","1","49","242.37","06d0e8db-e931-4073-81ef-13539aa19990","2022-02-10 11:25:17.636"
"ALB","242.700","1","243.150","1","49","242.37","f0f7fb5e-0d57-4a49-8f90-d9d1b072e910","2022-02-10 11:25:17.636"
"ALB","242.510","2","242.960","1","-49","242.96","3286d8ff-a570-4516-b71b-953faae2d71b","2022-02-10 11:26:29.581"
"ALB","242.570","1","243.130","1","-49","243.13","cde0c884-85ec-4164-89d5-b7ab2c701e33","2022-02-10 11:27:51.021"
"ALB","242.350","2","242.800","1","-49","242.80","dd0c099d-79e0-49f8-a6ef-cafae607a6e2","2022-02-10 11:28:40.764"
"ALB","242.510","1","242.760","1","49","241.80","c65b81a9-f56f-412a-b895-dc2edff71d42","2022-02-10 11:32:31.017"
"ALB","242.110","2","242.730","1","49","241.74","494ed153-bb04-413f-8822-1d2877c5497b","2022-02-10 11:33:25.450"
"ALB","242.360","1","242.930","3","49","241.32","4732f753-fc01-4f58-a668-49ba34d78fd9","2022-02-10 11:33:43.557"
"ALB","242.380","2","242.990","1","49","241.32","fa99c18b-9988-4eb4-8601-e7797c61f329","2022-02-10 11:33:43.557"
"ALB","242.490","1","242.950","2","49","241.32","ee2ea195-8809-4015-b341-d2d3d1f3d7ee","2022-02-10 11:33:43.557"
"ALB","241.160","1","241.870","2","-49","241.91","7e8053f3-bcd9-4b92-9421-7b444127fb45","2022-02-10 11:36:02.648"
"ALB","241.160","1","241.950","1","-49","242.25","cdd240c2-9b5e-4ce5-94bb-f89330bdd0d1","2022-02-10 11:36:08.835"
"ALB","241.160","1","241.950","1","-49","242.25","1bf4e894-4ae7-4052-89aa-6a362c774a44","2022-02-10 11:36:08.835"
"ALB","241.160","1","241.950","1","-49","242.25","c8f9125e-117c-4014-84b8-6903234534eb","2022-02-10 11:36:08.835"
"ALB","241.160","1","241.930","2","-49","242.25","3222aca1-9361-4330-bd7d-b9914166a976","2022-02-10 11:36:08.835"
"ALB","241.860","1","242.270","2","49","242.15","2246a731-3556-47b3-bb73-c8c76c5e4035","2022-02-10 11:43:54.484"
"ALB","242.560","4","243.070","2","-49","243.34","87f59c9b-4d2a-4af7-bbc0-4f1aac00c9f4","2022-02-10 11:48:22.826"
"ALB","243.420","2","243.780","2","49","243.13","63d44edd-0334-425e-9919-4f26f3065b02","2022-02-10 12:32:26.960"
"ALB","243.420","2","243.800","4","49","243.13","feebc0da-1296-4d8e-b45c-202ffb00cedf","2022-02-10 12:32:26.960"
"ALB","243.420","2","243.800","4","49","243.13","f7850d4b-842a-473b-83f9-2227adffb347","2022-02-10 12:32:26.960"
"ALB","243.430","1","243.800","4","49","243.13","61eb71b8-02a7-4049-9816-bbaeaca6147f","2022-02-10 12:32:26.960"
"ALB","243.480","3","243.790","1","49","243.13","67ee38f8-2338-4cf9-ab4c-22f19760d04d","2022-02-10 12:32:26.960"
"ALB","243.550","1","243.790","2","49","243.13","1436a6b9-9a15-4e25-a432-05eb2bc63090","2022-02-10 12:32:26.960"
"ALB","243.550","1","243.790","2","49","243.13","63abba69-46fe-4d3f-8b1d-06192278e988","2022-02-10 12:32:26.960"
"ALB","243.400","1","243.670","1","49","243.13","295ca444-ecc1-4e64-879b-03158cdc2152","2022-02-10 12:32:26.960"
"ALB","243.290","2","243.770","2","49","243.03","c5d43915-2486-4759-9c3d-2840cf302408","2022-02-10 12:33:25.480"
"ALB","243.300","3","243.770","2","49","243.03","49235d84-9a14-4d33-8e3a-dbe4b3003cf1","2022-02-10 12:33:25.480"
"ALB","243.300","3","243.610","1","49","243.03","4c5cda2e-0999-484e-9736-c8561d3940c1","2022-02-10 12:33:25.480"
"ALB","243.300","3","243.590","1","49","243.03","8c59f4fe-b921-4ce0-b419-6ca4ed93b088","2022-02-10 12:33:25.480"
"ALB","242.630","2","242.990","1","-49","242.99","34d910cc-1d19-4144-a7be-02b1b0d94b04","2022-02-10 12:34:55.352"
"ALB","242.630","2","242.990","1","-49","242.99","695dc8a9-4090-4539-b1c4-a4d5fc273191","2022-02-10 12:34:55.352"
"ALB","242.630","2","242.990","1","-49","242.99","1c46510f-2c4f-467e-903a-f87b478b193b","2022-02-10 12:34:55.352"
"ALB","242.630","2","242.990","1","-49","242.99","cd3aa079-37ce-49cc-bf77-ba4e612556c2","2022-02-10 12:34:55.352"
"ALB","242.930","2","243.310","1","-49","243.33","d00135b4-dc21-4903-9776-3ae48673b3b2","2022-02-10 12:37:36.750"
"ALB","242.930","2","243.310","1","-49","243.33","98d16520-76b7-46d1-be3b-2bfc11717048","2022-02-10 12:37:36.750"
"ALB","242.930","2","243.260","1","-49","243.33","675ccafb-ed12-4bd1-a043-a33b4ab410e0","2022-02-10 12:37:36.750"
"ALB","242.930","1","243.260","1","-49","243.33","fa2513c6-18ce-4e01-9cbc-2a173db7b1c0","2022-02-10 12:37:36.750"
"ALB","243.280","1","243.440","1","-49","243.44","0b61bf8e-0ac4-429c-909a-20bbfedd4b4b","2022-02-10 12:38:55.002"
"ALB","243.280","1","243.440","1","-49","243.44","0fb2faa8-a14f-48f4-85ea-817be8bdf06e","2022-02-10 12:38:55.002"
"ALB","243.300","1","243.580","1","-49","243.58","96f1117d-a950-48ec-a676-5c76fb56ca0d","2022-02-10 12:39:02.768"
"ALB","243.290","1","243.460","1","-49","243.52","22c8f482-c1f5-409c-bb79-d87d23208107","2022-02-10 12:40:30.564"
"ALB","243.280","2","243.590","1","49","243.22","3d9cc862-d7d9-46dd-aeef-e038b6b82004","2022-02-10 12:43:13.934"
"ALB","242.020","1","242.590","1","-49","242.63","c415b2b1-6241-426a-8987-a848acd1bdda","2022-02-10 12:46:42.632"
"ALB","240.880","3","241.310","1","49","240.69","22fb0b98-e8f3-4d25-b98d-ca5309e17a62","2022-02-10 13:12:28.907"
"ALB","241.270","1","241.710","1","49","240.69","97278273-f883-47ec-8a6b-aba09dddc614","2022-02-10 13:12:28.907"
"ALB","240.490","2","240.990","1","-49","241.02","17eb7fa8-5f49-4f84-acac-35e7cc774490","2022-02-10 13:13:38.358"
"ALB","240.460","1","241.000","2","-49","241.02","b3e8d3cf-8a0c-4c96-bfe0-45152e2a71c1","2022-02-10 13:13:38.358"
"ALB","239.830","3","240.380","1","49","240.38","80e2424b-a0b3-469b-9201-8ad238354342","2022-02-10 13:25:20.006"
"ALB","239.210","1","239.710","2","-49","239.86","47eb187b-7a85-4664-bdfa-1ffa18422e91","2022-02-10 13:30:32.818"
"ALB","238.690","3","239.340","2","50","239.34","bb263db0-aacb-481e-8990-6cb78d15deac","2022-02-10 13:44:10.006"
"ALB","239.230","1","239.700","2","-50","239.76","f79b67f9-adc9-46f3-bca4-9ebaedae54be","2022-02-10 13:46:23.670"
"ALB","238.940","2","239.430","1","50","238.68","5139fe37-2a18-4ea4-a016-cec4f2e79e44","2022-02-10 14:01:09.173"
"ALB","239.020","2","239.470","2","50","238.68","0ac7cc68-f9bb-4dc0-a37c-32f5dd35fadb","2022-02-10 14:01:09.173"
"ALB","239.290","1","239.680","2","50","238.24","84745d66-505a-43a4-b3f2-30c8ee31a3e8","2022-02-10 14:01:34.097"
"ALB","239.000","3","239.490","2","50","238.24","855ee275-0162-47bf-84f6-5cae083e49b0","2022-02-10 14:01:34.097"
"ALB","239.020","2","239.550","2","50","238.09","1d01130a-4f80-45ae-acec-0232a3258c91","2022-02-10 14:02:45.592"
"ALB","239.330","2","239.990","2","50","238.09","b846a6ab-ed7c-442e-bd97-de8c651778e4","2022-02-10 14:02:45.592"
"ALB","239.400","2","239.810","1","50","238.09","3234ba06-db57-495c-85fa-2aa1f18ac1d0","2022-02-10 14:02:45.592"
"ALB","239.110","2","239.720","1","50","237.85","1b08e7d3-b559-4288-b5ec-bc70c67777ed","2022-02-10 14:02:51.687"
"ALB","239.110","2","239.720","1","50","237.85","72b575ed-8f01-4627-95a9-d594b2816314","2022-02-10 14:02:51.687"
"ALB","239.460","2","239.920","2","50","237.85","3f878431-b026-43af-8c18-81d1067c4c03","2022-02-10 14:02:51.687"
"ALB","239.460","1","239.890","2","50","237.85","8b665bca-41fa-4806-afb0-c340718246ae","2022-02-10 14:02:51.687"
"ALB","239.480","2","240.130","2","50","237.85","9cbba40c-979f-445c-92c2-eb99741eb52a","2022-02-10 14:02:51.687"
"ALB","239.100","2","239.550","2","50","237.85","345771b0-085a-49b5-b6b4-34affbd40fd9","2022-02-10 14:02:51.687"
"ALB","239.000","2","239.550","2","50","237.85","c7f326cc-603f-4d8a-939c-0c43fc400df6","2022-02-10 14:02:51.687"
"ALB","238.880","2","239.450","3","50","237.85","ee39a269-5b26-4dc0-81ac-850e4b6e62ad","2022-02-10 14:02:51.687"
"ALB","238.880","3","239.430","2","50","237.85","3d78b676-8a76-4f69-9be3-0666a2a2abea","2022-02-10 14:02:51.687"
"ALB","238.890","3","239.560","2","50","237.85","77d230f9-1e00-43eb-82fe-5b4220868741","2022-02-10 14:02:51.687"
"ALB","238.940","1","239.540","2","50","237.85","325ca928-157c-418a-a2b3-ca6c8c244fde","2022-02-10 14:02:51.687"
"ALB","237.320","1","237.600","1","-50","237.60","777ca1f9-87a3-4f7e-beca-5359d71494f8","2022-02-10 14:06:05.003"
"ALB","237.320","1","237.600","1","-50","237.60","75d92ceb-e111-4174-9b13-b212ab35ff3c","2022-02-10 14:06:05.003"
"ALB","237.320","1","237.600","1","-50","237.60","0640cdd8-58bb-4b72-bb08-7f35d81213db","2022-02-10 14:06:05.003"
"ALB","237.320","1","237.600","1","-50","237.60","644048e6-aaf6-48e2-af7e-2db141b0591f","2022-02-10 14:06:05.003"
"ALB","237.320","1","237.600","1","-50","237.60","d350da16-1c2b-4074-bf0d-8edd22a5daf6","2022-02-10 14:06:05.003"
"ALB","237.320","1","237.600","1","-50","237.60","0689b37f-0d1d-44aa-86ad-3f134a023120","2022-02-10 14:06:05.003"
"ALB","237.320","1","237.600","1","-50","237.60","3f1f9efc-e1bd-4855-a84e-c4083c6ea695","2022-02-10 14:06:05.003"
"ALB","237.320","1","237.590","1","-50","237.60","4a757b83-a1e0-4e27-a80c-3c2c81cf0ac8","2022-02-10 14:06:05.003"
"ALB","237.320","1","237.590","1","-50","237.60","41113c5d-8869-412c-8df7-7324d5129205","2022-02-10 14:06:05.003"
"ALB","237.320","1","237.590","1","-50","237.60","ec03b26b-ccdd-4494-8c0a-eef7b7f11bd5","2022-02-10 14:06:05.003"
"ALB","237.320","1","237.590","1","-50","237.60","b00cb82d-8274-4e94-81af-c6003c53e493","2022-02-10 14:06:05.003"
"ALB","237.320","1","237.590","1","-50","237.60","c6ad3bde-ec6b-445b-a9bd-047e1e68d1a3","2022-02-10 14:06:05.003"
"ALB","237.320","1","237.590","1","-50","237.60","4d713a39-21d4-4190-a213-b8fbc384a9cf","2022-02-10 14:06:05.003"
"ALB","237.500","2","238.080","2","-50","238.08","a4a5e67b-4bda-43a4-a697-8b487dbcbdf4","2022-02-10 14:06:34.633"
"ALB","237.510","2","238.080","2","-50","238.08","ac8a42a7-dddf-4233-b7cb-abb8013e0eca","2022-02-10 14:06:34.633"
"ALB","237.510","2","238.080","2","-50","238.08","4554d1c8-9f9f-4b32-81fd-39126698a887","2022-02-10 14:06:34.633"
"ALB","237.560","3","237.990","1","-50","238.00","52437c74-5c27-4d37-80d7-2c91baab08b0","2022-02-10 14:08:21.391"
"ALB","237.150","2","237.580","1","-50","237.73","4cd96780-5515-48e0-a72c-af2429218d97","2022-02-10 14:12:41.722"
"ALB","238.080","2","238.650","2","50","237.68","c9680dfb-64d0-4351-9b0f-63d2e494000d","2022-02-10 14:49:30.870"
"ALB","238.010","1","238.790","1","50","237.58","e8d86881-1bf4-43db-93d6-ec6731c0d860","2022-02-10 14:49:30.972"
"ALB","237.980","2","238.490","1","50","237.58","2eaad217-e6b3-4559-9c0d-41d871e3fc87","2022-02-10 14:49:30.972"
"ALB","237.560","2","238.230","2","50","237.45","45b88dff-fadb-4502-83f6-00685bc963d5","2022-02-10 14:49:32.792"
"ALB","237.340","2","237.720","1","50","237.27","04d0557f-03ed-427d-8422-6d36b77ad32f","2022-02-10 14:49:55.436"
"ALB","237.410","2","237.970","2","50","237.18","e8491815-c35f-4b4d-8c15-75273e81149f","2022-02-10 14:49:58.562"
"ALB","237.590","1","238.060","4","50","237.18","50489633-be35-4e34-8f62-2c130041d84c","2022-02-10 14:49:58.562"
"ALB","237.600","2","238.080","1","50","237.18","fa5a302b-5ede-4a16-8ab7-6e0cf4104c7d","2022-02-10 14:49:58.562"
"ALB","237.600","1","237.990","2","50","237.18","a84efdd5-59f0-4c69-b6b1-d338d7350753","2022-02-10 14:49:58.562"
"ALB","237.600","1","237.990","2","50","237.18","9bbdafd0-3433-475d-b210-a66cbfd8ca9c","2022-02-10 14:49:58.562"
"ALB","237.220","1","237.780","1","50","237.18","d7a9cd54-b56f-4f8f-89f8-454702ad0002","2022-02-10 14:49:58.562"
"ALB","237.740","1","238.260","1","50","237.01","74ad49ee-230e-478d-b363-0ec2d6057e4c","2022-02-10 14:50:29.929"
"ALB","237.740","1","238.200","2","50","237.01","848741c7-23e1-460c-8071-704b847c8847","2022-02-10 14:50:29.929"
"ALB","236.990","2","237.370","2","-50","237.37","fc943643-ad17-4c33-8099-b55e9a206d05","2022-02-10 14:51:00.669"
"ALB","236.990","2","237.370","2","-50","237.37","c7b4b357-81d6-4219-aae9-f088de2c73e3","2022-02-10 14:51:00.669"
"ALB","236.990","2","237.370","2","-50","237.37","9f87519e-6495-4ec1-be0d-3b5a60b26ddc","2022-02-10 14:51:00.669"
"ALB","236.990","2","237.370","2","-50","237.37","957d0727-a75a-4f68-b434-9f3b3b2dd98b","2022-02-10 14:51:00.669"
"ALB","237.090","1","237.510","2","-50","237.53","118bebec-1a4a-47d6-9687-005cf5bc37b3","2022-02-10 14:51:13.190"
"ALB","237.090","1","237.510","2","-50","237.53","ac5e94b9-a43c-4709-94a9-e840db358a8a","2022-02-10 14:51:13.190"
"ALB","237.090","1","237.510","2","-50","237.53","b61371b6-0e05-4d61-b426-86cc25ed462b","2022-02-10 14:51:13.190"
"ALB","237.090","1","237.510","2","-50","237.53","cc42b533-d43f-401d-8c54-89e53cc4981d","2022-02-10 14:51:13.190"
"ALB","237.090","1","237.510","2","-50","237.53","bdb03b30-8292-4a4e-ac5a-9cba93b4d833","2022-02-10 14:51:13.190"
"ALB","237.170","2","237.620","2","-50","237.67","8a410825-48f8-45cc-8f0f-024467aae6af","2022-02-10 14:51:22.645"
"ALB","237.170","2","237.620","2","-50","237.67","c613fb16-1a47-453a-a777-2edb4beffb0b","2022-02-10 14:51:22.645"
"ALB","237.270","1","237.360","1","-50","237.51","6a0998ea-b236-4676-9e4b-d4ae9e83f1e1","2022-02-10 14:51:34.676"
"ALB","237.120","2","237.510","2","-50","237.51","5e920ed0-0a2b-4a64-94b1-8308b36b6731","2022-02-10 14:52:01.008"
"ALB","237.430","2","237.930","2","50","236.58","c5056569-4524-4768-bc5b-99c78ff3dc43","2022-02-10 15:21:13.891"
"ALB","237.200","3","237.690","2","50","236.21","fc6e8b9c-2c49-42a5-ac8a-f36b4c2efe03","2022-02-10 15:22:17.015"
"ALB","237.330","3","237.740","1","50","236.21","679af1c4-9fb9-418b-a5fc-27dae57015b2","2022-02-10 15:22:17.015"
"ALB","237.370","3","237.790","1","50","236.21","6c1d5a9a-28d1-49f8-986d-0b680a89307a","2022-02-10 15:22:17.015"
"ALB","237.370","3","237.790","1","50","236.21","cccea577-8367-4c32-a348-91d081f14f91","2022-02-10 15:22:17.015"
"ALB","237.370","3","237.790","1","50","236.21","f89161f9-d5ae-4170-99cc-1a5d86e72571","2022-02-10 15:22:17.015"
"ALB","237.590","2","237.920","1","50","236.21","60fac282-60dc-43f5-9018-a8c2ae3169eb","2022-02-10 15:22:17.015"
"ALB","237.430","1","237.660","1","50","236.21","92f798ef-4747-47d3-bbee-48dd3e4cd971","2022-02-10 15:22:17.015"
"ALB","236.280","1","236.580","1","-50","236.58","9ea0341e-8890-4f6b-80af-906a667510e0","2022-02-10 15:22:57.844"
"ALB","236.280","1","236.580","1","-50","236.58","7f56664f-f734-4929-bb89-9df3eaab5f1d","2022-02-10 15:22:57.844"
"ALB","236.610","1","236.920","1","-50","236.92","d6843040-ec4e-4a04-99f2-97e35aeca330","2022-02-10 15:23:08.145"
"ALB","236.610","1","236.920","1","-50","236.92","0e288fa9-4c96-42c6-8e6d-e294b085fbdd","2022-02-10 15:23:08.145"
"ALB","236.610","1","236.920","1","-50","236.92","a7db3fb5-733d-44aa-9076-c951f268a86e","2022-02-10 15:23:08.145"
"ALB","236.180","3","236.640","1","-50","236.66","61e80da7-f096-4978-87d7-37237ba3c3c1","2022-02-10 15:24:23.065"
"ALB","236.180","2","236.640","1","-50","236.66","5d7afd27-f1a5-4a1f-a9b7-5a1654d0d068","2022-02-10 15:24:23.065"
"ALB","236.620","2","236.930","1","-50","236.94","4f861df3-e2af-4e76-bd3d-738b47c948c0","2022-02-10 15:24:52.865"
"ALB","236.920","2","237.450","1","50","236.92","bedb6881-7e30-43c9-89d8-f3c521513b8e","2022-02-10 15:29:26.444"
"ALB","237.070","2","237.480","1","50","236.63","ccec1e81-01a0-4fce-abf5-071560766431","2022-02-10 15:30:04.816"
"ALB","237.070","2","237.480","1","50","236.63","b03a2954-752b-4273-8ca1-676f00d33eaf","2022-02-10 15:30:04.816"
"ALB","237.100","2","237.460","2","50","236.10","2d84f946-6711-48ba-b34f-e452d428ac2a","2022-02-10 15:33:10.601"
"ALB","236.860","3","237.380","2","50","236.10","5f0cae8f-fd2c-4202-a6f4-5ca2cb5f0a6c","2022-02-10 15:33:10.601"
"ALB","237.000","1","237.250","1","50","236.10","1e4de0ba-9f8a-4129-b747-056f86df9afd","2022-02-10 15:33:10.601"
"ALB","236.770","2","237.270","2","50","236.10","b7df16b4-c89a-4c47-9d3a-6fce54c2b440","2022-02-10 15:33:10.601"
"ALB","237.070","2","237.440","1","50","236.10","51734f85-2a04-408d-a7b4-95592e07f519","2022-02-10 15:33:10.601"
"ALB","236.900","2","237.310","1","50","236.10","293a82d9-13b0-4365-807c-82b33376e8cd","2022-02-10 15:33:10.601"
"ALB","234.770","1","234.970","1","-450","234.77","07d5bff7-8144-4a7f-8667-1ad355da1aee","2022-02-10 15:48:00.006"
"ALC","78.500","1","78.560","7","152","78.43","60a50b9f-a5c1-4712-a36a-94ca47950921","2022-02-10 10:52:32.964"
"ALC","78.660","10","78.690","1","153","78.40","cd2434df-1174-4251-9cee-67adb8ad1b5f","2022-02-10 10:53:05.418"
"ALC","78.610","1","78.700","9","153","78.40","2fc949fd-a7be-4c61-a447-c261b536fd92","2022-02-10 10:53:05.418"
"ALC","78.620","7","78.700","9","153","78.40","346a486e-c1f0-4041-8fd4-25e5bad6c632","2022-02-10 10:53:05.418"
"ALC","78.670","1","78.740","8","153","78.39","d3ed7a84-6581-4a67-890c-120b52960bcd","2022-02-10 10:53:40.720"
"ALC","78.680","9","78.740","2","153","78.39","53244c9e-b1f8-470f-9ed0-1572e20a05c0","2022-02-10 10:53:40.720"
"ALC","78.670","1","78.720","1","153","78.39","8bd5d7cc-bada-4ef9-a13f-12163e9cf7ed","2022-02-10 10:53:40.720"
"ALC","78.660","6","78.710","4","153","78.39","0a37e145-20d4-4495-909c-10176412e9d1","2022-02-10 10:53:40.720"
"ALC","78.660","9","78.710","1","153","78.39","793df425-5a4d-4102-b87a-867768031645","2022-02-10 10:53:40.720"
"ALC","78.660","9","78.710","1","153","78.39","b9ebe8a2-4189-45a8-b322-d078d904c99b","2022-02-10 10:53:40.720"
"ALC","78.660","9","78.710","1","153","78.39","26395a19-e732-47e0-8294-9c7f07e01159","2022-02-10 10:53:40.720"
"ALC","78.650","2","78.700","1","153","78.39","49db3046-949f-4e3f-9f2a-7cdf3056bc29","2022-02-10 10:53:40.720"
"ALC","78.650","2","78.700","1","153","78.39","583d5e67-bd15-4414-bb24-08bdbccbf2bb","2022-02-10 10:53:40.720"
"ALC","78.650","2","78.690","1","153","78.39","4b75865e-553d-4182-add9-b33796428b7b","2022-02-10 10:53:40.720"
"ALC","78.650","2","78.690","1","153","78.39","40dfef28-df69-447c-a91c-dd7a3d309311","2022-02-10 10:53:40.720"
"ALC","78.630","1","78.660","1","153","78.39","345a658c-cd58-4a2c-9ed7-e920926d2baf","2022-02-10 10:53:40.720"
"ALC","78.320","2","78.360","7","-153","78.36","f718db47-6ef3-4450-827b-00f6978f0dcc","2022-02-10 10:55:47.650"
"ALC","78.320","2","78.360","7","-153","78.36","cd9c23f4-b59f-49d4-87b5-ec8b33324a13","2022-02-10 10:55:47.650"
"ALC","78.300","2","78.360","7","-153","78.36","19556f28-a784-4db7-812f-ff0c3eff9858","2022-02-10 10:55:47.650"
"ALC","78.340","7","78.400","7","-153","78.40","b89cc456-b567-4ae2-ba43-5dd69fc21dc8","2022-02-10 10:56:52.138"
"ALC","78.280","7","78.360","7","-153","78.36","38a6b542-f801-4182-b28b-68464cc90829","2022-02-10 10:57:20.802"
"ALC","78.280","7","78.360","7","-153","78.36","c346da1b-1f2f-4d74-abe9-a2613560c194","2022-02-10 10:57:20.802"
"ALC","78.280","7","78.360","7","-153","78.36","7444d9e6-0aa7-4f66-a22d-8d304047cff8","2022-02-10 10:57:20.802"
"ALC","78.300","7","78.360","7","-153","78.36","1d1d3ef6-5c1e-4764-a7ef-ea41efc42eb8","2022-02-10 10:58:35.446"
"ALC","78.300","7","78.360","7","-153","78.36","2699ea35-9244-416a-98ae-d3047ad22ce6","2022-02-10 10:58:35.446"
"ALC","78.300","7","78.360","7","-153","78.36","95397d0b-8db9-407f-8eef-a20d5152cb81","2022-02-10 10:58:35.446"
"ALC","78.300","7","78.360","7","-153","78.36","b8d5e9df-7c7a-47e8-abe8-c0519773dc04","2022-02-10 10:58:35.446"
"ALC","78.300","7","78.360","7","-153","78.36","1bc6357b-b8c0-41da-b5a8-75bf0fc20a13","2022-02-10 10:58:35.446"
"ALC","78.300","7","78.360","7","-152","78.36","77336f9e-305e-439d-9bbc-f27e199c860a","2022-02-10 10:58:35.446"
"ALC","78.300","7","78.360","7","-153","78.36","7bd48392-86ff-4c8b-bc06-d5e13bebb743","2022-02-10 10:58:35.446"
"ALC","78.300","2","78.360","7","-153","78.36","c4f02f6e-d1e2-4f1d-aa0e-eac09312a6b3","2022-02-10 10:58:35.446"
"ALC","78.340","3","78.410","3","-153","78.41","1a3d2423-747d-4929-8a30-fb0fff5dd03d","2022-02-10 10:59:36.371"
"ALC","78.440","4","78.480","1","153","78.36","feb5e41a-e63f-43de-88f6-1ce1bd1d0e1a","2022-02-10 11:12:29.484"
"ALC","78.440","4","78.480","1","153","78.36","b9119842-e95a-45b8-ac81-c6bc27f64e40","2022-02-10 11:12:29.484"
"ALC","78.460","1","78.500","1","153","78.36","394d11e3-9576-4c5e-8e93-7433d60852d0","2022-02-10 11:12:29.484"
"ALC","78.360","1","78.420","7","-153","78.42","2246b550-e601-4202-8c44-90d48ba89ee5","2022-02-10 11:13:24.291"
"ALC","78.360","1","78.420","7","-153","78.42","2a966016-9849-4b52-b84d-9a5594f773d1","2022-02-10 11:13:24.291"
"ALC","78.400","9","78.460","1","-153","78.46","0ac38b6d-4d69-40c4-aaec-1b3e12137df7","2022-02-10 11:13:48.116"
"ALC","78.400","3","78.440","7","153","78.29","1cef310a-7745-49ad-88cc-3e6a79925c06","2022-02-10 11:23:06.932"
"ALC","78.400","1","78.430","2","153","78.29","c3b7aa6b-aa36-4bf6-beaa-efd5b6334bf3","2022-02-10 11:23:06.932"
"ALC","78.390","3","78.440","3","153","78.29","83b39773-3074-4642-a050-15971f921ffa","2022-02-10 11:23:06.932"
"ALC","78.390","1","78.440","7","153","78.29","430cf2a7-7dda-4510-af96-95137015a11e","2022-02-10 11:23:06.932"
"ALC","78.390","1","78.440","7","153","78.29","68861fce-0463-4842-9e1c-09af48ef747e","2022-02-10 11:23:06.932"
"ALC","78.390","1","78.420","2","153","78.29","c4563f9d-f009-4f37-b15a-333b3449b464","2022-02-10 11:23:06.932"
"ALC","78.430","3","78.490","1","153","78.29","3b29897e-c96d-4200-b014-92854d0836a6","2022-02-10 11:23:06.932"
"ALC","78.430","3","78.490","1","153","78.29","7d2a8016-7e38-4a3f-a5ec-f202ca6b2457","2022-02-10 11:23:06.932"
"ALC","78.400","1","78.460","5","153","78.29","9d21b1e4-2f73-41fa-b9d6-c8a725cfb424","2022-02-10 11:23:06.932"
"ALC","78.390","3","78.440","8","153","78.29","d1157ea6-df0f-4b03-b4eb-2dbc3a15c109","2022-02-10 11:23:06.932"
"ALC","78.260","4","78.340","5","-153","78.34","c7cbaf29-4cb7-4d02-96f8-08fdbef98595","2022-02-10 11:24:04.885"
"ALC","78.260","4","78.350","9","-153","78.35","adaf869e-f56a-49b2-a522-79bbb8a5350e","2022-02-10 11:24:07.199"
"ALC","78.260","4","78.350","9","-153","78.35","da08a104-0389-49c4-a9a6-5e26b186aaed","2022-02-10 11:24:07.199"
"ALC","78.260","4","78.350","9","-153","78.35","bec88ce8-d077-414e-b06d-7326a6e18eec","2022-02-10 11:24:07.199"
"ALC","78.260","4","78.350","9","-153","78.35","58427290-b3a8-4c01-ab77-edcc9789c3da","2022-02-10 11:24:07.199"
"ALC","78.260","4","78.350","9","-153","78.35","d7180a1e-531f-49b8-84d5-51de49a8fadc","2022-02-10 11:24:07.199"
"ALC","78.300","3","78.380","1","-153","78.38","50da5ff6-d2db-49a3-b928-624e5912d0b2","2022-02-10 11:24:32.908"
"ALC","78.300","3","78.380","1","-153","78.38","8a4a47d3-25de-458f-9dea-957e09e37ea2","2022-02-10 11:24:32.908"
"ALC","78.300","3","78.380","1","-153","78.38","523170fe-473f-4be7-bc14-4feb3df5ba0b","2022-02-10 11:24:32.908"
"ALC","78.300","3","78.380","1","-153","78.38","9adf70b1-72c9-40ca-8059-6d219129463c","2022-02-10 11:25:02.778"
"ALC","78.300","1","78.420","5","153","78.31","b142212e-ce00-463f-9e98-e949e0042ade","2022-02-10 11:33:33.818"
"ALC","78.300","1","78.420","5","153","78.31","175237e0-54b7-4c7d-b5b7-70c3325aa343","2022-02-10 11:33:33.818"
"ALC","78.310","3","78.420","4","-153","78.42","30275d3d-b66d-4160-a37f-1827a815dcf5","2022-02-10 11:39:29.664"
"ALC","78.310","3","78.420","4","-153","78.42","2aea3290-fa39-4459-9ca9-a49f7488bee0","2022-02-10 11:39:29.664"
"ALC","78.610","4","78.760","3","152","78.63","df8f663e-d542-462b-93bb-51840b74e6ca","2022-02-10 12:09:14.064"
"ALC","78.690","5","78.760","3","-152","78.76","fdd90b08-4425-4b25-8043-43af6c9dbe69","2022-02-10 12:17:25.573"
"ALC","78.770","9","78.840","3","152","78.68","8f8be77b-993b-406b-aee1-0b265c2d946e","2022-02-10 12:33:36.496"
"ALC","78.750","2","78.850","2","152","78.68","5a845feb-4cd8-4582-a5b8-939ae1a16652","2022-02-10 12:33:36.496"
"ALC","78.750","3","78.850","2","152","78.68","8b6da819-d952-4c49-883b-a866ff673e23","2022-02-10 12:33:36.496"
"ALC","78.760","2","78.840","2","152","78.68","a79711c7-07b4-4a68-881d-699239c78385","2022-02-10 12:33:36.496"
"ALC","78.760","2","78.840","2","152","78.68","834ac7a2-d0ab-460e-a6fa-57fef0d7356f","2022-02-10 12:33:36.496"
"ALC","78.760","2","78.840","2","152","78.68","36ce0367-27d2-4a13-ba9c-5f8302863dee","2022-02-10 12:33:36.496"
"ALC","78.610","2","78.680","1","-152","78.72","bdbdcd0d-d8e4-4d39-95ad-94e40aee0c25","2022-02-10 12:36:09.931"
"ALC","78.610","2","78.680","1","-152","78.72","6d83ccd3-ccfa-4409-8456-091ae58f18bf","2022-02-10 12:36:09.931"
"ALC","78.770","9","78.840","3","152","78.63","99016c88-ddac-4863-8561-1c9018365b28","2022-02-10 12:36:37.800"
"ALC","78.770","9","78.840","3","152","78.63","20975c6c-3191-4c2f-852a-0779ba075399","2022-02-10 12:36:37.800"
"ALC","78.770","9","78.840","3","152","78.63","94af5b6e-485c-48bf-8cdd-d97d769bafce","2022-02-10 12:36:37.800"
"ALC","78.770","9","78.840","3","152","78.63","d1f5d60a-ffca-4e7b-992f-6bc14479335b","2022-02-10 12:36:37.800"
"ALC","78.770","9","78.840","3","152","78.63","3bbbf52b-97aa-49f2-9304-158ffd5aaf74","2022-02-10 12:36:37.800"
"ALC","78.650","3","78.720","1","-152","78.72","a12071a2-8543-48ea-8b88-4d12633053d9","2022-02-10 12:39:32.084"
"ALC","78.650","3","78.720","1","-152","78.72","9121beda-bb68-47fc-8074-f4f7819d925c","2022-02-10 12:39:32.084"
"ALC","78.650","3","78.720","1","-152","78.72","dc3cdcb1-19ca-42cf-ba69-f7fc64959652","2022-02-10 12:39:32.084"
"ALC","78.650","3","78.720","1","-152","78.72","e209782c-1792-4362-a1a6-a71989f0084c","2022-02-10 12:39:32.084"
"ALC","78.650","3","78.720","1","-152","78.72","6b085af3-ea00-4262-be48-03d939db634c","2022-02-10 12:39:32.084"
"ALC","78.650","3","78.720","1","-152","78.72","da9af5e1-775f-4ba7-8433-cbc7ae2fdf46","2022-02-10 12:39:32.084"
"ALC","78.650","3","78.720","1","-152","78.72","6fa8bd84-ba4d-4cfd-8019-81f8e5788910","2022-02-10 12:39:32.084"
"ALC","78.650","3","78.720","1","-152","78.72","d964dc4b-e1c9-4968-aca9-66c2b422f177","2022-02-10 12:39:32.084"
"ALC","78.650","3","78.720","1","-152","78.72","05173fe3-f99e-4690-b22e-5d648d869c2f","2022-02-10 12:40:28.390"
"ALC","78.710","1","78.760","1","152","78.72","c8c3787b-dc0b-4528-a396-adc8a26ce634","2022-02-10 12:40:57.568"
"ALC","78.770","9","78.840","3","152","78.61","43c3c23e-c7af-4e1f-9aa0-c86da6c56577","2022-02-10 12:45:36.143"
"ALC","78.770","9","78.840","3","152","78.61","d2235ec9-8bb0-49bc-88d4-10d2fa9600a4","2022-02-10 12:45:36.143"
"ALC","78.770","9","78.840","3","152","78.61","40607224-bcfc-4c6f-becd-e6fa3d06eb3b","2022-02-10 12:45:36.143"
"ALC","78.770","9","78.840","3","152","78.61","925e4851-2c52-4b8c-ba7d-38738196f88e","2022-02-10 12:45:36.143"
"ALC","78.350","3","78.500","1","-152","78.52","516b7ca2-d6d1-4922-83f8-3c7f18e41d6e","2022-02-10 12:49:42.033"
"ALC","78.350","3","78.500","1","-152","78.52","398db4aa-8013-4786-961c-d1928a0d9251","2022-02-10 12:49:42.033"
"ALC","78.350","3","78.500","1","-152","78.52","982104a4-efff-4cb9-b26e-d2995db80550","2022-02-10 12:49:42.033"
"ALC","78.370","1","78.500","1","-152","78.52","2785676d-3fa6-4d68-977d-f197fc08865f","2022-02-10 12:49:42.033"
"ALC","78.370","1","78.500","1","-152","78.52","266b72eb-4093-477c-ad0a-42ac35de14d6","2022-02-10 12:49:42.033"
"ALC","78.390","1","78.530","3","152","78.53","8d26798a-41b4-4f1f-8d82-0d45d0a36946","2022-02-10 12:58:00.006"
"ALC","78.200","2","78.300","3","-152","78.30","acd13e86-c742-451c-9fce-a1576c278de7","2022-02-10 13:23:43.564"
"ALC","78.050","3","78.130","1","153","78.13","8aa81650-becd-45cb-9d35-d64367cee799","2022-02-10 13:48:30.006"
"ALC","77.940","2","78.060","2","-153","78.07","fde7763a-85b6-4ded-ba3e-3c1cbc62467a","2022-02-10 14:00:00.565"
"ALC","77.820","5","77.900","3","154","77.69","d09a6bd6-8836-4545-b2c0-17be90d920a6","2022-02-10 14:53:26.935"
"ALC","77.820","3","77.900","3","154","77.69","e3581348-8db8-472a-88ae-238a320765d2","2022-02-10 14:53:26.935"
"ALC","77.820","2","77.900","3","154","77.69","b146f3f1-c422-4c82-99e0-53435840fe58","2022-02-10 14:53:26.935"
"ALC","77.830","2","77.870","2","154","77.69","1a56e96e-e98f-41b4-9704-06e26603f00e","2022-02-10 14:53:26.935"
"ALC","77.820","3","77.910","1","154","77.69","670a3167-4c7f-4783-b9cf-1d913e915440","2022-02-10 14:53:26.935"
"ALC","77.820","1","77.910","2","154","77.69","8f01170d-56a2-450e-be4e-bd81e43f8910","2022-02-10 14:53:26.935"
"ALC","77.800","1","77.880","2","154","77.69","f9edf389-2816-45a8-ba39-a2c9bd39e901","2022-02-10 14:53:26.935"
"ALC","77.680","2","77.730","2","-154","77.73","0900eb02-2648-415c-ac13-074b5b3001da","2022-02-10 14:56:48.027"
"ALC","77.680","2","77.730","2","-154","77.73","06d16bc5-57f9-4c2a-92bd-e303d8731b12","2022-02-10 14:56:48.027"
"ALC","77.680","2","77.730","2","-154","77.73","cdf2305c-210f-4033-9de4-751f779c5df4","2022-02-10 14:56:48.027"
"ALC","77.680","2","77.740","1","-154","77.75","22772c83-5ffa-4688-9a11-d0d1961bb938","2022-02-10 14:57:04.804"
"ALC","77.680","2","77.740","1","-154","77.75","a6c119ce-1db3-4f30-9b60-996dead59880","2022-02-10 14:57:04.804"
"ALC","77.680","2","77.740","1","-154","77.75","f2aed656-9828-417b-ab34-c79c3a4b3f98","2022-02-10 14:57:04.804"
"ALC","77.680","2","77.740","1","-154","77.75","c3e80ae7-e345-404e-b13a-1ac5ea8a7418","2022-02-10 14:57:04.804"
"ALC","77.950","2","78.040","3","154","77.74","a43c1d96-b39f-43fc-a997-276404f77781","2022-02-10 15:33:25.932"
"ALC","77.890","2","78.030","2","154","77.74","94d4db3e-d133-42db-adea-a3275d4f4f26","2022-02-10 15:33:25.932"
"ALC","77.890","1","77.980","2","154","77.74","9c07fe80-2d21-4200-9e6f-4ee0ff7a6f5e","2022-02-10 15:33:25.932"
"ALC","77.930","2","78.040","2","154","77.74","e9010dc5-36ac-4474-800b-82877cea8538","2022-02-10 15:33:25.932"
"ALC","77.930","2","78.040","2","154","77.74","cb675d5e-037c-4fe5-8f85-75332703c526","2022-02-10 15:33:25.932"
"ALC","77.940","1","78.030","2","154","77.74","328881dd-1603-47bb-a6d8-585864de4d08","2022-02-10 15:33:25.932"
"ALC","77.940","1","78.030","2","154","77.74","418c32b8-29b0-401f-acc1-eac8f231a558","2022-02-10 15:33:25.932"
"ALC","77.940","1","78.030","2","154","77.74","5cd25e73-9bb5-48ff-9ca2-3464f259ef01","2022-02-10 15:33:25.932"
"ALC","77.940","2","78.030","2","154","77.74","39e9baed-3778-432f-8765-2d74e7794d91","2022-02-10 15:33:25.932"
"ALC","77.930","2","78.040","2","154","77.73","67e4a7dc-9a47-4fd1-adfb-2b5bff64b9ad","2022-02-10 15:33:44.423"
"ALC","77.960","1","78.030","1","154","77.72","a5f0db1c-4811-40bc-ab0d-6300b78d5493","2022-02-10 15:33:45.061"
"ALC","77.950","2","78.040","2","154","77.72","242b87f4-1ec4-40cf-bd77-94186bb48ff0","2022-02-10 15:33:45.061"
"ALC","77.950","2","78.040","2","154","77.72","ea545dc0-5fd4-4f41-b410-e0ccab1ab951","2022-02-10 15:33:45.061"
"ALC","77.950","2","78.040","3","154","77.72","a5865262-5261-447e-a1a6-ddc5327b8dd0","2022-02-10 15:33:45.061"
"ALC","77.870","2","77.950","2","154","77.66","a61c55dd-01db-49be-9131-9113e9719e8f","2022-02-10 15:34:54.075"
"ALC","77.880","3","77.940","1","154","77.65","65517eb4-2a8b-43a3-a2c2-a9ef77ed03a6","2022-02-10 15:34:58.457"
"ALC","77.500","2","77.550","2","-2,464","77.50","18e8caa6-723b-424a-9052-5612383d5a6e","2022-02-10 15:48:00.006"
"AEE","87.210","2","87.270","2","137","87.24","cac8c6a8-9fa0-4944-b2f4-9b06934822bd","2022-02-10 10:13:28.383"
"AEE","87.260","2","87.310","1","-137","87.31","776c6f1c-38e3-4495-909d-58676cd6b3d6","2022-02-10 10:15:01.645"
"AEE","87.270","3","87.310","1","137","87.23","e843c809-c454-4b0e-a363-29673278a52c","2022-02-10 10:17:47.452"
"AEE","87.190","1","87.230","1","-137","87.23","e6ea5bbf-d429-4a15-b217-49b7aee3dd92","2022-02-10 10:19:50.772"
"AEE","87.180","2","87.260","1","137","87.13","e3ecacba-93dc-4661-8fd9-50deddb4e1b1","2022-02-10 10:21:17.956"
"AEE","87.070","5","87.140","1","-137","87.14","31d2364f-e509-4883-9463-6e52daeba5f1","2022-02-10 10:22:36.742"
"AEE","87.240","1","87.280","1","137","87.15","4cc18315-d329-4aee-a6c3-90dfdc621094","2022-02-10 10:27:38.157"
"AEE","87.210","1","87.260","1","137","87.06","12859207-3a13-4e53-a202-c1d584b7d105","2022-02-10 10:29:37.976"
"AEE","87.230","3","87.290","1","137","87.06","cf4cb05c-77b0-441a-a9a7-e496b9541229","2022-02-10 10:29:37.976"
"AEE","87.280","3","87.330","1","137","87.06","fbfbc29b-39c3-4828-a2bd-17d06774bb1c","2022-02-10 10:29:37.976"
"AEE","87.250","1","87.300","1","137","87.06","4ce673ee-c2e5-4395-98f0-5fc72778b964","2022-02-10 10:29:37.976"
"AEE","87.250","2","87.300","3","137","87.06","1838377a-21d5-4833-b69d-6c84dfcb1a83","2022-02-10 10:29:37.976"
"AEE","87.250","1","87.300","3","137","87.06","2d29115e-9f9e-4257-8ad9-ab2edf55f5e2","2022-02-10 10:29:37.976"
"AEE","87.220","1","87.300","1","137","87.06","96b64509-c9c5-4f60-b368-183fb7526b25","2022-02-10 10:29:37.976"
"AEE","87.180","2","87.260","1","137","87.06","90a6745e-b38a-4bb2-89a1-2825a1074243","2022-02-10 10:29:37.976"
"AEE","87.300","1","87.370","2","138","86.79","716eb3c3-c371-45a5-8ee6-32905dd4f2d1","2022-02-10 10:34:13.701"
"AEE","87.290","1","87.360","1","138","86.79","68bb6122-8fd7-48f5-80fc-96f19768cac2","2022-02-10 10:34:13.701"
"AEE","87.300","2","87.370","2","138","86.72","b454b9d3-f6ad-4bbd-b287-cd016664be67","2022-02-10 10:34:36.779"
"AEE","87.320","2","87.400","2","138","86.72","de15a49e-a97f-4267-a2e6-c70d8f07bebf","2022-02-10 10:34:36.779"
"AEE","87.230","4","87.310","1","138","86.72","556f999b-39f1-4595-9035-60af55471b9a","2022-02-10 10:34:36.779"
"AEE","87.230","4","87.310","1","138","86.72","8fb46a82-05ce-4951-9b64-c23c65909760","2022-02-10 10:34:36.779"
"AEE","87.280","2","87.330","1","138","86.72","407ea131-fe67-4b17-a663-3f2505580b56","2022-02-10 10:34:36.779"
"AEE","87.280","1","87.350","1","138","86.72","9e6a1320-1263-4ec3-8b29-25f36fca8277","2022-02-10 10:34:36.779"
"AEE","87.280","1","87.360","1","138","86.72","b52fa653-c4be-448c-a279-6487e94e790d","2022-02-10 10:34:36.779"
"AEE","87.220","1","87.280","1","138","86.72","d43857a9-0222-431c-b39d-a3d50c6c0beb","2022-02-10 10:34:36.779"
"AEE","87.250","1","87.320","1","138","86.72","faf3cd25-9a76-42de-aace-aaaf0f1b460e","2022-02-10 10:34:36.779"
"AEE","87.260","1","87.330","2","138","86.72","51d75705-fa46-478b-89a3-19e5ab9123b5","2022-02-10 10:34:36.779"
"AEE","86.680","2","86.730","2","-138","86.73","c0091bc7-627f-4ce1-8d59-c4d613c291d4","2022-02-10 10:35:14.478"
"AEE","86.680","2","86.730","2","-137","86.73","5bf86c85-5666-4c12-a752-4e07330a2153","2022-02-10 10:35:14.478"
"AEE","86.680","2","86.730","2","-137","86.73","3098777b-8cf0-4793-a3a1-6eda9ccec0e2","2022-02-10 10:35:14.478"
"AEE","86.680","2","86.730","2","-138","86.73","42f37b31-793e-43de-a37a-85509ec0299a","2022-02-10 10:35:14.478"
"AEE","86.680","2","86.730","2","-138","86.73","a51e3229-828f-4806-bd1d-b3f44b23640c","2022-02-10 10:35:14.478"
"AEE","86.680","2","86.730","2","-138","86.73","a06603a9-8df0-48cd-b06b-3b6fe6746958","2022-02-10 10:35:14.478"
"AEE","86.680","2","86.730","2","-137","86.73","18f1cacb-c017-4305-b9d6-457d19eff459","2022-02-10 10:35:14.478"
"AEE","86.680","2","86.730","2","-138","86.73","4aed2be8-6463-489d-a849-d03e8bed57e4","2022-02-10 10:35:14.478"
"AEE","86.720","2","86.790","1","-138","86.80","56fc29c7-20a2-42a4-97ec-2ec27c97fc61","2022-02-10 10:35:22.377"
"AEE","86.720","2","86.790","1","-138","86.80","196359c7-f5b3-4185-b16f-16c4ec3fc73e","2022-02-10 10:35:22.377"
"AEE","86.720","2","86.790","1","-138","86.80","4e1e4068-340e-451d-a2af-9b00cc14264e","2022-02-10 10:35:22.377"
"AEE","86.720","2","86.790","1","-138","86.80","7edd4779-1fc6-42b8-b0d7-df5a6e027af6","2022-02-10 10:35:22.377"
"AEE","86.720","2","86.790","1","-138","86.80","829f864d-d8d7-4009-9013-8ba53be2a229","2022-02-10 10:35:22.377"
"AEE","86.720","2","86.790","1","-137","86.80","32af878c-e74c-4bf0-8dc2-6e1eabfaba73","2022-02-10 10:35:22.377"
"AEE","86.720","2","86.790","1","-137","86.80","5104caf7-3f24-4e31-9897-61de3065f419","2022-02-10 10:35:22.377"
"AEE","86.790","1","86.850","2","-137","86.85","192973ba-8fcd-471f-88fe-03f0d10fd25c","2022-02-10 10:35:38.177"
"AEE","86.790","1","86.850","2","-138","86.85","800339ee-79e7-4e93-8162-4c2b33fa5170","2022-02-10 10:35:38.177"
"AEE","86.790","1","86.850","2","-137","86.85","74c0ea44-0832-452a-8873-a19a0d5f94a2","2022-02-10 10:35:38.177"
"AEE","86.820","3","86.890","1","-137","86.89","340de3f4-402a-465d-b4f2-674200dc793d","2022-02-10 10:35:55.557"
"AEE","86.840","1","86.890","2","-138","86.89","5dd1b8c0-72e5-4775-9c36-e2d28760616e","2022-02-10 10:36:05.482"
"AEE","86.860","1","86.920","1","-137","86.93","477fb914-aca5-495c-a6e2-ebf2e3e422c6","2022-02-10 10:36:11.534"
"AEE","87.030","1","87.090","1","137","87.09","5ca97271-d127-458e-a3ad-47206f2c7267","2022-02-10 10:43:20.006"
"AEE","86.890","2","86.940","1","-137","86.94","ccb02218-9541-4a91-b5a2-8180be7221b2","2022-02-10 10:45:49.437"
"AEE","87.130","15","87.160","1","138","86.79","f730f2c0-f50a-4dc0-b41c-db402725d7e1","2022-02-10 10:55:35.604"
