"Symbol","Bid","Bid Sz","Ask","Ask Sz","Shares","Price","Order ID","Timestamp"
"AA","70.820","20","70.850","1","16","70.69","0da04bd3-7428-4035-bec9-c2a6a7bebf6e","2022-02-10 10:12:20.967"
"AA","70.840","8","70.870","3","16","70.69","279e7137-eb99-4f2d-a9d6-4eedac4a5565","2022-02-10 10:12:20.967"
"AA","70.830","1","70.850","2","16","70.69","46984103-f0c5-443a-a691-8a0a14aae422","2022-02-10 10:12:20.967"
"AA","70.710","1","70.730","1","-16","70.73","bba97db3-69fa-4a14-86e2-83a8c7695288","2022-02-10 10:13:37.626"
"AA","70.620","1","70.640","2","-16","70.65","c208dc8d-a3c5-4d8f-bbe7-e773074ed010","2022-02-10 10:14:00.132"
"AA","70.450","4","70.480","1","-16","70.48","d640eaff-6895-4a7e-9657-e451b2c89cc7","2022-02-10 10:14:11.224"
"AA","70.510","2","70.540","1","16","70.54","d38de2c9-61a3-4588-9eac-d704350d8273","2022-02-10 10:25:00.006"
"AA","70.440","4","70.480","1","-16","70.48","2dd7471f-00b6-4fd5-b941-7a44ceb03025","2022-02-10 10:25:31.434"
"AA","70.520","1","70.550","3","16","70.55","2b5c3379-af7c-49d9-bf58-3af047d9cb9a","2022-02-10 10:25:50.006"
"AA","70.740","3","70.770","1","-16","70.77","414d8d5c-61d7-4caf-8cb2-6306ffaf204f","2022-02-10 10:30:21.255"
"AA","71.230","2","71.250","1","16","70.96","8cdfafa1-8f26-4915-9fd6-86be0a3a12a6","2022-02-10 10:55:17.089"
"AA","71.200","2","71.210","1","16","70.96","57c4e353-4e7e-44b9-ab88-c1eb402a07a4","2022-02-10 10:55:17.089"
"AA","71.200","80","71.220","1","16","70.96","352794d0-80f9-4157-b715-e80c918bbd8d","2022-02-10 10:55:17.089"
"AA","71.060","3","71.110","1","16","70.96","2a8f0b2b-a3f0-421b-982a-01fdb6408ce4","2022-02-10 10:55:17.089"
"AA","71.100","3","71.150","4","-16","71.15","aee62552-f862-44e6-9b0e-761948595753","2022-02-10 10:55:38.925"
"AA","71.100","3","71.150","4","-16","71.15","4f65aab7-f2d1-462a-aaff-3db2dc537842","2022-02-10 10:55:38.925"
"AA","71.140","3","71.200","10","-16","71.21","07bf0caa-5b23-4a40-b629-fe04ef6f1944","2022-02-10 10:55:44.962"
"AA","71.140","2","71.180","3","-16","71.18","0a2b102c-5009-4d6a-86c0-d951d1e09ca3","2022-02-10 10:55:53.865"
"AA","73.470","2","73.520","2","16","73.32","a1c667c7-ec81-4554-8e2b-bf0f23f47323","2022-02-10 12:04:13.598"
"AA","73.510","2","73.550","1","16","73.32","565e5957-eb45-4dc4-a9a7-53fb827e502a","2022-02-10 12:04:13.598"
"AA","73.420","3","73.450","1","16","73.32","8db7129a-5e00-4487-a654-812780c7b688","2022-02-10 12:04:13.598"
"AA","73.490","3","73.530","1","16","73.31","f8e9a2f6-f03a-40d1-8bb2-01b5f89d1557","2022-02-10 12:04:14.157"
"AA","73.580","1","73.590","1","16","73.31","3381922e-744e-4e27-b92c-5b05898bcd8a","2022-02-10 12:04:14.157"
"AA","73.610","2","73.640","1","16","73.31","c02202e6-6e96-4a90-b705-39393cc3aee5","2022-02-10 12:04:14.157"
"AA","73.530","1","73.580","5","16","73.31","fa361f23-f6c4-4183-936d-88d745d75e98","2022-02-10 12:04:14.157"
"AA","73.360","1","73.400","2","16","73.09","69499a22-0349-46a1-b236-d5a63f0e2cf5","2022-02-10 12:05:05.393"
"AA","73.110","1","73.140","4","-16","73.14","d6b67c6e-5ea3-4bcf-8deb-52b3d413c46f","2022-02-10 12:05:20.020"
"AA","73.110","1","73.140","4","-16","73.14","75318749-4b72-4a5d-aa92-85c01e8447df","2022-02-10 12:05:20.020"
"AA","73.110","1","73.140","4","-16","73.14","71d7cb56-7bfc-4e52-8285-72966c89c60d","2022-02-10 12:05:20.020"
"AA","73.110","1","73.140","4","-16","73.14","c12034a7-659a-4f64-9e2d-db36decd17e4","2022-02-10 12:05:20.020"
"AA","73.090","1","73.120","1","-16","73.12","e5acea8d-7a1c-4039-9ba4-38b690e482a1","2022-02-10 12:05:52.961"
"AA","73.090","1","73.120","1","-16","73.12","4807a27c-a923-4ee3-b183-592423a4e61a","2022-02-10 12:05:52.961"
"AA","73.120","2","73.150","1","-16","73.15","cb7448ca-909f-411e-8c87-d496180f1d52","2022-02-10 12:06:20.316"
"AA","73.280","4","73.320","4","-16","73.32","dcafb525-024e-406b-b532-fda96ae37b07","2022-02-10 12:06:34.619"
"AA","73.530","3","73.580","1","16","73.29","7b9ac500-302d-49d1-8199-b0265e10766a","2022-02-10 12:11:37.031"
"AA","73.410","1","73.440","1","16","73.24","25a72ed1-6240-4e02-84d1-983260311e14","2022-02-10 12:12:14.041"
"AA","73.320","2","73.350","3","-16","73.35","4c09c0e1-96ed-4f23-89d3-88894824c4d3","2022-02-10 12:14:00.187"
"AA","73.300","2","73.340","2","-16","73.35","ba4403a1-aafa-4b06-956a-386cf9927cc0","2022-02-10 12:14:15.741"
"AA","73.090","3","73.110","2","16","73.09","a9f08c07-de5a-40fc-8961-0ab2a91b354d","2022-02-10 12:36:04.187"
"AA","72.960","4","72.990","1","-16","72.99","92adc090-dc71-4e88-9c4f-e6f295af3935","2022-02-10 12:44:20.515"
"AA","73.070","1","73.080","1","16","72.76","35016779-88a7-416b-8011-d6c3b0ea409e","2022-02-10 13:13:24.331"
"AA","72.870","1","72.890","1","-16","72.89","75c95a49-89fc-429b-8777-36aa485a1377","2022-02-10 13:14:17.877"
"AA","72.910","3","72.940","1","16","72.45","605632e2-8e05-48c7-bd75-68c7d5060cd7","2022-02-10 13:17:22.623"
"AA","72.880","1","72.940","2","16","72.42","a5e17784-7351-4d12-8014-e7a655b86170","2022-02-10 13:18:23.671"
"AA","72.970","1","73.020","1","16","72.42","4cf1fdae-7a9c-4324-9157-acffaaedc435","2022-02-10 13:18:23.671"
"AA","73.030","1","73.080","1","16","72.42","bc531d3a-77a6-43a4-907d-8e4fb04a16fa","2022-02-10 13:18:23.671"
"AA","72.990","1","73.030","1","16","72.42","c044fd0c-017c-4278-abd8-2c3c590fb03e","2022-02-10 13:18:23.671"
"AA","72.970","2","73.010","1","16","72.42","66d4286e-cafa-41b9-bf1a-a7a608e43f0c","2022-02-10 13:18:23.671"
"AA","72.970","2","73.010","1","16","72.42","17fe672b-e408-45e7-b1fe-79163bb9ebd8","2022-02-10 13:18:23.671"
"AA","72.960","3","73.000","1","16","72.42","dac0bfee-194c-45c2-acb5-f9ca81761c59","2022-02-10 13:18:23.671"
"AA","72.370","2","72.410","1","-16","72.42","09f35f62-c4be-4c4c-9823-8efd438dddbf","2022-02-10 13:18:30.998"
"AA","72.380","1","72.430","2","-16","72.43","99ed5795-d927-4328-9bf0-8e2f2be61475","2022-02-10 13:18:46.863"
"AA","72.380","1","72.430","2","-16","72.43","13203c9b-c520-4d12-8d19-565d3da79be4","2022-02-10 13:18:46.863"
"AA","72.380","1","72.430","2","-16","72.43","fd5da555-4cdb-4534-868b-46a300dd3936","2022-02-10 13:18:46.863"
"AA","72.380","1","72.430","2","-16","72.43","a11dde98-63a3-422a-9ffd-c0c28fefeb24","2022-02-10 13:18:46.863"
"AA","72.360","1","72.380","1","-16","72.38","56ec003a-a761-4162-b550-dc14fdf15665","2022-02-10 13:19:08.576"
"AA","72.330","3","72.360","1","-16","72.36","e3edeb9d-ab40-41df-a14d-6752ad4aad79","2022-02-10 13:19:26.833"
"AA","72.320","1","72.350","1","-16","72.35","7c88e7db-317b-41bb-845c-b229e97b7767","2022-02-10 13:19:35.552"
"AA","72.610","1","72.630","1","16","72.63","54160826-cacf-486b-87bb-a978714f167a","2022-02-10 13:27:50.006"
"AA","72.450","1","72.490","1","-16","72.50","8e82984d-d3cc-4603-912f-bb632363173e","2022-02-10 13:29:12.258"
"AA","72.490","1","72.510","1","16","72.24","4ad79c4b-50a4-42dd-b42a-70cd5d96ee19","2022-02-10 13:55:28.421"
"AA","72.400","4","72.440","1","16","72.11","bfd64f60-d979-4f4d-9008-a258d0b97800","2022-02-10 14:01:17.943"
"AA","72.040","4","72.090","3","-16","72.09","ae24006c-68c7-405c-8899-528bf663efca","2022-02-10 14:02:12.754"
"AA","72.060","1","72.090","5","-16","72.09","6bd200ec-a0e8-4a52-9886-f3ddef53cc16","2022-02-10 14:02:12.754"
"AA","72.400","1","72.430","1","16","71.98","ac1c43d7-5e6c-4e6e-be1c-177e4b394248","2022-02-10 14:04:04.169"
"AA","72.330","4","72.370","6","16","71.98","8fbf0469-2298-433d-b68e-dce53ef777bb","2022-02-10 14:04:04.169"
"AA","72.360","1","72.390","14","16","71.98","83d7f93d-0028-4d7c-aa40-1a5a49d68884","2022-02-10 14:04:04.169"
"AA","72.340","1","72.370","4","16","71.97","7b52a84c-3a25-4e34-af00-d2685a821823","2022-02-10 14:04:09.231"
"AA","71.910","3","71.930","1","-16","71.94","6f7b0b79-e646-4492-9711-6cf1d3366eeb","2022-02-10 14:05:00.029"
"AA","71.790","4","71.820","5","-16","71.82","cc3fcfdb-1eef-4433-87c3-1eaf0ac243ef","2022-02-10 14:05:30.435"
"AA","71.790","4","71.820","5","-16","71.82","3a3ee263-7a53-49b3-b260-924a06ad50bc","2022-02-10 14:05:30.435"
"AA","71.800","1","71.820","1","-16","71.82","b36abbc0-a8b0-4741-b120-160dbfcb57ae","2022-02-10 14:05:44.790"
"AA","71.640","2","71.650","6","16","71.55","34d87ee5-e391-4b0a-ae4d-a9d03f7f0b7a","2022-02-10 14:44:16.631"
"AA","71.660","1","71.680","1","16","71.53","49150eb0-5e16-495d-8a44-3509b7f27871","2022-02-10 14:44:21.264"
"AA","71.640","3","71.670","1","16","71.53","00191fe1-ea65-4792-8889-37675d1cafe4","2022-02-10 14:44:21.264"
"AA","71.640","1","71.650","1","16","71.53","94c0e4d8-ceda-453f-81b8-19be712460c1","2022-02-10 14:44:21.264"
"AA","71.650","2","71.690","6","16","71.53","32ef104f-a040-4022-8599-e068507d9962","2022-02-10 14:44:21.264"
"AA","71.640","1","71.660","1","16","71.53","eb21fd0c-fd46-4b20-a07d-016f5b372d2d","2022-02-10 14:44:21.264"
"AA","71.620","1","71.630","3","-16","71.63","58d8b953-061e-4636-b08a-313e84bba784","2022-02-10 14:44:41.204"
"AA","71.620","1","71.630","3","-16","71.63","341370b2-c7a5-4393-a4e6-69bd9893bd7d","2022-02-10 14:44:41.204"
"AA","71.620","1","71.630","3","-16","71.63","ed2eb418-6f59-4b20-b4a1-9b027cd982fc","2022-02-10 14:44:41.204"
"AA","71.540","1","71.570","12","-16","71.57","dd56bc3d-5cbd-44f0-9c38-2f3a2ac15d18","2022-02-10 14:45:01.016"
"AA","71.550","1","71.590","6","-16","71.59","0913c11c-8902-4f4b-9884-4e725b5d835d","2022-02-10 14:45:04.597"
"AA","71.550","1","71.590","6","-16","71.59","a449de80-423e-46c5-98d4-a84784b5af5f","2022-02-10 14:45:04.597"
"AA","71.710","2","71.750","4","16","71.51","1c9a86f3-e4a5-449f-a199-34dd51b5a057","2022-02-10 14:51:01.687"
"AA","71.730","3","71.780","1","16","71.51","9c6d2eeb-7982-4606-98fa-7ebd5b3ad6e7","2022-02-10 14:51:01.687"
"AA","71.720","3","71.730","1","16","71.51","131fc4cc-1db6-4326-bf39-8b4c0374d2f0","2022-02-10 14:51:01.687"
"AA","71.660","1","71.690","7","16","71.51","3c081c7e-55a4-403b-81de-cd54db80d344","2022-02-10 14:51:01.687"
"AA","71.640","1","71.640","10","16","71.50","38ce059a-d7f3-4c1a-becc-a960aa42a554","2022-02-10 14:51:01.700"
"AA","71.420","1","71.450","3","-16","71.45","d5a181c7-d440-4f80-bdac-7643035b8c63","2022-02-10 14:51:30.613"
"AA","71.420","1","71.450","3","-16","71.45","208184ae-ad6f-4451-8cfc-85665eac5b0d","2022-02-10 14:51:30.613"
"AA","71.420","1","71.450","3","-16","71.45","38e204df-3eaa-4414-b05f-2a86c2e9586f","2022-02-10 14:51:30.613"
"AA","71.450","2","71.480","5","-16","71.48","d83cd930-c4c9-4e46-aad2-4cde7317fe82","2022-02-10 14:51:41.320"
"AA","71.480","1","71.500","4","-16","71.50","846ca94b-0ab8-42e8-8fac-53cb8ffb4884","2022-02-10 14:51:58.550"
"AA","71.580","1","71.590","1","16","71.45","b80894ef-cf10-4e15-9be3-39ee7f7f40e4","2022-02-10 14:53:31.960"
"AA","71.510","2","71.530","1","16","71.45","4a1457e9-1af7-476d-b7d6-d689d0152b48","2022-02-10 14:53:31.960"
"AA","71.480","2","71.510","5","16","71.45","78dd6e9a-1b55-49f1-b549-12a1919d58e0","2022-02-10 14:53:31.960"
"AA","71.420","1","71.450","5","-16","71.45","a385925e-bb15-4cc9-87fb-0b98086522a2","2022-02-10 14:53:53.157"
"AA","71.420","1","71.450","5","-16","71.45","aa3cd13a-c4ef-40aa-b724-72304736af04","2022-02-10 14:53:53.157"
"AA","71.450","1","71.460","2","-16","71.46","791a5656-23dc-4304-8d13-5f6989acc536","2022-02-10 14:54:01.090"
"AA","71.800","1","71.810","1","16","71.25","66be71a6-145e-48b7-b119-d47199f62452","2022-02-10 15:02:05.063"
"AA","71.790","1","71.830","5","16","71.25","90320cb8-108a-4710-b0e8-bdba2cc43fd3","2022-02-10 15:02:05.063"
"AA","71.780","2","71.810","3","16","71.25","de3caf68-1b06-4602-9789-1e653e9b0e2e","2022-02-10 15:02:05.063"
"AA","71.790","1","71.810","2","16","71.25","9d2d9039-751d-438d-9d8e-8c5502eb5ac4","2022-02-10 15:02:05.063"
"AA","71.780","1","71.790","8","16","71.25","6c47482f-bc49-404b-bdc5-42df643ffaac","2022-02-10 15:02:05.063"
"AA","71.700","2","71.730","6","16","71.25","9ab9521c-d674-4a39-8fd1-358968fb13af","2022-02-10 15:02:05.063"
"AA","71.600","2","71.610","1","16","71.25","f6ed26aa-8777-42fd-9a76-b64c3a892723","2022-02-10 15:02:05.063"
"AA","71.590","1","71.620","4","16","71.25","92c2759f-1618-4266-9cef-3f4030e49ed1","2022-02-10 15:02:05.063"
"AA","71.640","2","71.660","1","16","71.25","8dc3d760-9c87-464c-a0da-94c548ba8333","2022-02-10 15:02:05.063"
"AA","71.580","1","71.600","5","16","71.25","084aa905-bc76-4e30-9d08-56dfdcd1b61e","2022-02-10 15:02:05.063"
"AA","71.160","2","71.200","4","-16","71.20","1208a4ff-bf78-484f-86a5-d9cf3370e5fb","2022-02-10 15:02:43.309"
"AA","71.160","2","71.200","4","-16","71.20","660107bb-d4c7-4a95-b053-e9900d2e143f","2022-02-10 15:02:43.309"
"AA","71.160","2","71.200","4","-16","71.20","fe242aa9-c7f6-4c4c-bd61-3b6a709cb346","2022-02-10 15:02:43.309"
"AA","71.160","2","71.200","4","-16","71.20","db7852f5-f140-41c9-b1fa-cfa9e5d54652","2022-02-10 15:02:43.309"
"AA","71.220","2","71.240","1","-16","71.25","a74a62eb-bdce-41bf-9111-20864e2ad171","2022-02-10 15:03:02.921"
"AA","71.240","1","71.270","6","-16","71.27","ab31ebf5-64b1-46a2-8960-a8fd464cf3b7","2022-02-10 15:03:14.253"
"AA","71.240","1","71.270","6","-16","71.27","833afac7-c2db-487c-9a7a-8c3e71c66119","2022-02-10 15:03:14.253"
"AA","71.260","1","71.280","1","-16","71.28","e285a683-846b-4f67-b645-edede37cb850","2022-02-10 15:03:15.436"
"AA","71.260","1","71.280","1","-16","71.28","8303f0f4-fb8f-4de8-b7da-bb64b0d0a4ed","2022-02-10 15:03:15.436"
"AA","71.260","1","71.280","1","-16","71.28","88875852-293d-4e43-9487-b9aabef53190","2022-02-10 15:03:15.436"
"AA","71.300","3","71.330","5","16","71.33","53cd2322-ae35-4800-b084-295ba9076e97","2022-02-10 15:06:10.006"
"AA","71.470","1","71.480","1","-16","71.49","f7007dac-c456-4b3c-a3b7-644c2078c33d","2022-02-10 15:07:00.109"
"AA","71.560","3","71.600","7","16","71.49","fa1e6718-aca1-4042-b3ca-e63fc5f12e37","2022-02-10 15:08:51.474"
"AA","71.580","1","71.600","1","-16","71.60","f9bbf646-870c-412b-9275-782461cd289a","2022-02-10 15:09:31.221"
"AA","71.810","3","71.830","4","16","71.41","4e94088d-27e1-4b32-8b0b-cdd9177a3b51","2022-02-10 15:21:57.941"
"AA","71.760","1","71.780","2","16","71.41","27c44fa5-30b8-4c72-9421-2f09e82fc45b","2022-02-10 15:21:57.941"
"AA","71.770","1","71.800","1","16","71.41","4dce515c-4d60-40fd-b800-4186d3db6c15","2022-02-10 15:21:57.941"
"AA","71.780","1","71.800","2","16","71.41","89d94dda-aec4-4d1f-94f0-90451d92bcab","2022-02-10 15:21:57.941"
"AA","71.790","2","71.820","5","16","71.41","d31e02ff-c763-416c-8212-ceb4f76c65f1","2022-02-10 15:21:57.941"
"AA","71.800","4","71.820","2","16","71.41","7e33a224-c477-4e90-8e4a-0581e93c88e8","2022-02-10 15:21:57.941"
"AA","71.750","5","71.780","3","16","71.41","2525ad72-cc7a-413e-836d-3a116f56f1db","2022-02-10 15:21:57.941"
"AA","71.750","2","71.780","11","16","71.40","20f2ff39-939d-4e84-833f-a83cf0dfeb3f","2022-02-10 15:22:00.453"
"AA","71.740","1","71.770","1","16","71.40","f9a9468e-c5a6-458b-9195-cc188cc63c85","2022-02-10 15:22:00.453"
"AA","71.720","1","71.750","1","16","71.40","5695f733-49e6-4571-ba6d-60de9aa25bba","2022-02-10 15:22:00.453"
"AA","71.750","2","71.780","1","16","71.40","d73c2209-6fe9-4286-9262-053dcfe1b96b","2022-02-10 15:22:00.453"
"AA","71.420","2","71.450","3","-16","71.45","cb392b50-c5e9-4141-a178-66e664f34629","2022-02-10 15:22:57.380"
"AA","71.420","2","71.450","3","-16","71.45","dea669d4-84ed-43ba-84ab-cea054c471ad","2022-02-10 15:22:57.380"
"AA","71.420","2","71.450","3","-16","71.45","76dc4ea8-54f1-4f68-bd38-291878cb10e1","2022-02-10 15:22:57.380"
"AA","71.420","2","71.450","3","-16","71.45","f1c9664f-4827-4a1a-8ab7-b535998b0a1b","2022-02-10 15:22:57.380"
"AA","71.420","2","71.450","3","-16","71.45","f6433424-e061-49c4-a6d1-41217f13f8b5","2022-02-10 15:22:57.380"
"AA","71.420","2","71.450","3","-16","71.45","c651f387-3e55-474a-99bb-14632280612e","2022-02-10 15:22:57.380"
"AA","71.500","1","71.530","2","-16","71.53","94ebc7bb-4199-4d72-8a5b-33398c786a4d","2022-02-10 15:23:00.246"
"AA","71.500","1","71.530","2","-16","71.53","5e94153c-c5c0-44fe-ac06-28c5f702ab36","2022-02-10 15:23:00.246"
"AA","71.500","1","71.530","2","-16","71.53","2e5bfe48-9cb6-4d7d-97e3-91e0a5b4187c","2022-02-10 15:23:00.246"
"AA","71.470","3","71.490","1","-16","71.51","e6d4fc84-8ba3-41e1-bdd5-f170704f8f64","2022-02-10 15:23:26.285"
"AA","71.470","1","71.510","2","-16","71.51","15af8747-c859-4a43-af81-c212ad4edb2b","2022-02-10 15:24:22.923"
"AA","71.810","2","71.830","1","16","71.30","7b493772-2c76-4a72-becc-f021d527ea1c","2022-02-10 15:30:03.330"
"AA","71.810","2","71.840","2","16","71.30","05a669bf-1e7e-489b-b698-6f376b0b0eed","2022-02-10 15:30:03.330"
"AA","71.760","1","71.790","1","16","71.30","acbc1338-9cb7-4390-b39a-8007a79dc3cb","2022-02-10 15:30:03.330"
"AA","71.590","2","71.610","1","16","71.29","5cc49882-b017-4ca9-b239-87d5f2fe9670","2022-02-10 15:30:04.818"
"AA","71.570","1","71.590","1","16","71.29","754a3aaa-e0a4-439e-b574-b3df1494a695","2022-02-10 15:30:04.818"
"AA","71.550","2","71.570","1","16","71.29","255e4c37-80f9-477e-b5cc-d1e753eee5c7","2022-02-10 15:30:04.818"
"AA","71.560","1","71.580","1","16","71.29","28546df7-57c0-45b8-855c-936feabe2b45","2022-02-10 15:30:04.818"
"AA","71.730","1","71.760","5","16","71.23","00256ec6-4bd2-42cd-a00a-46ac334390e1","2022-02-10 15:30:33.699"
"AA","71.630","1","71.660","1","16","71.22","a84bc4cb-5ff2-4865-8052-a108b55a817f","2022-02-10 15:30:33.704"
"AA","71.540","1","71.580","3","16","71.22","4e60e194-2a1b-4509-8ad6-070b0655506b","2022-02-10 15:30:33.704"
"AA","71.510","2","71.530","1","16","71.22","b3af4706-a9a8-49d1-bedd-b39630fe2285","2022-02-10 15:30:33.704"
"AA","70.730","2","70.750","1","-176","70.73","5e4a051c-2773-412b-8188-aab82d58b7d4","2022-02-10 15:48:00.006"
"AG","10.960","46","10.970","16","110","10.89","7b890c73-3e72-4919-a2c4-72e93086102c","2022-02-10 10:15:15.514"
"AG","10.960","10","10.970","24","110","10.89","4e5599d5-f4ef-477c-8e94-a62a3097ac1c","2022-02-10 10:15:15.514"
"AG","10.960","1","10.960","14","110","10.89","b13a0124-0ac5-4092-9aa8-c2af07e95479","2022-02-10 10:15:15.514"
"AG","10.950","28","10.960","2","110","10.89","51a06c50-211a-4d52-9523-db3679ca1a3e","2022-02-10 10:15:15.514"
"AG","10.980","5","10.990","83","110","10.88","73093e30-ba22-4773-b345-e905813d1074","2022-02-10 10:15:23.244"
"AG","10.950","35","10.960","2","110","10.88","c860c2a8-1ab5-44b3-9a76-642bd7dcbc24","2022-02-10 10:15:23.244"
"AG","10.880","13","10.890","26","-110","10.89","70451257-93ca-467d-9e2a-3181d86a98a7","2022-02-10 10:15:53.203"
"AG","10.880","13","10.890","26","-110","10.89","c003b91d-409a-48bb-a604-59fb39fd63bb","2022-02-10 10:15:53.203"
"AG","10.880","13","10.890","26","-110","10.89","a040b0f8-b62b-4290-9d6d-b6aeab5815df","2022-02-10 10:15:53.203"
"AG","10.880","14","10.890","21","-110","10.89","41f072b3-12be-4df9-85a2-746227f1ea30","2022-02-10 10:15:53.203"
"AG","10.880","14","10.890","21","-110","10.89","c58853a3-0241-4bed-8ae9-7cf50cf29da2","2022-02-10 10:15:53.203"
"AG","10.880","16","10.890","21","-110","10.89","d2968633-fd83-4c6b-8903-2c5a222041f8","2022-02-10 10:16:01.023"
"AG","10.950","35","10.960","2","110","10.86","d23f3131-0a28-4222-84ce-d87c0941974e","2022-02-10 10:16:20.721"
"AG","10.930","14","10.940","12","110","10.86","d813170a-108c-4fdc-8945-3259351c3650","2022-02-10 10:16:20.721"
"AG","10.930","12","10.940","8","110","10.86","3d00f286-823f-40d8-9f5f-a173686c76ac","2022-02-10 10:16:20.721"
"AG","10.870","6","10.880","24","-110","10.88","4e7cf9d8-2eba-488a-9f34-11f3f41c7323","2022-02-10 10:17:06.112"
"AG","10.870","6","10.880","24","-110","10.88","c09ca189-be31-45f4-b9ff-743918e066d3","2022-02-10 10:17:06.112"
"AG","10.880","23","10.880","1","-110","10.88","ac4c324c-7948-4959-9a73-f3479e1efd0b","2022-02-10 10:17:10.006"
"AG","10.850","24","10.860","3","110","10.84","39223eb7-2b9f-4022-a0dd-0ec5bf4fd570","2022-02-10 10:24:48.445"
"AG","10.860","14","10.870","19","110","10.84","ec63985f-96c8-45f0-b5cc-953c926aea76","2022-02-10 10:24:48.445"
"AG","10.860","1","10.870","30","110","10.84","2be606eb-2a5a-465e-a434-e561607d5a55","2022-02-10 10:24:48.445"
"AG","10.820","23","10.830","27","-110","10.83","90cb848e-10d6-4fc1-98e8-b84f090c6516","2022-02-10 10:25:31.464"
"AG","10.820","23","10.830","27","-110","10.83","49beaff1-e76c-430a-aa42-f8e9a51dcc0c","2022-02-10 10:25:31.464"
"AG","10.820","20","10.830","14","-110","10.83","9f29d542-2416-49c1-85c4-668bcffba762","2022-02-10 10:26:25.101"
"AG","11.000","8","11.010","23","110","10.97","4f0004bb-09b1-414a-9b90-95856bf42bda","2022-02-10 10:55:12.718"
"AG","10.960","30","10.970","5","-110","10.97","6d85526a-626b-4e1c-ac9d-8390e92aac85","2022-02-10 10:55:33.027"
"AG","11.090","7","11.100","46","110","11.04","08be63da-4de7-4003-8b59-be07a059d6fc","2022-02-10 11:36:10.692"
"AG","11.080","22","11.090","25","110","11.03","2ca963cc-afec-468c-8147-8fcf49b1040a","2022-02-10 11:36:17.235"
"AG","11.080","17","11.090","26","110","11.03","22100783-343b-419a-aded-c955621e4a6c","2022-02-10 11:36:17.235"
"AG","11.090","33","11.100","7","110","11.03","887faaaf-6bd2-4409-b1e6-03ae0f37ed96","2022-02-10 11:36:17.235"
"AG","11.090","13","11.100","29","110","11.03","cf63e710-c986-4cb0-afe1-a4ceae77ebc4","2022-02-10 11:36:17.235"
"AG","11.090","27","11.100","17","110","11.03","a5a41d3b-9ac9-4c3c-a6c9-81fac24db33d","2022-02-10 11:36:17.235"
"AG","11.080","31","11.090","14","110","11.03","6cf89516-e3d5-4bd4-b5cb-b63f0ea2f45a","2022-02-10 11:36:17.235"
"AG","11.080","8","11.090","31","110","11.03","25934003-22db-4260-ad03-3e21d75affcb","2022-02-10 11:36:17.235"
"AG","11.080","9","11.090","44","110","11.03","c0c8a459-2d58-47fa-bc85-44760bbf323f","2022-02-10 11:36:17.235"
"AG","11.070","39","11.080","7","110","11.03","78d2ac28-3085-4c25-8e71-14848991d3f0","2022-02-10 11:36:17.235"
"AG","11.050","8","11.060","58","110","11.03","9683c866-caea-40e0-b741-b025d0ff1a28","2022-02-10 11:36:17.235"
"AG","11.050","32","11.060","41","110","11.03","4d247652-af37-42e2-b770-a58e88ae171b","2022-02-10 11:36:17.235"
"AG","11.040","28","11.050","10","-110","11.05","c5047827-31fd-4439-8d3b-bf3c1e6c2f52","2022-02-10 11:38:58.664"
"AG","11.040","28","11.050","10","-110","11.05","e9c23d54-7198-4287-b4e4-79586f353a65","2022-02-10 11:38:58.664"
"AG","11.040","28","11.050","10","-110","11.05","368d4338-03ad-4371-8709-96b80072dfcf","2022-02-10 11:38:58.664"
"AG","11.040","28","11.050","10","-110","11.05","d156cc93-d7c7-42c9-b9e5-42e247be0581","2022-02-10 11:38:58.664"
"AG","11.040","29","11.050","21","-110","11.05","bd7fe73b-9ac3-42cc-90ec-e06e57b18946","2022-02-10 11:39:13.522"
"AG","11.040","29","11.050","21","-110","11.05","dbbab5b2-b320-453e-9595-b67b00de8c45","2022-02-10 11:39:13.522"
"AG","11.050","30","11.050","1","-110","11.05","123e3ec2-8ce2-4005-a97c-7e4980e438bb","2022-02-10 11:39:20.006"
"AG","11.050","30","11.050","1","-110","11.05","6eb132e4-4e81-4f2c-9f0c-d6c6ab959e29","2022-02-10 11:39:20.006"
"AG","11.050","30","11.050","1","-110","11.05","2714bc61-3281-4abf-bd8c-7da4fd988622","2022-02-10 11:39:20.006"
"AG","11.040","29","11.050","14","-110","11.05","a7fbd807-2567-4ad7-be0c-8062f61bb78a","2022-02-10 11:40:07.192"
"AG","11.050","2","11.050","47","-110","11.05","63f5d87b-ec29-4d12-8d13-2d2c23faa878","2022-02-10 11:40:30.006"
"AG","11.040","7","11.050","44","-110","11.05","070c8ded-1c17-4306-9bc1-b67b39adf96c","2022-02-10 11:41:39.829"
"AG","11.060","40","11.070","4","110","11.07","2757419f-9724-48fa-8e70-306c299e92a7","2022-02-10 11:44:00.006"
"AG","11.090","31","11.100","21","-110","11.10","b01c47a5-9e6d-436b-b498-2b92f84891d1","2022-02-10 11:45:46.835"
"AG","11.070","44","11.080","42","110","11.04","178e5749-9d24-43dc-b507-4a49da02ecdc","2022-02-10 12:04:46.000"
"AG","11.080","22","11.080","8","110","11.04","a96e4abd-8279-438e-889f-6067bd6cef67","2022-02-10 12:04:46.000"
"AG","11.080","22","11.080","8","110","11.04","ae97be87-1289-4416-b19e-956868b3f452","2022-02-10 12:04:46.000"
"AG","11.080","22","11.080","8","110","11.04","97026281-6c55-4341-8a63-5bd3ceafd7d4","2022-02-10 12:04:46.000"
"AG","11.080","22","11.080","8","110","11.04","b4da302d-d14c-4249-bc8d-82186a680f80","2022-02-10 12:04:46.000"
"AG","11.030","25","11.040","16","-110","11.04","c5d3b1a6-6c94-4964-982d-aabee1f432d6","2022-02-10 12:05:26.121"
"AG","11.030","25","11.040","16","-110","11.04","00b518d6-b851-4104-9465-0480f43fbb2a","2022-02-10 12:05:26.121"
"AG","11.030","12","11.040","37","-110","11.04","ccff08b0-9416-44a0-8188-2d53d7d380f1","2022-02-10 12:05:56.145"
"AG","11.030","30","11.040","11","-110","11.04","349a083b-ae75-4645-a80d-5d53ae52d63f","2022-02-10 12:06:45.246"
"AG","11.030","30","11.040","11","-110","11.04","aa126480-80f0-49c6-afaa-ec1a7b25d1bd","2022-02-10 12:07:02.651"
"AG","11.050","14","11.060","30","110","11.06","57c4199b-1fb5-48cb-81f2-bf9f1142604f","2022-02-10 12:15:10.006"
"AG","11.030","25","11.040","38","-110","11.04","1d0e454f-65d8-4bfe-a171-2dd924c8d8cf","2022-02-10 12:17:42.273"
"AG","11.070","21","11.080","25","110","11.03","aec32b67-1141-496c-9418-6cc319cdceb4","2022-02-10 12:25:12.791"
"AG","11.040","30","11.050","23","-110","11.05","7810c144-a018-4004-97fc-fd5d982bafb6","2022-02-10 12:25:32.922"
"AG","11.060","27","11.070","26","110","11.03","b187ec0c-0361-4304-9880-592947d6cc42","2022-02-10 12:32:21.852"
"AG","11.060","15","11.070","35","110","11.03","bd877ef6-a1fa-4059-8db0-60d37ccc1053","2022-02-10 12:32:27.350"
"AG","11.060","13","11.070","44","110","11.03","e18246f5-dc1b-4b1c-a105-cbe25094d775","2022-02-10 12:32:27.350"
"AG","11.060","13","11.070","44","110","11.03","506b60bc-e640-44d2-8582-1ef8036c1f51","2022-02-10 12:32:27.350"
"AG","11.060","35","11.070","37","110","11.03","fbdebab0-67ed-4c3e-99ff-b6caaaaaaebd","2022-02-10 12:32:27.350"
"AG","11.050","14","11.060","23","110","11.03","6b00f4a9-eb2a-4057-af3a-748417bc8713","2022-02-10 12:32:27.350"
"AG","11.060","14","11.070","25","110","11.03","df4714b8-6045-42c7-96ff-94ed5bdb7ef3","2022-02-10 12:32:27.350"
"AG","11.060","10","11.070","47","110","11.03","0dd6b2cd-c777-453f-8fe3-aa331321fed7","2022-02-10 12:32:27.350"
"AG","11.060","24","11.070","44","110","11.03","b3d73c21-29b1-44b8-9b71-8eb6a510b516","2022-02-10 12:32:27.350"
"AG","11.060","26","11.070","22","110","11.03","5939b92e-7f47-4b45-ad72-1bd8ef0fa801","2022-02-10 12:32:27.350"
"AG","11.060","12","11.070","39","110","11.03","f194a902-bc41-4bf9-a186-338f363ae59f","2022-02-10 12:32:27.350"
"AG","11.060","12","11.070","39","110","11.03","079e44f2-3427-46c6-8e20-d6e7b4e4de42","2022-02-10 12:32:27.350"
"AG","11.110","25","11.120","36","110","11.02","fdc4623c-cbce-438f-986d-cbd1461a197a","2022-02-10 12:32:43.213"
"AG","11.110","25","11.120","36","110","11.02","565b9bb5-4e25-4174-9416-835901beb285","2022-02-10 12:32:43.213"
"AG","11.120","40","11.130","22","110","11.02","e17f2120-ce47-4b62-ab6d-a330dc26b15c","2022-02-10 12:32:43.213"
"AG","11.120","30","11.130","23","110","11.02","98645389-4ff0-4306-9aba-4728d39c2720","2022-02-10 12:32:43.213"
"AG","11.110","42","11.120","16","110","11.02","55122869-a3bd-4700-98f0-f2d331d6bcdb","2022-02-10 12:32:43.213"
"AG","11.020","20","11.030","61","-110","11.03","9929630c-68a2-4124-b9aa-13ab07b0782f","2022-02-10 12:33:13.863"
"AG","11.020","20","11.030","61","-110","11.03","ef105e62-08b5-4365-a62c-4c493e4c3ef6","2022-02-10 12:33:13.863"
"AG","11.020","20","11.030","61","-110","11.03","dedbb7cc-9365-405b-a4dc-6b30cf323e4e","2022-02-10 12:33:13.863"
"AG","11.020","20","11.030","61","-110","11.03","d500c5c7-833e-41a0-8d3b-6c99bd280328","2022-02-10 12:33:13.863"
"AG","11.020","20","11.030","61","-110","11.03","fc445a98-d1bd-4cbe-aa4b-9fac07ab30c9","2022-02-10 12:33:13.863"
"AG","11.020","20","11.030","61","-110","11.03","631060e0-cd6d-4356-bfdf-676ee34dc61c","2022-02-10 12:33:13.863"
"AG","11.020","12","11.030","74","-110","11.03","e53b1b2c-f7c7-4c15-8059-0bc96abff2b0","2022-02-10 12:33:13.863"
"AG","11.020","12","11.030","74","-110","11.03","a949e032-24d9-4068-a74f-aa06bc621499","2022-02-10 12:33:13.863"
"AG","11.020","12","11.030","74","-110","11.03","5cb46a5b-f4db-4dad-b324-31d634dc0291","2022-02-10 12:33:13.863"
"AG","11.020","13","11.030","69","-110","11.03","4066c9a1-45d3-4828-9631-f5fb01f58a84","2022-02-10 12:33:13.863"
"AG","11.020","13","11.030","69","-110","11.03","876b3202-de39-447c-b44f-ac7d6712e6b1","2022-02-10 12:33:13.863"
"AG","11.020","13","11.030","69","-110","11.03","2001bd4b-bcc0-4e08-8ff7-dc89b70de337","2022-02-10 12:33:13.863"
"AG","11.000","44","11.010","51","-110","11.01","46b065c6-c99d-402b-ba75-65b70f05afa6","2022-02-10 12:34:43.499"
"AG","11.000","44","11.010","51","-110","11.01","d25d505f-8e57-4896-8f32-c685dfaaa3f3","2022-02-10 12:34:43.499"
"AG","11.000","47","11.010","42","-110","11.01","71f3acf4-2ba8-4ebe-90b5-223d0aa9c4f7","2022-02-10 12:35:14.404"
"AG","11.000","47","11.010","42","-110","11.01","24ce0b76-a9b1-4031-9950-c3594c0cabc7","2022-02-10 12:35:14.404"
"AG","11.000","24","11.010","51","-110","11.01","f27ea08e-c532-4d19-a541-f07d3399c41d","2022-02-10 12:35:14.404"
"AG","10.920","36","10.930","25","110","10.88","4439dcdf-c90f-41fa-ba6e-627f7e0e5b88","2022-02-10 13:17:09.842"
"AG","10.870","33","10.880","22","-110","10.88","fe3586fd-a2bc-44fa-8a38-9c89c60d98d4","2022-02-10 13:17:24.119"
"AG","10.940","36","10.950","10","110","10.86","90413404-3efd-45fa-ba2c-575b409899b6","2022-02-10 13:17:45.983"
"AG","10.860","16","10.870","21","-110","10.87","6a4c72fd-dc3f-44df-aa08-c9de9fa27fc5","2022-02-10 13:18:22.086"
"AG","10.960","13","10.970","36","110","10.85","16eb1808-6288-4d15-8c72-f5192c90ef86","2022-02-10 13:18:59.475"
"AG","10.960","11","10.970","35","110","10.85","b4dd3a48-215c-485b-ba30-933bad5ecbed","2022-02-10 13:18:59.475"
"AG","10.960","30","10.970","15","110","10.85","e5abb3fd-12d0-486d-aefa-dd925687d5df","2022-02-10 13:18:59.475"
"AG","10.960","11","10.970","32","110","10.85","5df72f9e-cee6-49e8-9a35-2d00e377913f","2022-02-10 13:18:59.475"
"AG","10.950","30","10.960","15","110","10.85","9b7d2793-d6c7-4918-b587-53ad8ee1cf99","2022-02-10 13:18:59.475"
"AG","10.950","25","10.960","20","110","10.85","f91dd902-2523-4b5e-9bf4-9d737d3626e6","2022-02-10 13:18:59.475"
"AG","10.950","2","10.960","45","110","10.85","99dc9586-9fc6-4f08-a845-3041099cb477","2022-02-10 13:18:59.475"
"AG","10.940","18","10.950","28","110","10.85","5f3a735c-087f-4610-a45d-014350d9b44a","2022-02-10 13:18:59.475"
"AG","10.940","39","10.950","7","110","10.85","908317c0-d279-4de7-a05b-f2e0de6c95d0","2022-02-10 13:18:59.475"
"AG","10.940","40","10.950","1","110","10.85","0fe0a1c2-0e1d-4dcb-9f50-1a618077a961","2022-02-10 13:18:59.475"
"AG","10.840","27","10.850","42","-110","10.85","085c9923-9940-45f7-ae97-d4ec00b1de43","2022-02-10 13:19:17.849"
"AG","10.840","27","10.850","42","-110","10.85","cfd3760e-9ba4-47f9-8c6e-471c2c2e5d5f","2022-02-10 13:19:17.849"
"AG","10.840","27","10.850","42","-110","10.85","f31e7873-3ac5-4f9d-90bb-652732d09648","2022-02-10 13:19:17.849"
"AG","10.840","27","10.850","42","-110","10.85","eb67f62f-f330-4c18-959f-08d672f40835","2022-02-10 13:19:17.849"
"AG","10.840","27","10.850","42","-110","10.85","6ae9cac1-a75c-40f5-9d85-a982fa93aa26","2022-02-10 13:19:17.849"
"AG","10.930","27","10.940","27","110","10.84","aea3737a-8995-4edf-9b09-00589e4860aa","2022-02-10 13:19:29.013"
"AG","10.950","26","10.960","18","110","10.84","a4e89096-d213-4a45-89a2-faf28361a64b","2022-02-10 13:19:29.013"
"AG","10.960","33","10.960","1","110","10.84","8f9c4bab-04f4-4c4f-bcb2-e42ac027d7ee","2022-02-10 13:19:29.013"
"AG","10.950","21","10.960","24","110","10.84","06a653e7-4d82-4d97-b28c-3b008f2600af","2022-02-10 13:19:29.013"
"AG","10.950","29","10.960","11","110","10.84","17934484-9cc1-4f3a-9a68-102ff34de024","2022-02-10 13:19:29.013"
"AG","10.830","26","10.840","22","-110","10.84","14210148-f7cd-41c1-a143-be26bef713b8","2022-02-10 13:19:32.781"
"AG","10.830","49","10.840","38","-110","10.84","c623b244-86af-44ac-8d7b-a65452f6eab4","2022-02-10 13:19:46.893"
"AG","10.830","49","10.840","38","-110","10.84","4d7e0f78-d8c1-4b9e-a1d5-9cd6c17c6904","2022-02-10 13:19:46.893"
"AG","10.830","49","10.840","38","-110","10.84","763c47e6-f2e6-416d-9e04-f45f0a8bfaf3","2022-02-10 13:19:46.893"
"AG","10.830","49","10.840","38","-110","10.84","731200da-3c6a-4433-8f33-4f4cb7b8c6df","2022-02-10 13:19:46.893"
"AG","10.830","49","10.840","38","-110","10.84","c83e4ecf-3e4e-44a8-b79f-f7894996edc0","2022-02-10 13:19:46.893"
"AG","10.830","42","10.840","6","-110","10.84","93b796bf-3756-4346-acc7-0c3b96118e1d","2022-02-10 13:19:52.318"
"AG","10.830","42","10.840","6","-110","10.84","e6d24a4f-a909-4913-86df-926dd7e7af9d","2022-02-10 13:19:52.318"
"AG","10.830","27","10.840","19","-110","10.84","5de0ab82-1c0d-4359-9caa-5e78c883fa8d","2022-02-10 13:20:02.948"
"AG","10.820","15","10.830","26","-110","10.83","9767f46a-a546-4255-afd6-77f189fb87bd","2022-02-10 13:20:30.502"
"AG","10.810","12","10.820","27","110","10.76","cdb8f4be-b4ba-48fc-8d40-caf2d35249da","2022-02-10 14:05:28.879"
"AG","10.800","46","10.810","14","110","10.76","7f7777dd-0e8b-4b7e-aef4-cd7ff1e099d2","2022-02-10 14:05:28.879"
"AG","10.800","33","10.810","5","110","10.76","95749453-1373-485d-91ff-1a109b846444","2022-02-10 14:05:28.879"
"AG","10.810","23","10.820","4","110","10.76","57ab3047-68c2-425c-986c-f3ee00ac9716","2022-02-10 14:05:28.879"
"AG","10.810","23","10.820","4","110","10.76","2370cabc-700b-488f-abff-007525a50610","2022-02-10 14:05:28.879"
"AG","10.810","23","10.820","4","110","10.76","91fc26cf-52ae-4dd3-90ce-3ba2ae2be126","2022-02-10 14:05:28.879"
"AG","10.760","11","10.770","25","-110","10.77","8f212891-1598-43b6-96e9-1e1f71da4894","2022-02-10 14:06:04.390"
"AG","10.760","11","10.770","25","-110","10.77","19ce655c-a2e9-4d0f-b823-5a6190851a61","2022-02-10 14:06:04.390"
"AG","10.760","27","10.770","9","-110","10.77","d11850fc-9fd2-4d1b-ace5-16a771fc4604","2022-02-10 14:06:16.773"
"AG","10.760","27","10.770","9","-110","10.77","26d5ed8e-cc1a-4760-a677-58ba460f9288","2022-02-10 14:06:16.773"
"AG","10.770","32","10.780","34","-110","10.78","e151456e-7e70-44b9-b046-56aaea4dae02","2022-02-10 14:06:42.148"
"AG","10.780","26","10.790","16","-110","10.79","6fdc40d6-b6c4-48c3-809b-c849e48e4ea8","2022-02-10 14:07:31.753"
"AG","10.900","3","10.910","18","110","10.69","41dd206c-0077-4e19-b7b2-12bb6b0da167","2022-02-10 14:19:30.087"
"AG","10.890","5","10.900","10","110","10.69","9094b3c7-efb2-42dc-a72d-47b9281b4254","2022-02-10 14:19:30.087"
"AG","10.890","18","10.890","1","110","10.69","5e602adb-8a14-4f77-9561-091f6b39f704","2022-02-10 14:19:30.087"
"AG","10.710","24","10.720","17","-110","10.72","ced5cb26-aad2-45b6-b19a-a9fe8610a8b1","2022-02-10 14:20:36.737"
"AG","10.720","28","10.720","2","-110","10.72","5a1d079e-071e-4087-bcdb-095e90f4cb01","2022-02-10 14:20:40.006"
"AG","10.720","28","10.720","2","-110","10.72","6af8765b-31b8-4441-8f89-0b81e0d07841","2022-02-10 14:20:50.006"
"AG","10.750","50","10.760","27","110","10.76","842b09a8-10e0-4ef0-9e4b-98a66831c9a4","2022-02-10 14:26:10.006"
"AG","10.740","52","10.750","5","-110","10.75","99b41bb6-2e24-4409-8f4e-174463820eec","2022-02-10 14:31:51.509"
"AG","10.740","32","10.750","18","110","10.71","3bf50955-4165-438b-8a82-bcbb52763144","2022-02-10 14:42:15.007"
"AG","10.730","38","10.740","15","110","10.71","eddbdbe6-4929-47e1-be27-ad401a2fe9b4","2022-02-10 14:42:15.007"
"AG","10.750","19","10.760","19","110","10.69","1283ce79-2c1a-4068-9a4f-758aaf931013","2022-02-10 14:43:13.097"
"AG","10.750","26","10.760","14","110","10.69","41b07319-1ac1-4aab-aa70-e7d5bc4bcb7b","2022-02-10 14:43:13.097"
"AG","10.740","40","10.750","28","110","10.69","577e3c9b-9098-4559-a2d5-45788efb23a0","2022-02-10 14:43:13.097"
"AG","10.740","73","10.750","1","110","10.69","8305198d-e154-47f4-9f65-446916247404","2022-02-10 14:43:13.097"
"AG","10.760","28","10.770","19","110","10.69","fd375c13-334c-40ad-96ec-8f7ab901c90d","2022-02-10 14:43:13.097"
"AG","10.770","29","10.780","28","110","10.69","fd028880-a722-41d3-8a83-b0d8cf602389","2022-02-10 14:43:13.097"
"AG","10.730","22","10.740","31","110","10.69","6c73a186-3ab1-4efd-84ef-6a5fd39eca59","2022-02-10 14:43:13.097"
"AG","10.890","3","10.900","14","110","10.68","fb0137fc-e50c-46bf-8532-2f92ee566a04","2022-02-10 14:43:41.938"
"AG","10.670","28","10.680","20","-110","10.68","7275cd46-9799-48ae-81a8-f00bac954b27","2022-02-10 14:44:00.050"
"AG","10.670","28","10.680","20","-110","10.68","3af8b3a4-b7ac-4450-b3ec-bccd7a2f40b4","2022-02-10 14:44:00.050"
"AG","10.670","28","10.680","20","-110","10.68","494d0195-e274-4913-b43c-c3ede757ba62","2022-02-10 14:44:00.050"
"AG","10.670","28","10.680","20","-110","10.68","eb5e3e96-df31-47a2-983a-812ea662f536","2022-02-10 14:44:00.050"
"AG","10.670","28","10.680","20","-110","10.68","efb774a4-0f16-4591-9697-06ba62b1e590","2022-02-10 14:44:00.050"
"AG","10.670","28","10.680","18","-110","10.68","f225c875-4841-4ef3-8e64-b4e27df2d342","2022-02-10 14:44:00.050"
"AG","10.670","28","10.680","18","-110","10.68","e1489d27-ff81-46cc-a2c0-ffaa81010ef9","2022-02-10 14:44:00.050"
"AG","10.670","28","10.680","23","-110","10.68","27266288-a1a0-43a9-b7eb-21605b5ea41c","2022-02-10 14:44:21.830"
"AG","10.670","28","10.680","23","-110","10.68","14569dec-5149-4e9e-9997-984d9cf32d26","2022-02-10 14:44:21.830"
"AG","10.670","32","10.680","21","-110","10.68","697f8cb3-c42b-40ae-a390-e268638f6f65","2022-02-10 14:45:34.439"
"AG","10.890","12","10.900","3","110","10.66","daeccefa-64d0-41d3-bb8a-2681132f1e76","2022-02-10 14:49:30.681"
"AG","10.890","6","10.900","15","110","10.66","220ee225-9e0e-4fdb-b0e4-dd578230f84a","2022-02-10 14:49:30.681"
"AG","10.890","10","10.900","14","110","10.66","7937088e-e8ae-4f7a-89b5-4054724c6d8c","2022-02-10 14:49:30.681"
"AG","10.890","1","10.890","22","110","10.66","edb4daf7-d927-47e6-989f-7d9da4c1b66a","2022-02-10 14:49:30.681"
"AG","10.640","52","10.650","13","-110","10.65","cc53ccd4-b45c-45c8-88a0-95e347543b9e","2022-02-10 14:52:00.985"
"AG","10.640","52","10.650","13","-110","10.65","e447c95e-a06b-42fb-a8d9-448f89086880","2022-02-10 14:52:00.985"
"AG","10.640","41","10.650","21","-110","10.65","b2d340a2-04b4-4c64-8348-c3e9980e175d","2022-02-10 14:52:00.985"
"AG","10.640","63","10.650","14","-110","10.65","c6174a0d-f1df-4cbc-879d-6e8a470ef280","2022-02-10 14:52:13.771"
"AG","10.920","1","10.930","18","110","10.62","04bdbd78-fcdf-4376-9025-1cac959c7bd6","2022-02-10 14:56:32.504"
"AG","10.910","17","10.920","18","110","10.62","88bbcba6-4712-43fc-a357-cc8e32305bc6","2022-02-10 14:56:32.504"
"AG","10.910","18","10.920","7","110","10.62","b5dadf79-2bf3-4757-887a-deb7edc2e860","2022-02-10 14:56:32.504"
"AG","10.600","132","10.610","28","-110","10.61","4b66ca6c-89ef-446c-999c-4c1129cd8aef","2022-02-10 14:57:25.218"
"AG","10.600","132","10.610","28","-110","10.61","814e6522-1010-42f7-91ce-d94205923e89","2022-02-10 14:57:25.218"
"AG","10.600","115","10.610","17","-110","10.61","c08236c5-3be4-4767-9d13-efcafcbe72b1","2022-02-10 14:57:32.698"
"ABB","35.690","15","35.700","47","31","35.63","4f1f5096-e2db-4674-b6fd-7b076798ec13","2022-02-10 10:51:22.322"
"ABB","35.690","7","35.700","52","31","35.63","e56d5555-117d-40c2-b67e-4af35d0ccf99","2022-02-10 10:51:22.322"
"ABB","35.670","19","35.680","13","31","35.63","9993a5bb-b2c9-4122-a4b3-0a781708c7e1","2022-02-10 10:51:22.322"
"ABB","35.650","14","35.660","16","31","35.63","4c929555-c1b3-4b00-b3e2-ff545791ea8f","2022-02-10 10:51:22.322"
"ABB","35.690","21","35.700","13","31","35.61","70ec3b38-36ca-4fa2-a35f-2c7eacf492ca","2022-02-10 10:51:59.767"
"ABB","35.690","32","35.700","23","31","35.61","bb6024ed-e4a5-4a76-853a-5b3fa50531a4","2022-02-10 10:51:59.767"
"ABB","35.710","79","35.720","4","31","35.61","873301f5-7564-42c4-a861-12f8c20c7dc8","2022-02-10 10:51:59.767"
"ABB","35.700","17","35.710","14","31","35.61","8a3dc7f4-9b36-48c2-a0de-c069adbcefe5","2022-02-10 10:51:59.767"
"ABB","35.700","5","35.710","30","31","35.61","7051270c-9b0a-43a1-a4a9-6d7019147cff","2022-02-10 10:51:59.767"
"ABB","35.710","13","35.720","26","31","35.61","a082acf2-70c9-4f35-97dc-273fc330d631","2022-02-10 10:51:59.767"
"ABB","35.700","5","35.710","54","31","35.61","89d0d658-6c6c-4217-8f4c-9c92589c8c19","2022-02-10 10:51:59.767"
"ABB","35.730","8","35.740","18","31","35.61","eb8ba78f-c64f-45e2-b577-8fae851233e1","2022-02-10 10:52:24.654"
"ABB","35.720","15","35.730","20","31","35.61","05d8410a-b72c-4844-8eac-8fab4b9e71c9","2022-02-10 10:52:24.654"
"ABB","35.710","15","35.720","10","31","35.61","ea7ee1c5-e049-4847-913e-c89b88c461c4","2022-02-10 10:52:24.654"
"ABB","35.700","59","35.710","18","31","35.61","c80230a5-c812-4885-8f03-76872950c18a","2022-02-10 10:52:24.654"
"ABB","35.700","1","35.710","23","31","35.61","30914e03-907b-490a-a68d-68a271e154f2","2022-02-10 10:52:24.654"
"ABB","35.600","26","35.610","9","-31","35.61","d8582255-868b-45c8-9df2-b67838b62b5b","2022-02-10 10:52:30.926"
"ABB","35.600","26","35.610","9","-31","35.61","9c638d66-3fc5-4dbd-9927-adfc38ad3dd2","2022-02-10 10:52:30.926"
"ABB","35.600","26","35.610","9","-31","35.61","b7b7066b-b610-4611-a64d-a4e51013ce2f","2022-02-10 10:52:30.926"
"ABB","35.610","5","35.620","19","-31","35.62","041022ea-1b27-4d25-ad17-1cb828988d7f","2022-02-10 10:52:31.164"
"ABB","35.610","5","35.620","19","-31","35.62","43b3baac-fe84-4a3f-92c6-137897238fe1","2022-02-10 10:52:31.164"
"ABB","35.610","5","35.620","19","-31","35.62","577a69de-e32b-4a23-a1eb-a9baf55fc157","2022-02-10 10:52:31.164"
"ABB","35.610","5","35.620","19","-31","35.62","b66780f7-43de-4623-b578-4d2a09debb3d","2022-02-10 10:52:31.164"
"ABB","35.610","5","35.620","19","-31","35.62","24ab313c-2f8e-4e68-80da-18cba0a0a2e8","2022-02-10 10:52:31.164"
"ABB","35.610","5","35.620","19","-31","35.62","f52af6a3-2c4c-4a07-a69e-37e605f9b42f","2022-02-10 10:52:31.164"
"ABB","35.610","23","35.620","4","-31","35.62","11faa9cb-7067-49d8-ad65-5361f51982fb","2022-02-10 10:53:00.075"
"ABB","35.610","13","35.620","50","-31","35.62","1a12daa6-0344-4a41-81df-862fe08109e2","2022-02-10 10:53:00.075"
"ABB","35.600","12","35.610","13","-31","35.61","4d4c18b6-42f1-48b9-8445-06c825d97948","2022-02-10 10:53:55.917"
"ABB","35.600","12","35.610","13","-31","35.61","59455a0b-de3a-4299-b207-6f46c02873a6","2022-02-10 10:53:55.917"
"ABB","35.600","12","35.610","13","-31","35.61","df0ba255-a50d-44b2-8317-215a93641062","2022-02-10 10:53:55.917"
"ABB","35.610","4","35.610","1","-31","35.61","bb9b9525-a0e0-409b-96dd-f1c40273172d","2022-02-10 10:54:10.006"
"ABB","35.580","24","35.590","4","-31","35.59","4e94060c-83f7-417d-b73e-619a1881ed16","2022-02-10 10:55:24.030"
"ABB","35.630","27","35.640","18","31","35.56","4ed20547-ed1c-4086-ade1-f1fa2cab1740","2022-02-10 11:20:05.646"
"ABB","35.620","18","35.630","25","31","35.53","9cc9ffe9-6883-4e3a-b7c4-dc138f6e6f1b","2022-02-10 11:21:12.560"
"ABB","35.620","18","35.630","25","31","35.53","57b51f77-93da-41b3-9f09-7cf17010f23f","2022-02-10 11:21:12.560"
"ABB","35.530","34","35.540","5","-31","35.54","0ddd3788-0267-4eda-b526-db07b2d19a55","2022-02-10 11:21:20.560"
"ABB","35.530","24","35.540","1","-31","35.54","5827649b-d47b-475e-a7c9-f89b20329582","2022-02-10 11:21:32.562"
"ABB","35.510","15","35.520","6","-31","35.52","2a0ebab2-87dc-490c-aa0b-766c197ec291","2022-02-10 11:23:23.098"
"ABB","35.630","7","35.640","26","31","35.59","7960fa24-f0ac-4e6f-8c36-fc3414458440","2022-02-10 11:33:34.308"
"ABB","35.620","24","35.630","2","31","35.59","b2255c2d-29f6-4da3-9c66-39757d456436","2022-02-10 11:33:34.308"
"ABB","35.640","17","35.650","5","31","35.59","46257c17-a756-409a-b615-9991fcdc6745","2022-02-10 11:33:34.308"
"ABB","35.640","13","35.650","8","31","35.59","81addaaf-7b44-4830-9233-8f9b348441c6","2022-02-10 11:33:34.308"
"ABB","35.640","13","35.650","8","31","35.59","546200ad-03d8-4f3d-b124-ec0ee942e939","2022-02-10 11:33:34.308"
"ABB","35.640","13","35.650","17","31","35.59","c3a65237-bfcc-4087-91f7-01c88b22ea99","2022-02-10 11:33:34.308"
"ABB","35.620","17","35.630","9","31","35.59","8c77e38e-9b7f-49d6-b12a-44c136c7126e","2022-02-10 11:33:34.308"
"ABB","35.580","18","35.590","13","-31","35.59","4ec0ae4d-9c51-4163-bcdb-ddd5355c97c6","2022-02-10 11:33:52.263"
"ABB","35.580","18","35.590","13","-31","35.59","2f88efec-1e2d-4eff-b133-d949257c8a71","2022-02-10 11:33:52.263"
"ABB","35.580","18","35.590","13","-31","35.59","32cadd2c-fc6d-4892-8639-e2dfae90cef1","2022-02-10 11:33:52.263"
"ABB","35.580","18","35.590","13","-31","35.59","4829bfe6-79ce-4af3-abc1-fad5eeb66944","2022-02-10 11:33:52.263"
"ABB","35.570","6","35.580","17","-31","35.58","743873f2-2f01-41dc-9ab3-ed12f2cfb0b1","2022-02-10 11:35:12.264"
"ABB","35.570","6","35.580","17","-31","35.58","d3003ebb-86f1-4b3c-9426-637f911bfa40","2022-02-10 11:35:12.264"
"ABB","35.570","14","35.580","7","-31","35.58","ae63c5fd-1202-428a-abd8-1bb5d9b27d80","2022-02-10 11:35:12.264"
"ABB","35.660","21","35.670","3","31","35.65","7e8cea83-6ed4-467b-a7a6-1885e25836f3","2022-02-10 12:13:06.444"
"ABB","35.660","21","35.670","3","31","35.65","c195d8a4-b26d-4885-bacb-08840c24c15f","2022-02-10 12:13:06.444"
"ABB","35.660","21","35.670","3","31","35.65","e649cf61-29fb-4a15-adb1-417c553122b9","2022-02-10 12:13:06.444"
"ABB","35.630","13","35.640","14","-31","35.64","c5df6dec-8fa1-4635-8255-ecc43ba082d6","2022-02-10 12:15:37.897"
"ABB","35.630","13","35.640","14","-31","35.64","477326e5-565e-45c1-87dd-f23b916ffb10","2022-02-10 12:15:37.897"
"ABB","35.630","20","35.640","1","-31","35.64","d187c015-9ee6-471a-8890-3cb0a3b0f2c4","2022-02-10 12:15:50.776"
"ABB","35.670","22","35.680","7","31","35.65","fa267637-e4e4-4445-abf6-582de446a181","2022-02-10 12:26:29.755"
"ABB","35.650","12","35.660","10","-31","35.66","b1644b11-3fc7-4e5a-8cb5-1609ba5384da","2022-02-10 12:30:05.496"
"ABB","35.670","22","35.680","7","31","35.64","13a4eeb6-a55f-4836-86d8-3d3cfa20cb23","2022-02-10 12:33:54.188"
"ABB","35.670","22","35.680","7","31","35.64","6632b7b9-c3d3-4ec8-8a8a-e32d24a60103","2022-02-10 12:33:54.188"
"ABB","35.680","10","35.690","13","31","35.64","a579d42e-0d1e-48c4-a815-ddf2475e77f4","2022-02-10 12:33:54.188"
"ABB","35.680","8","35.690","16","31","35.64","214b2f3f-933b-48cf-b65c-7a15090e6c69","2022-02-10 12:33:54.188"
"ABB","35.680","11","35.690","16","31","35.64","3368850c-c109-4aa8-8e85-9650748dbc48","2022-02-10 12:33:54.188"
"ABB","35.660","19","35.670","13","31","35.64","f05fdb6e-7283-48e1-9d03-7ee64563c9eb","2022-02-10 12:33:54.188"
"ABB","35.680","19","35.680","1","31","35.64","4e337b5a-35f0-4a87-a582-0ca4daed185d","2022-02-10 12:33:54.188"
"ABB","35.680","23","35.690","6","31","35.64","89caa847-a3c1-472b-98e6-f21ed3471973","2022-02-10 12:33:54.188"
"ABB","35.670","1","35.680","20","31","35.64","c63a2b58-00b0-420b-a9ae-62a9f029d5ec","2022-02-10 12:33:54.188"
"ABB","35.620","20","35.630","8","-31","35.63","34d880c8-e094-4fd3-84b4-a1642fcecb87","2022-02-10 12:34:54.600"
"ABB","35.620","20","35.630","8","-31","35.63","9f6a899b-971b-42ce-b3db-8393b9795331","2022-02-10 12:34:54.600"
"ABB","35.620","20","35.630","8","-31","35.63","98331b65-612b-4325-bd22-2a5f50ebb392","2022-02-10 12:34:54.600"
"ABB","35.620","20","35.630","8","-31","35.63","325de8ac-a423-41e3-941f-620b2ba88aad","2022-02-10 12:34:54.600"
"ABB","35.620","20","35.630","8","-31","35.63","6072110e-a54a-4be8-af79-1b45a145965b","2022-02-10 12:34:54.600"
"ABB","35.620","26","35.630","1","-31","35.63","6300bb5b-6d5b-4bb3-b150-8c75ceeb933f","2022-02-10 12:35:00.182"
"ABB","35.620","26","35.630","1","-31","35.63","20f9d036-2aa8-432e-93c5-75b68b6f8751","2022-02-10 12:35:00.182"
"ABB","35.630","24","35.640","5","-31","35.64","9be5ff50-f197-4ee6-a790-ad4c67edcd2e","2022-02-10 12:35:14.693"
"ABB","35.640","20","35.650","8","-31","35.65","fa7df21d-a4bf-442f-b34b-f5b640ef3fbd","2022-02-10 12:35:40.126"
"ABB","35.670","13","35.680","12","31","35.66","b11d80be-92f3-4228-828c-5a3174f069ef","2022-02-10 12:45:03.922"
"ABB","35.670","9","35.680","20","31","35.66","c42ebb95-ccb1-46d5-9a02-244dc90c5685","2022-02-10 12:45:03.922"
"ABB","35.670","14","35.680","12","31","35.66","5c3a3363-a0a3-496d-9c89-041907cfb807","2022-02-10 12:45:03.922"
"ABB","35.660","17","35.670","15","31","35.65","8a7b578b-9476-4e51-8f16-56eb18a4c6d4","2022-02-10 12:45:04.173"
"ABB","35.660","10","35.670","9","31","35.65","71537f37-62df-4985-b697-3742f6a869ae","2022-02-10 12:45:04.173"
"ABB","35.670","15","35.680","12","31","35.65","dd29f02b-b887-40d1-b86e-fb76e2dd5845","2022-02-10 12:45:04.173"
"ABB","35.660","16","35.670","14","31","35.64","9eab21a7-705d-406d-ac9a-729a205cbe00","2022-02-10 12:45:04.375"
"ABB","35.660","16","35.670","14","31","35.64","c87c8ef0-be91-4ac9-9add-fefd1619a2fb","2022-02-10 12:45:04.375"
"ABB","35.660","9","35.670","13","31","35.64","9386795f-1c2a-444a-9cd9-0e20c9015c71","2022-02-10 12:45:04.375"
"ABB","35.560","3","35.570","23","-31","35.57","2d514fab-b226-4a8a-b980-21545760b0cf","2022-02-10 12:45:37.058"
"ABB","35.560","3","35.570","23","-31","35.57","e0066fd8-efcd-4822-92bc-18a4e4152086","2022-02-10 12:45:37.058"
"ABB","35.560","3","35.570","23","-31","35.57","28049e50-d005-4cfb-a22d-4c38f6c67a61","2022-02-10 12:45:37.058"
"ABB","35.560","3","35.570","23","-31","35.57","0c79a48d-5bd6-4ec5-b7c4-06e0a88fe7f4","2022-02-10 12:45:37.058"
"ABB","35.560","3","35.570","23","-31","35.57","9c28e0ec-fbc2-4ee7-8bc2-c4161a57a6ea","2022-02-10 12:45:37.058"
"ABB","35.570","16","35.580","12","-31","35.58","b258cd6c-3d49-40b9-98aa-f8390bfb4c6f","2022-02-10 12:45:41.283"
"ABB","35.570","16","35.580","12","-31","35.58","1aaeecae-e19a-42ca-9f20-03bf278b7515","2022-02-10 12:45:41.283"
"ABB","35.560","16","35.570","21","-31","35.57","f0d5d1f1-9361-4ecb-b8fd-1f1939a43d3d","2022-02-10 12:45:57.776"
"ABB","35.560","12","35.570","10","-31","35.57","235a8388-7290-4634-8d61-04a9dd6dcd45","2022-02-10 12:46:03.197"
"ABB","35.550","1","35.560","31","31","35.48","94e21f47-5da9-448e-bfd0-0eaddd634a37","2022-02-10 13:17:09.530"
"ABB","35.530","13","35.540","14","31","35.48","bed7daac-714a-4be3-a9f5-55db64655730","2022-02-10 13:17:09.530"
"ABB","35.530","11","35.540","18","31","35.48","68161a32-f9b3-4b2a-8399-634daa204139","2022-02-10 13:17:09.530"
"ABB","35.530","11","35.540","18","31","35.48","5286ac18-e51f-44b1-9434-5d1e6198c6d7","2022-02-10 13:17:09.530"
"ABB","35.500","6","35.510","20","31","35.48","b909cc71-0d7d-404d-a0b0-b188315e1483","2022-02-10 13:17:09.530"
"ABB","35.550","26","35.560","4","31","35.47","ec5aa1be-2322-43e7-ba40-a25aa66e07a5","2022-02-10 13:17:12.049"
"ABB","35.560","16","35.570","26","31","35.47","365b95ec-40d2-4ebf-b597-7df9480ef586","2022-02-10 13:17:12.049"
"ABB","35.570","3","35.580","48","31","35.47","ce7e9e81-75ea-4f2a-bc1a-efd0a5ccd6e0","2022-02-10 13:17:12.049"
"ABB","35.570","3","35.580","48","31","35.47","27e0259c-a77e-4eea-8acf-190c5154dc22","2022-02-10 13:17:12.049"
"ABB","35.570","3","35.580","48","31","35.47","aae0e085-e37e-4dde-a478-6229fa1c47f8","2022-02-10 13:17:12.049"
"ABB","35.550","13","35.560","15","31","35.47","dedd71f6-5772-491f-9b24-0424d2259527","2022-02-10 13:17:12.049"
"ABB","35.460","14","35.470","22","-31","35.47","7d519e30-666a-4785-9b26-a93be476ae49","2022-02-10 13:17:32.808"
"ABB","35.460","14","35.470","22","-31","35.47","105e347e-db2e-4087-9fdb-3dcc00834720","2022-02-10 13:17:32.808"
"ABB","35.460","14","35.470","22","-31","35.47","20c1771a-3e90-473b-925f-6c2f69e3532b","2022-02-10 13:17:32.808"
"ABB","35.460","14","35.470","22","-31","35.47","60ff58c1-51bc-4c7e-88e2-4f3a2bbc5e4a","2022-02-10 13:17:32.808"
"ABB","35.450","22","35.460","4","-31","35.46","7dfaf7fc-f320-456e-95c4-4333df9b8d38","2022-02-10 13:17:50.991"
"ABB","35.460","12","35.470","10","-31","35.47","f9a1f595-27b7-4c95-811d-7ce7e15ae4c2","2022-02-10 13:18:02.769"
"ABB","35.460","12","35.470","10","-31","35.47","f4919b18-a371-48f0-b88c-af2546d92fd8","2022-02-10 13:18:02.769"
"ABB","35.460","26","35.470","6","-31","35.47","1cced343-3b5c-451d-8a5d-6dc629498c6d","2022-02-10 13:18:02.769"
"ABB","35.440","2","35.450","17","-31","35.45","9523554b-d9b6-45cc-9eff-13c12055a9be","2022-02-10 13:18:46.674"
"ABB","35.430","17","35.440","14","-31","35.44","a0d65f4d-8b59-4069-b10f-c3f6edf1b8c8","2022-02-10 13:19:08.876"
"ABB","35.430","3","35.440","18","-31","35.44","674f0a90-8bd6-49dc-88bd-94801270ce73","2022-02-10 13:19:56.196"
"ABB","35.440","18","35.450","10","31","35.45","9ade1199-d7c3-42ae-990a-a40058d90efc","2022-02-10 13:26:20.006"
"ABB","35.430","18","35.440","17","-31","35.44","6ef82739-0d67-4ea0-aeb5-6f89b1b5b349","2022-02-10 13:26:52.818"
"ABB","35.420","12","35.430","2","31","35.36","3243593b-4c95-47d5-be16-4a47b48fe33d","2022-02-10 14:05:12.031"
"ABB","35.430","4","35.440","12","31","35.35","d9cef588-17a2-4edf-a55f-9a8b6a4a0c74","2022-02-10 14:05:30.026"
"ABB","35.440","5","35.450","12","31","35.35","64351a8f-c603-4412-851e-148ab456b2d0","2022-02-10 14:05:30.026"
"ABB","35.430","2","35.440","11","31","35.35","f4a43673-9ede-4d47-bd5c-ad52a86e8b91","2022-02-10 14:05:30.026"
"ABB","35.330","17","35.340","15","-31","35.34","24167198-0a4b-42c5-aa02-6f5ea2832561","2022-02-10 14:05:50.668"
"ABB","35.330","17","35.340","15","-31","35.34","d20dd0e4-ed15-42f9-ab34-c6519e52faa7","2022-02-10 14:05:50.668"
"ABB","35.330","16","35.340","8","-31","35.34","91b2b6b0-7af7-47b4-81c6-a1b09fa254b0","2022-02-10 14:06:02.415"
"ABB","35.350","16","35.360","12","-31","35.36","19a39e48-d22b-48dc-81a9-e2c431fabb47","2022-02-10 14:06:15.815"
"ABB","35.400","16","35.410","1","31","35.33","095e5216-920c-4347-86ee-0213ea3bbd7b","2022-02-10 14:11:54.117"
"ABB","35.370","13","35.380","12","31","35.30","56b57352-7986-44f2-9b7f-e01052f513bd","2022-02-10 14:14:15.537"
"ABB","35.380","7","35.390","19","31","35.30","057a2f88-def9-456b-b7e2-a265c45db8f2","2022-02-10 14:14:15.537"
"ABB","35.400","4","35.410","18","31","35.30","738924d9-034f-432b-9306-4277ea922238","2022-02-10 14:14:15.537"
"ABB","35.390","5","35.400","18","31","35.30","09935f13-604b-4ac1-9d1b-08da41290edd","2022-02-10 14:14:15.537"
"ABB","35.380","13","35.390","12","31","35.30","0d5919a8-9938-424c-8155-0d29cb74b217","2022-02-10 14:14:15.537"
"ABB","35.380","15","35.390","11","31","35.30","083a34e5-008a-4728-89f7-83234a39250d","2022-02-10 14:14:15.537"
"ABB","35.380","33","35.390","1","31","35.30","f318fdb7-3f78-4c2f-b3fe-59de73ada945","2022-02-10 14:14:15.537"
"ABB","35.400","14","35.410","11","31","35.30","5b3f57e0-bb78-4e8b-9b5e-dcbce05c042f","2022-02-10 14:14:15.537"
"ABB","35.400","12","35.410","2","31","35.30","338ce2d1-2370-4087-951d-8533762d69c8","2022-02-10 14:14:15.537"
"ABB","35.400","12","35.410","2","31","35.30","e97e937b-10f4-4863-83b3-e13e33bce15b","2022-02-10 14:14:15.537"
"ABB","35.400","12","35.410","2","31","35.30","e59abda1-520d-4c50-82b1-cc4144f2c8c2","2022-02-10 14:14:15.537"
"ABB","35.260","28","35.270","7","-31","35.27","69b1b39a-af63-4dc4-bdd9-6bcd5178fb78","2022-02-10 14:15:44.349"
"ABB","35.260","28","35.270","7","-31","35.27","9a99f9b0-cbcc-4083-a93d-1fe89255e140","2022-02-10 14:15:44.349"
"ABB","35.470","39","35.480","2","31","35.25","5fb95dbe-9ef6-41f4-bd6e-fe5813746af9","2022-02-10 14:16:57.103"
"ABB","35.500","33","35.510","15","31","35.25","9f25da3d-97c0-49a0-80e8-f3ededa9ec00","2022-02-10 14:16:57.103"
"ABB","35.510","4","35.520","20","31","35.25","43358dab-d751-4afc-a9c2-d014d47b5198","2022-02-10 14:16:57.103"
"ABB","35.500","2","35.510","18","31","35.25","57f9a0d7-3bb7-4c0f-ac0a-44e869b2db6c","2022-02-10 14:16:57.103"
"ABB","35.480","29","35.490","12","31","35.25","1d9bfcec-ca42-4bb3-955f-518db7ec5b23","2022-02-10 14:16:57.103"
"ABB","35.510","14","35.520","10","31","35.25","16adf0f5-14ee-4627-ae55-6ff4bfa31319","2022-02-10 14:16:57.103"
"ABB","35.500","21","35.510","1","31","35.25","2546f0e2-8a05-4fff-8b77-525f9ce8f435","2022-02-10 14:16:57.103"
"ABB","35.500","41","35.510","6","31","35.25","09da8baa-23f5-40fc-98b9-f8146be4b373","2022-02-10 14:16:57.103"
"ABB","35.270","12","35.280","14","-31","35.28","d7581bb1-a122-4d44-961f-47f0616be50d","2022-02-10 14:17:43.085"
"ABB","35.270","12","35.280","14","-31","35.28","bd823116-01f6-4b33-9fb8-dc1ce3a5cd14","2022-02-10 14:17:43.085"
"ABB","35.270","12","35.280","14","-31","35.28","35935fbe-a201-4580-9ea9-c5cd8e3f65d4","2022-02-10 14:17:43.085"
"ABB","35.270","25","35.280","2","-31","35.28","11e74b4c-6ff0-43ea-9d4e-f23b4a46daa2","2022-02-10 14:17:43.085"
"ABB","35.260","1","35.260","18","-31","35.26","2beb382b-902a-4295-82fd-73adfb54bc8a","2022-02-10 14:18:20.006"
"ABB","35.260","1","35.260","18","-31","35.26","714af794-c09b-44cb-9144-4cd1e2a20043","2022-02-10 14:18:20.006"
"ABB","35.260","1","35.260","18","-31","35.26","7039ca18-45f8-4d65-a429-c8abd62fa8cd","2022-02-10 14:18:20.006"
"ABB","35.260","1","35.260","18","-31","35.26","d684384b-3641-4ac3-b975-9c592db51ded","2022-02-10 14:18:20.006"
"ABB","35.260","1","35.260","18","-31","35.26","0e42974f-0ecd-4d32-96fb-26f825fb770a","2022-02-10 14:18:20.006"
"ABB","35.260","1","35.260","18","-31","35.26","64626418-992f-48dc-95e8-c419e3f86efe","2022-02-10 14:18:20.006"
"ABB","35.260","1","35.260","18","-31","35.26","31ae2ffc-bd81-4d6b-8ddd-cc58a7189452","2022-02-10 14:18:20.006"
"ABB","35.490","1","35.500","17","31","35.24","711c5a94-d61d-49bd-aaac-d81163c95b55","2022-02-10 14:18:59.643"
"ABB","35.510","4","35.520","20","31","35.24","195975b0-e3b1-4fe7-be05-c5747fc45957","2022-02-10 14:18:59.643"
"ABB","35.490","4","35.500","14","31","35.24","29ead088-c17e-4c39-82ac-ca0635a94e6c","2022-02-10 14:18:59.643"
"ABB","35.230","34","35.240","2","-31","35.25","c8eeceba-f529-4b29-ae25-866b286c8619","2022-02-10 14:19:07.033"
"ABB","35.240","32","35.250","1","-31","35.25","171b77c1-9610-43fe-8aa5-34c28625a946","2022-02-10 14:19:10.045"
"ABB","35.240","32","35.250","1","-31","35.25","b4128b83-4ac4-4ae3-bb71-f5eb4687bbbd","2022-02-10 14:19:10.045"
"ABB","35.240","32","35.250","1","-31","35.25","554f5c21-92d4-4fbb-898d-bc407c2671d7","2022-02-10 14:19:10.045"
"ABB","35.240","32","35.250","1","-31","35.25","587a56d2-0e60-4a33-9565-ce204b5afdef","2022-02-10 14:19:10.045"
"ABB","35.240","32","35.250","1","-31","35.25","d750c223-5053-41ed-a8f6-18b2cf60d15d","2022-02-10 14:19:10.045"
"ABB","35.240","17","35.250","8","-31","35.25","ec38b45a-383b-46e4-b954-49bc39daeeb5","2022-02-10 14:19:26.927"
"ABB","35.240","17","35.250","8","-31","35.25","abca53c3-82e3-4daf-b2f7-c87d5d014ed9","2022-02-10 14:19:26.927"
"ABB","35.240","20","35.250","20","-31","35.25","c43565ff-fedc-4ebf-886d-783d9528dc9b","2022-02-10 14:19:38.798"
"ABB","35.240","19","35.250","18","-31","35.25","301eaae1-936b-4946-ab2f-79a47d733421","2022-02-10 14:20:03.711"
"ABB","35.320","23","35.330","15","31","35.33","dc18da17-68c9-4ee5-bd97-ea0ec0230fd1","2022-02-10 14:26:10.006"
"ABB","35.350","24","35.360","3","-31","35.36","f5085e19-53e6-4987-8008-de8f11dc6b95","2022-02-10 14:34:34.639"
"ABB","35.370","1","35.380","26","31","35.34","e59cb9b9-9148-490e-b465-2d004b79aa56","2022-02-10 14:49:31.205"
"ABB","35.360","33","35.370","1","31","35.32","6dce78f5-64f3-4f5f-b0ea-052cc5902e7c","2022-02-10 14:49:46.056"
"ABB","35.360","33","35.370","1","31","35.32","322fdc3d-9600-4fce-b4da-08273c42d25f","2022-02-10 14:49:46.056"
"ABB","35.370","2","35.380","23","31","35.32","899d297d-5bf4-4f90-8905-07eff7ad5014","2022-02-10 14:49:46.056"
"ABB","35.370","8","35.380","15","31","35.32","4790a8bb-88f8-4fa2-8a12-06265f7eccfa","2022-02-10 14:49:46.056"
"ABB","35.380","5","35.390","22","31","35.32","f5f43012-7de1-43f9-a037-a1906e5bc28e","2022-02-10 14:49:46.056"
"ABB","35.380","28","35.390","1","31","35.32","877ea53f-3782-42fa-a3ab-396e43d342ba","2022-02-10 14:49:46.056"
"ABB","35.380","13","35.390","22","31","35.32","efa6a464-6f46-4fe6-8758-21e88e3e1600","2022-02-10 14:49:46.056"
"ABB","35.380","18","35.390","8","31","35.32","45f475f8-89c2-44f6-a823-accfa609d12f","2022-02-10 14:49:46.056"
"ABB","35.380","18","35.390","8","31","35.32","7ab9ca84-a05b-47c2-9dbe-320715e4784a","2022-02-10 14:49:46.056"
"ABB","35.360","16","35.370","12","31","35.32","82b78ca3-1553-4c6b-8fd7-34f1d6c5546c","2022-02-10 14:49:46.056"
"ABB","35.360","2","35.370","32","31","35.32","61684de8-788c-4013-924b-88feb8987639","2022-02-10 14:49:46.056"
"ABB","35.310","14","35.320","15","-31","35.32","fc2c9163-f321-4eed-803b-7ee8de71460d","2022-02-10 14:50:07.692"
"ABB","35.310","14","35.320","15","-31","35.32","9b352a4e-abfe-4777-b816-fa5d079af7a3","2022-02-10 14:50:07.692"
"ABB","35.310","14","35.320","15","-31","35.32","23f82341-d2c2-41a4-aaf8-55517404d6ad","2022-02-10 14:50:07.692"
"ABB","35.310","14","35.320","15","-31","35.32","f5398014-3e2f-4230-95dc-fe02cb779406","2022-02-10 14:50:07.692"
"ABB","35.310","14","35.320","15","-31","35.32","b7f793a5-1f40-432e-8599-f58da3a5fa00","2022-02-10 14:50:07.692"
"ABB","35.310","14","35.320","15","-31","35.32","34310859-ce87-4d17-8647-b12a270a88a0","2022-02-10 14:50:07.692"
"ABB","35.320","19","35.320","1","-31","35.32","dd741559-f287-4c97-9ef4-5d6df5c10e7b","2022-02-10 14:50:20.006"
"ABB","35.320","19","35.320","1","-31","35.32","8875a65f-8ecc-4a06-bfd3-4ba9dec055bb","2022-02-10 14:50:20.006"
"ABB","35.310","14","35.320","19","-31","35.32","4d6f1054-86f4-4012-ab1b-c5c4bae561b9","2022-02-10 14:50:31.661"
"ABB","35.310","14","35.320","19","-31","35.32","937ddc3d-9246-4379-9a66-1525470b5357","2022-02-10 14:50:31.661"
"ABB","35.360","30","35.370","3","31","35.30","24fbfe7b-b42c-49c8-9c26-b7af1d7561ee","2022-02-10 14:51:31.995"
"ABB","35.290","8","35.300","14","-31","35.30","f8214d62-a9c9-48ff-9260-48eccb3ab3e0","2022-02-10 14:51:46.672"
"ABB","35.290","15","35.300","14","-31","35.30","743bbdc0-2d89-4ba3-a01d-77a2cdf9857e","2022-02-10 14:51:58.654"
"ABB","35.290","23","35.300","1","-31","35.31","9c266795-37f9-4fba-ab23-40614f5c8787","2022-02-10 14:52:01.005"
"ABB","35.350","19","35.360","7","31","35.24","4b596abf-7083-4edc-abfe-5b119f21ee3d","2022-02-10 14:59:12.584"
"ABB","35.350","3","35.360","21","31","35.24","fbb83380-5fda-41e9-b083-2d92d35d9c25","2022-02-10 14:59:12.584"
"ABB","35.350","13","35.360","13","31","35.24","5ef8f723-5532-4895-9f23-476ef04e6f5a","2022-02-10 14:59:12.584"
"ABB","35.340","4","35.350","18","31","35.24","699dd129-ee28-4913-a9d3-b54f5c69fea0","2022-02-10 14:59:12.584"
"ABB","35.340","4","35.350","18","31","35.24","f9a382d9-3660-4a08-9a42-2f0281555797","2022-02-10 14:59:12.584"
"ABB","35.330","18","35.340","8","31","35.24","a3fa5379-44a0-4938-b1f9-b8adba0df58e","2022-02-10 14:59:12.584"
"ABB","35.340","14","35.350","12","31","35.24","007a2a05-66b2-4a15-8d8b-ed3fead46c31","2022-02-10 14:59:12.584"
"ABB","35.340","23","35.350","2","31","35.24","6d8389ad-982c-448b-8583-c245235c6ffb","2022-02-10 14:59:12.584"
"ABB","35.370","9","35.380","16","31","35.24","24f21eda-935f-4cbe-bdfc-569d0421f551","2022-02-10 14:59:12.584"
"ABB","35.370","5","35.380","23","31","35.24","6acdb394-573a-42e1-9600-dca930b30a3f","2022-02-10 14:59:12.584"
"ABB","35.380","6","35.390","22","31","35.24","c0ddb246-8c8a-431e-aa42-5fce4786bd91","2022-02-10 14:59:12.584"
"ABB","35.370","14","35.380","10","31","35.24","00f5eca7-164e-454e-82cf-07f2d17c1737","2022-02-10 14:59:12.584"
"ABB","35.240","15","35.250","14","-31","35.25","430ef02e-d0fb-4756-8e6e-1e2101404ad3","2022-02-10 14:59:34.353"
"ABB","35.240","15","35.250","14","-31","35.25","2b65dcc8-6f06-42d2-97ce-cb0907c915cf","2022-02-10 14:59:34.353"
"ABB","35.240","15","35.250","14","-31","35.25","973fb549-6d4d-46bf-89c5-0f8ffa5704b8","2022-02-10 14:59:34.353"
"ABB","35.240","15","35.250","14","-31","35.25","70f03cbc-a54e-4e49-bd1a-421dc656a6c0","2022-02-10 14:59:34.353"
"ABB","35.240","15","35.250","14","-31","35.25","5f0f7858-9325-4111-a22d-b524161fc0b6","2022-02-10 14:59:34.353"
"ABB","35.240","15","35.250","14","-31","35.25","25cc74ab-3671-4b41-b92f-bc0c4b1fdcb5","2022-02-10 14:59:34.353"
"ABB","35.240","15","35.250","10","-31","35.25","d56b1c7d-6ad7-418d-a178-95e767cc6e98","2022-02-10 14:59:49.090"
"ABB","35.240","15","35.250","10","-31","35.25","1c6b30e2-4cca-482e-a049-d6fa75c901aa","2022-02-10 14:59:49.090"
"ABB","35.240","15","35.250","10","-31","35.25","e7a008ae-b8d1-46c1-a124-93b41efb53b2","2022-02-10 14:59:49.090"
"ABB","35.250","20","35.260","23","-31","35.26","c33b21d0-09ea-4299-9a9f-bee7a301708d","2022-02-10 14:59:59.491"
"ABB","35.250","20","35.260","23","-31","35.26","a092cf64-c40b-4d9e-a9f4-da89776d6699","2022-02-10 14:59:59.491"
"ABB","35.260","13","35.260","1","-31","35.26","b040e6a7-15a4-44f1-b788-5f6328d2754e","2022-02-10 15:00:00.006"
"ABB","35.280","15","35.290","14","31","35.29","12de438c-fe6a-4664-aa47-12f4a3927630","2022-02-10 15:05:00.006"
"ABB","35.350","19","35.360","15","-31","35.36","aaa9792c-a2a5-4a19-8933-35fec0b4b664","2022-02-10 15:11:26.498"
"ABB","35.360","11","35.370","14","31","35.26","200416b8-88f4-4018-b983-bb55885f0731","2022-02-10 15:22:56.817"
"ABB","35.360","13","35.370","13","31","35.26","c5d26d38-ea2e-4a4b-ae7a-b5d44242d91f","2022-02-10 15:22:56.817"
"ABB","35.370","12","35.380","18","31","35.26","4115b7d5-8961-4254-a14e-fa8b048ed9a3","2022-02-10 15:22:56.817"
"ABB","35.370","23","35.380","16","31","35.26","f18729e6-1e70-4124-a004-0642c410fefa","2022-02-10 15:22:56.817"
"ABB","35.380","10","35.390","20","31","35.26","768e3460-48c5-4fd6-8ed0-e6301f076dda","2022-02-10 15:22:56.817"
"ABB","35.390","4","35.390","1","31","35.26","506be130-aa01-4cbf-9b0f-b34b20ae4327","2022-02-10 15:22:56.817"
"ABB","35.380","20","35.390","4","31","35.26","62f006e4-bb82-4946-885e-7fde7bd685ad","2022-02-10 15:22:56.817"
"ABB","35.380","20","35.390","4","31","35.26","d9eae996-feba-4ec8-8f7d-59c54ff346e2","2022-02-10 15:22:56.817"
"ABB","35.380","1","35.380","20","31","35.26","f99f261b-6b61-4386-8cdf-2a78519f792d","2022-02-10 15:22:56.817"
"ABB","35.270","20","35.280","14","-31","35.28","28548230-0ba4-4941-b524-e45bbddefdc6","2022-02-10 15:23:35.782"
"ABB","35.270","20","35.280","14","-31","35.28","b9377c8b-70ef-41c3-9d75-64b57bc1bbb8","2022-02-10 15:23:35.782"
"ABB","35.270","20","35.280","14","-31","35.28","c82d3090-af1e-4a8a-97a6-fc40482e8fc8","2022-02-10 15:23:35.782"
"ABB","35.270","20","35.280","14","-31","35.28","bd7565e2-f56a-499e-a131-d25dfdeb862d","2022-02-10 15:23:35.782"
"ABB","35.260","18","35.270","13","-31","35.27","e958b445-f300-4294-83fc-12af2157ed2e","2022-02-10 15:23:50.011"
"ABB","35.260","12","35.270","18","-31","35.27","5e01bc5e-4a1f-43ce-bebe-01dcd5a09c4a","2022-02-10 15:24:15.286"
"ABB","35.260","12","35.270","18","-31","35.27","49cdc98b-3a31-453f-bdc6-0352719a3665","2022-02-10 15:24:15.286"
"ABB","35.270","22","35.280","23","-31","35.28","df875176-ad27-45f6-8f95-d44408cf32e9","2022-02-10 15:24:22.309"
"ABB","35.270","18","35.280","12","-31","35.28","21097007-2fa5-4a4c-bd81-a31f20b979e3","2022-02-10 15:24:34.893"
"ABB","35.380","1","35.380","20","31","35.25","63a6ed77-50fc-4d45-b08b-52829433e38f","2022-02-10 15:31:45.764"
"ABB","35.360","2","35.360","2","31","35.24","8aabc79f-cc3b-45c2-9947-f91b06926e6d","2022-02-10 15:31:56.194"
"ABB","35.360","14","35.370","14","31","35.24","48c68682-ef12-4d41-be53-a1fe05c3e961","2022-02-10 15:31:56.194"
"ABB","35.360","20","35.370","24","31","35.24","6c7d0422-40f4-483b-b404-e5a31de44d05","2022-02-10 15:31:56.194"
"ABB","35.360","3","35.370","31","31","35.24","c29bff3c-0d45-40eb-9d17-78069fda12e9","2022-02-10 15:31:56.194"
"ABB","35.280","2","35.290","33","31","35.22","9cd8f393-de3e-4af1-9ef9-6d0e9f3f8b08","2022-02-10 15:32:27.093"
"ABB","35.360","23","35.370","14","31","35.21","e2f68064-3bdc-49d4-aca7-e85e778542fc","2022-02-10 15:33:10.887"
"ABB","35.320","2","35.320","8","31","35.21","dc41c467-df2b-4ab0-9f4b-65b37af69091","2022-02-10 15:33:10.887"
"ABB","35.300","17","35.310","27","31","35.21","0bb76382-9de1-4cd5-a23f-8c40dec5397e","2022-02-10 15:33:10.887"
"ABB","35.290","18","35.300","11","31","35.21","137ebcfa-580e-4c54-961f-30122d89cf7c","2022-02-10 15:33:10.887"
"ABB","35.280","30","35.290","2","31","35.21","1a050b8f-03b1-431a-9e7d-2b374b2d50e6","2022-02-10 15:33:10.887"
"ABB","35.290","10","35.300","18","31","35.21","2d7445dd-9bb4-41e6-b27b-431b175b4e2c","2022-02-10 15:33:10.887"
"ABB","35.290","13","35.300","22","31","35.21","991c50a0-6e6f-44d9-b48b-8b08e7fb35d3","2022-02-10 15:33:10.887"
"ABB","35.270","2","35.280","35","31","35.21","d712c2b7-74da-4e48-b1fd-69bb346c9fcb","2022-02-10 15:33:10.887"
"ABB","35.260","16","35.270","21","31","35.21","ad4a9423-c5e7-468a-8dc0-091f74a9b13e","2022-02-10 15:33:10.887"
"ABB","35.260","28","35.270","5","31","35.21","ca2922d4-8157-42ef-94f9-f4f4cd9afc5a","2022-02-10 15:33:10.887"
"ABB","35.260","28","35.270","5","31","35.21","9068dbfd-136c-4abd-860a-3f649a72dd5e","2022-02-10 15:33:10.887"
"ABB","35.100","30","35.110","24","-527","35.10","8e2d2dd1-654c-4b12-b34d-f0e51a10b81e","2022-02-10 15:48:00.006"
"ALB","241.170","1","241.580","1","5","241.58","392af8e3-a033-4450-903d-8114738f454a","2022-02-10 10:30:10.006"
"ALB","241.910","1","242.270","1","-5","242.33","7cb07bae-cc9c-4d7c-91ab-50da5e880b6b","2022-02-10 10:35:00.626"
"ALB","242.390","2","242.640","1","5","241.85","1dba0d4d-4780-41eb-885c-63488142b86e","2022-02-10 10:55:33.514"
"ALB","242.490","2","242.770","2","5","241.85","44722a81-dc38-443a-bba3-d2ae481cf07a","2022-02-10 10:55:33.514"
"ALB","242.470","2","242.770","2","5","241.85","4b678e88-7bbb-4e7f-b3fe-748da1605719","2022-02-10 10:55:33.514"
"ALB","242.330","2","242.900","1","5","241.85","0a82de22-ed8c-4fc1-9d83-4924cbc2afb8","2022-02-10 10:55:33.514"
"ALB","242.250","1","242.890","2","5","241.85","47c69e74-14b5-4ab6-be81-b0720c591dd2","2022-02-10 10:55:33.514"
"ALB","242.330","1","242.860","1","5","241.85","9e684cd1-6bed-4c9b-b634-3cc5e808328a","2022-02-10 10:55:33.514"
"ALB","242.350","1","242.820","1","5","241.85","2c5b290f-a687-4ed1-80fe-e1c3376037ea","2022-02-10 10:55:33.514"
"ALB","242.350","1","242.860","1","5","241.85","c26d9296-e821-4e7f-ba9b-7343c5950e11","2022-02-10 10:55:33.514"
"ALB","241.540","2","242.250","1","-5","242.25","7023d376-517b-41d8-a367-94896d2df9b5","2022-02-10 10:56:42.941"
"ALB","242.380","1","242.570","1","5","241.33","ebf512a8-7f0f-4306-8677-04bb41fa20ce","2022-02-10 10:57:46.682"
"ALB","242.080","2","242.710","2","5","241.33","7e8c4595-310f-40da-bc1a-ddd3e13779e4","2022-02-10 10:57:46.682"
"ALB","241.480","1","242.050","1","-5","242.06","2e535a39-ca1b-4a6b-b951-a947603cda69","2022-02-10 10:58:50.005"
"ALB","241.530","1","242.060","2","-5","242.06","ff3142d0-3ac4-44ab-9cd0-e4bd4697f31f","2022-02-10 10:58:51.265"
"ALB","241.530","1","242.060","2","-5","242.06","2daaed9c-333c-4276-98dc-5f30dfa2728a","2022-02-10 10:58:51.265"
"ALB","241.530","1","242.060","2","-5","242.06","257bddc5-a7e5-40ac-9327-583ecce14125","2022-02-10 10:58:51.265"
"ALB","241.530","1","242.060","2","-5","242.06","5854442f-d52c-4388-844a-22d3f816b553","2022-02-10 10:58:51.265"
"ALB","241.820","1","242.300","2","-5","242.30","68dcf151-eacb-42b3-b793-52a02e6dcba5","2022-02-10 10:59:15.842"
"ALB","240.850","2","241.510","1","-5","241.51","5564d35e-a71b-4a67-acf9-193c45cc6e87","2022-02-10 11:01:15.042"
"ALB","240.850","2","241.510","1","-5","241.51","d705b364-ae94-4024-bf99-0522d5b86186","2022-02-10 11:01:15.042"
"ALB","241.040","1","241.680","3","-5","241.68","68ed1898-5de0-4a26-9968-cc2a01037563","2022-02-10 11:01:15.042"
"ALB","242.170","4","242.970","2","5","242.18","6bec3d03-7f8f-4961-9b76-c3557974dbc2","2022-02-10 11:10:45.110"
"ALB","242.540","1","242.910","1","-5","242.91","dfe9f23c-03a1-4164-81ca-d2c039c53647","2022-02-10 11:14:13.849"
"ALB","242.690","1","243.180","1","5","242.37","7bac22e1-c28c-4a3d-89e7-82d9f56c74fd","2022-02-10 11:25:17.636"
"ALB","242.680","3","243.180","1","5","242.37","3337a607-dde5-4e3b-b7c9-33808aed6475","2022-02-10 11:25:17.636"
"ALB","242.570","1","243.130","1","-5","243.13","940fefb5-a50e-4876-956e-858c6fafe285","2022-02-10 11:27:51.021"
"ALB","242.350","2","242.800","1","-5","242.80","0f9b8821-e8ed-463d-abcd-64d0004da922","2022-02-10 11:28:40.764"
"ALB","242.110","2","242.730","1","5","241.80","e1eee020-6daf-4686-84e4-7ea55fb39c0e","2022-02-10 11:32:31.017"
"ALB","242.510","1","242.760","1","5","241.74","074da43b-b720-4dd3-8cb8-12476a5bcf12","2022-02-10 11:33:25.450"
"ALB","242.360","1","242.930","3","5","241.32","ecb01c46-b360-4eee-b18e-315180122a01","2022-02-10 11:33:43.557"
"ALB","242.380","2","242.990","1","5","241.32","2541d993-2bc4-4546-ac2c-e6e052ba37b9","2022-02-10 11:33:43.557"
"ALB","242.170","2","242.800","2","5","241.32","9d1ee517-6c99-46ae-88a9-eb3e57054a74","2022-02-10 11:33:43.557"
"ALB","242.490","1","242.950","2","5","241.32","0a9891aa-75c4-4ae6-9ae1-f8385e632cdc","2022-02-10 11:33:43.557"
"ALB","242.490","1","242.950","2","5","241.32","a7eff8fd-0338-490a-a4ed-2f561274ef44","2022-02-10 11:33:43.557"
"ALB","241.320","1","241.660","1","-5","241.66","8041397b-6b23-4ff0-9c81-bdb4e1e7dc7f","2022-02-10 11:34:20.768"
"ALB","241.320","1","241.660","1","-5","241.66","a00b70e5-3bc5-4c04-b8d0-d1e43039134a","2022-02-10 11:34:20.768"
"ALB","241.320","1","241.660","1","-5","241.66","5a89efff-0ea3-4cc4-ae59-85d953c623c8","2022-02-10 11:34:20.768"
"ALB","241.320","1","241.660","1","-5","241.66","39982ddc-7fbe-4ad3-be43-07ad0703f04a","2022-02-10 11:34:20.768"
"ALB","241.160","1","241.870","2","-5","241.91","8f0ae6d8-f157-47c0-a84d-ac2e6f8f9cd7","2022-02-10 11:36:02.648"
"ALB","241.160","1","241.950","1","-5","242.25","3e7c6f48-9984-45dc-a260-fcb112dc934d","2022-02-10 11:36:08.835"
"ALB","241.160","1","241.930","2","-5","242.25","6915db1f-45da-47be-a2de-cf9c8c745594","2022-02-10 11:36:08.835"
"ALB","241.860","1","242.270","2","5","242.15","afb39ea2-7315-4f65-bce0-65c03c762211","2022-02-10 11:43:54.484"
"ALB","241.860","1","242.270","2","5","242.15","e7bf2f54-00d3-4e57-9442-4b36cfa93cd4","2022-02-10 11:43:54.484"
"ALB","242.560","4","243.070","2","-5","243.34","6cd66a29-0011-402a-be9a-d094af1dc7db","2022-02-10 11:48:22.826"
"ALB","242.680","1","243.000","2","-5","243.00","bee71a74-cc2b-438c-b594-c54883bfb66e","2022-02-10 11:50:18.145"
"ALB","243.420","2","243.800","4","5","243.13","b2951403-17b5-48ec-a01d-30bdda5fd05d","2022-02-10 12:32:26.960"
"ALB","243.430","1","243.800","4","5","243.13","6c53da63-8f02-4760-97d1-29bc883e62e1","2022-02-10 12:32:26.960"
"ALB","243.480","3","243.790","1","5","243.13","64d4a926-cdc6-4bee-81f7-8ff532232dbb","2022-02-10 12:32:26.960"
"ALB","243.550","1","243.790","2","5","243.13","963f1083-2c88-41ae-af80-8e178ecd0ea0","2022-02-10 12:32:26.960"
"ALB","243.550","1","243.790","2","5","243.13","eb2e6e52-8628-4cf5-a5d0-8bcca8c380c4","2022-02-10 12:32:26.960"
"ALB","243.400","1","243.670","1","5","243.13","99a8a21e-6b38-4d32-bc1c-7cd0aaafbccc","2022-02-10 12:32:26.960"
"ALB","243.400","3","243.800","3","5","243.13","01c9f1ec-ec8a-4921-9bc8-8ae014e05f79","2022-02-10 12:32:26.960"
"ALB","243.400","3","243.780","1","5","242.88","46a3814b-ddf5-4958-a80f-5e3ac0e41c16","2022-02-10 12:33:50.555"
"ALB","242.630","2","242.990","1","-5","242.99","011c58f1-c9a9-4995-9c95-139c0d378a92","2022-02-10 12:34:55.352"
"ALB","242.630","2","242.990","1","-5","242.99","4377ca91-0311-4056-81af-8da50d56e317","2022-02-10 12:34:55.352"
"ALB","242.630","2","242.990","1","-5","242.99","d16a5039-4b58-4ab0-9839-c8f20a4b9949","2022-02-10 12:34:55.352"
"ALB","242.630","2","242.990","1","-5","242.99","fb1ea20f-6329-47cf-a9df-641a1b64c5b4","2022-02-10 12:34:55.352"
"ALB","242.930","2","243.310","1","-5","243.33","9af939e5-e4eb-4462-b9b7-07ce28f44e24","2022-02-10 12:37:36.750"
"ALB","242.930","2","243.260","1","-5","243.33","6008ec2a-0e91-433c-83b0-bcb7304ce2b3","2022-02-10 12:37:36.750"
"ALB","243.280","1","243.440","1","-5","243.44","0ed914bf-c9b7-439f-8015-d6b97f1cf8ed","2022-02-10 12:38:55.002"
"ALB","243.300","1","243.580","1","-5","243.58","487d917a-40f8-414d-990d-a312db8dada6","2022-02-10 12:39:02.768"
"ALB","243.280","2","243.590","1","5","243.22","f4926f7c-1679-4dde-8667-75a5b647b543","2022-02-10 12:43:13.934"
"ALB","242.010","2","242.560","2","-5","242.57","aba0be2e-b839-47bf-8033-d886f415bc0c","2022-02-10 12:45:42.483"
"ALB","240.880","2","241.400","1","5","240.69","11e23dfd-dcd1-4009-8ca3-7d52cc28b59d","2022-02-10 13:12:28.907"
"ALB","239.200","1","239.580","2","-5","239.60","6865b920-f248-4c22-9733-dff692e4caed","2022-02-10 13:18:36.028"
"ALB","239.830","3","240.380","1","5","240.38","32ecb612-3981-443c-87b8-25bc2991c355","2022-02-10 13:25:20.006"
"ALB","239.210","1","239.710","2","-5","239.86","262a86a6-2ecb-44cf-ae06-4ad7bdc63fa6","2022-02-10 13:30:32.818"
"ALB","238.690","3","239.340","2","5","239.34","24867824-2303-4d62-b957-4a366b70c3b4","2022-02-10 13:44:10.006"
"ALB","238.920","1","239.440","2","-5","239.44","9d4958af-ddfe-4385-9133-3cb5b2eaab0f","2022-02-10 13:50:00.727"
"ALB","238.960","2","239.540","1","5","238.68","a9d04eba-d4bb-4ec9-aaf4-2ee82787f74c","2022-02-10 14:01:09.173"
"ALB","239.080","2","239.490","1","5","238.68","c8093216-a818-4be1-a0c8-232f86299ab9","2022-02-10 14:01:09.173"
"ALB","239.130","2","239.600","2","5","238.68","f269ac61-1906-441d-a213-2185b403887d","2022-02-10 14:01:09.173"
"ALB","238.940","2","239.430","1","5","238.68","2617e80e-1eb6-4279-8e5a-231f6412e282","2022-02-10 14:01:09.173"
"ALB","239.460","1","239.890","2","5","237.85","0a533cec-cf49-4cd6-9eec-901ae610f8db","2022-02-10 14:02:51.687"
"ALB","239.100","2","239.550","2","5","237.85","c9d37c9c-3394-4306-be40-d17c50dd47b4","2022-02-10 14:02:51.687"
"ALB","239.000","2","239.550","2","5","237.85","cc0c8548-62a7-415d-9625-5bb8fbee891f","2022-02-10 14:02:51.687"
"ALB","238.880","2","239.450","3","5","237.85","49a08965-9d1a-454f-b8bd-2c412bcacd79","2022-02-10 14:02:51.687"
"ALB","238.890","3","239.560","2","5","237.85","ce3a2b48-4a68-485b-b9fc-dbe4e594d8dd","2022-02-10 14:02:51.687"
"ALB","238.890","3","239.560","2","5","237.85","6ae4f905-7577-46e0-942e-bd296e55c5ae","2022-02-10 14:02:51.687"
"ALB","238.940","1","239.540","2","5","237.85","aac7d270-3b47-4a40-8a5e-1299a0b8eb03","2022-02-10 14:02:51.687"
"ALB","237.320","1","237.590","1","-5","237.60","e6c7c982-e434-43b4-825c-707d20881955","2022-02-10 14:06:05.003"
"ALB","237.320","1","237.590","1","-5","237.60","632e5e42-e2ce-450e-9339-3c93f9871e5b","2022-02-10 14:06:05.003"
"ALB","237.320","1","237.590","1","-5","237.60","11a180f9-afe8-4b1a-879a-27a0a019a316","2022-02-10 14:06:05.003"
"ALB","237.320","1","237.590","1","-5","237.60","a2cfb6b3-268e-4cfa-80c1-a67557e092eb","2022-02-10 14:06:05.003"
"ALB","237.510","2","238.080","2","-5","238.08","55e79353-6c65-4d0f-ac60-6b05fd202aca","2022-02-10 14:06:34.633"
"ALB","237.510","2","238.080","2","-5","238.08","cb5c0a2b-d4f7-4f15-bb77-4caff5e09bff","2022-02-10 14:06:34.633"
"ALB","237.510","2","238.080","2","-5","238.08","41f95bb8-df9f-4efc-b0aa-2462f53b1c4a","2022-02-10 14:06:34.633"
"ALB","237.470","2","237.990","2","-5","238.00","14220975-d2c8-4908-8c68-acb7cd90a13a","2022-02-10 14:08:21.391"
"ALB","237.470","2","237.990","2","-5","238.00","bf0dffd4-a0a7-4300-acb6-5e76e7c1a38f","2022-02-10 14:08:21.391"
"ALB","237.320","2","237.990","2","-5","238.00","6c711a67-b166-4b1f-8153-f1bf9de7df81","2022-02-10 14:08:21.391"
"ALB","237.500","1","237.990","2","-5","238.00","b9da8113-b53b-400d-a13d-b5750c32876c","2022-02-10 14:08:21.391"
"ALB","237.700","1","238.480","4","5","237.80","79e1a54c-1c2d-42d6-908a-fcc40b0a0d3c","2022-02-10 14:46:15.266"
"ALB","237.920","2","238.330","2","-5","238.49","1c88bf0d-0217-4c6a-9485-a1cdaf09dd58","2022-02-10 14:48:20.763"
"ALB","237.820","2","238.450","2","5","237.58","a8a813c6-2e01-468c-9a53-c64ef611f6bf","2022-02-10 14:49:30.972"
"ALB","237.560","2","238.230","2","5","237.45","d1e40eee-3e6e-4948-be9e-f640acac6dbb","2022-02-10 14:49:32.792"
"ALB","237.410","2","237.970","2","5","237.18","665051b5-2fa5-4765-931b-3fb911288635","2022-02-10 14:49:58.562"
"ALB","237.590","1","238.060","4","5","237.18","7f23e7ff-54be-4687-b4b4-99c79c627f50","2022-02-10 14:49:58.562"
"ALB","237.600","2","238.080","1","5","237.18","140036a8-8914-4547-ba75-0ba176832dfc","2022-02-10 14:49:58.562"
"ALB","237.600","1","237.990","2","5","237.18","f499daeb-f347-4e20-b9a4-415b95484617","2022-02-10 14:49:58.562"
"ALB","237.600","1","237.990","2","5","237.18","45cf21c3-e428-499c-b293-19fef1f69236","2022-02-10 14:49:58.562"
"ALB","237.740","1","238.260","1","5","237.01","6cf675bd-2093-4a62-a022-1dade4e229b7","2022-02-10 14:50:29.929"
"ALB","237.740","1","238.200","2","5","237.01","56849dff-ce98-4e4d-a3ff-9c898d93e0c7","2022-02-10 14:50:29.929"
"ALB","236.990","2","237.370","2","-5","237.37","ddab646c-e320-4958-a362-fb59f2ddbc9a","2022-02-10 14:51:00.669"
"ALB","236.990","2","237.370","2","-5","237.37","913993b8-82ae-4860-be8d-0dacb897775a","2022-02-10 14:51:00.669"
"ALB","236.990","2","237.370","2","-5","237.37","a722f29e-ebbd-49e2-aa29-70789c433717","2022-02-10 14:51:00.669"
"ALB","236.780","4","237.400","2","-5","237.53","371bb4ee-af83-40ef-ae60-807dcfeb1076","2022-02-10 14:51:13.190"
"ALB","236.780","4","237.400","2","-5","237.53","88ad5ac8-5fc9-423e-938d-8137c3939199","2022-02-10 14:51:13.190"
"ALB","236.780","4","237.400","2","-5","237.53","7447d1c4-11b6-4bbe-afdd-c0c0f147312c","2022-02-10 14:51:13.190"
"ALB","237.090","1","237.510","2","-5","237.53","45f82ce8-b02e-4b1c-870d-d7ce228fff2a","2022-02-10 14:51:13.190"
"ALB","237.090","1","237.510","2","-5","237.53","4b4cb8b9-9647-4325-9808-7e37cc18dc1f","2022-02-10 14:51:13.190"
"ALB","237.170","2","237.620","2","-5","237.67","b93c813e-32cc-4d0a-a812-0f09f91b934b","2022-02-10 14:51:22.645"
"ALB","237.580","3","238.130","2","5","236.56","f838e770-1416-419b-9ffd-7926ac067b47","2022-02-10 14:55:14.168"
"ALB","237.700","2","238.240","1","5","236.51","c3de213d-78c4-4c4d-a87d-f84c0d8e7568","2022-02-10 14:56:11.062"
"ALB","237.480","2","237.990","1","5","236.51","cd734215-5d8f-4635-9680-b82f9f8261b0","2022-02-10 14:56:11.062"
"ALB","237.520","2","238.070","1","5","236.51","0afeb257-8119-44bb-aeb2-e68ef82b1899","2022-02-10 14:56:11.062"
"ALB","237.850","2","238.360","2","5","236.51","4d1fa277-b185-48ad-80f9-d69d45591ecd","2022-02-10 14:56:11.062"
"ALB","237.670","1","238.040","1","5","236.51","f42ee1fc-ea74-43bc-8fd3-462a6f044ce1","2022-02-10 14:56:11.062"
"ALB","237.670","1","238.200","2","5","236.51","baf19b1f-6855-4822-a516-f99acbed2254","2022-02-10 14:56:11.062"
"ALB","236.470","2","236.970","1","-5","237.02","68997494-8391-489e-b8d3-10f59940eb4a","2022-02-10 14:56:57.874"
"ALB","236.470","2","236.970","1","-5","237.02","23c27fda-ea82-49b1-843a-67c72d33676f","2022-02-10 14:56:57.874"
"ALB","236.470","2","236.970","1","-5","237.02","2cf1f164-a24c-4c7c-85db-8254098fbbc8","2022-02-10 14:56:57.874"
"ALB","236.470","2","236.970","1","-5","237.02","d57c395b-84bb-4ed3-a432-34842be65308","2022-02-10 14:56:57.874"
"ALB","236.190","4","236.560","1","-5","236.58","c237cf14-4508-43d7-82a5-586434a4366a","2022-02-10 14:59:21.858"
"ALB","236.110","4","236.730","1","-5","236.73","f7b45c86-853a-4022-a7aa-41977cf30400","2022-02-10 15:00:00.118"
"ALB","236.480","2","236.840","1","-5","237.12","73d40ebb-9017-44fc-83d1-9194f35534d4","2022-02-10 15:01:07.725"
"ALB","237.370","3","237.790","1","5","236.21","a1e7aded-9103-4292-8c2c-31492c69213f","2022-02-10 15:22:17.015"
"ALB","237.370","3","237.790","1","5","236.21","7522b333-e7bd-4413-ad29-cffdb433047b","2022-02-10 15:22:17.015"
"ALB","237.590","2","237.920","1","5","236.21","f49c2eac-5414-4159-8669-481196302ace","2022-02-10 15:22:17.015"
"ALB","237.430","1","237.660","1","5","236.21","ab8c3901-5914-4ca8-9064-d7f5ccc00bb2","2022-02-10 15:22:17.015"
"ALB","236.280","1","236.580","1","-5","236.58","0d025680-3b85-45af-a169-e54e4f73fd8e","2022-02-10 15:22:57.844"
"ALB","236.610","1","236.920","1","-5","236.92","ba07e99d-64d8-4e9b-90fb-46a2dbc4ffe1","2022-02-10 15:23:08.145"
"ALB","236.610","1","236.920","1","-5","236.92","467eef08-dd60-449e-b97c-e2792f103575","2022-02-10 15:23:08.145"
"ALB","236.210","1","236.570","1","-5","236.57","889b428a-ffe1-4ea1-8b28-0ce4fef2f398","2022-02-10 15:24:21.078"
"ALB","236.920","2","237.450","1","5","236.92","baa5b322-c668-425c-b87f-72dddfd6889f","2022-02-10 15:29:26.444"
"ALB","237.070","2","237.480","1","5","236.63","844335c9-900b-420f-b0e0-4bb3143fe93f","2022-02-10 15:30:04.816"
"ALB","237.070","2","237.480","1","5","236.63","2f4981eb-27c3-4498-a770-9c9dc369d43b","2022-02-10 15:30:04.816"
"ALB","237.100","2","237.460","2","5","236.10","6b5595e2-f11b-461e-ad2b-d7ee678be192","2022-02-10 15:33:10.601"
"ALB","237.070","2","237.440","1","5","236.10","6f535e27-8d69-4bff-bdfa-ec0a579f3cb2","2022-02-10 15:33:10.601"
"ALB","236.900","2","237.310","1","5","236.10","2d8294ae-4497-4c4d-95bd-24af113ac4fa","2022-02-10 15:33:10.601"
"ALB","236.120","2","236.530","1","5","236.10","f421ac67-dc26-4fd8-bfae-eae0843cc63a","2022-02-10 15:33:10.601"
"ALB","234.770","1","234.970","1","-35","234.77","3564c9d5-1d81-4f18-9d04-a14077922c9f","2022-02-10 15:48:00.006"
"ALC","78.500","1","78.560","7","14","78.43","e95f158c-8280-4a96-9879-6da3f5eb5937","2022-02-10 10:52:32.964"
"ALC","78.660","10","78.690","1","14","78.40","842f3cb9-2593-44ef-9c1b-3dca746c0916","2022-02-10 10:53:05.418"
"ALC","78.620","7","78.680","7","14","78.40","c5f4957a-4092-433e-af62-00c03ecec99d","2022-02-10 10:53:05.418"
"ALC","78.610","1","78.700","9","14","78.40","5e45883a-cfc4-4c28-94a2-270ecf142c83","2022-02-10 10:53:05.418"
"ALC","78.620","7","78.700","9","14","78.40","dd5e78ab-bb28-4faa-82ef-fa38877d2e44","2022-02-10 10:53:05.418"
"ALC","78.620","1","78.700","9","14","78.40","a5b8eff8-0d70-4b3a-9d52-15bc86b08a26","2022-02-10 10:53:05.418"
"ALC","78.650","2","78.690","1","14","78.39","0a687eec-3c42-4933-9532-948af441f059","2022-02-10 10:53:40.720"
"ALC","78.630","1","78.660","1","14","78.39","c764fce1-be9f-4650-983a-6478fdf9b21d","2022-02-10 10:53:40.720"
"ALC","78.320","2","78.360","7","-14","78.36","3fc27eaa-3efb-4745-99be-d7aa59fde9e8","2022-02-10 10:55:47.650"
"ALC","78.320","2","78.360","7","-14","78.36","a4e1fb1e-4a93-4d06-b568-11fac87f6774","2022-02-10 10:55:47.650"
"ALC","78.300","2","78.360","7","-14","78.36","3b16974f-7420-48ee-b057-5879258df585","2022-02-10 10:55:47.650"
"ALC","78.320","7","78.380","7","-14","78.38","159eab3f-9dff-45af-bdc2-ef0b7deebdb4","2022-02-10 10:55:55.191"
"ALC","78.280","7","78.360","7","-14","78.38","13f3b46e-c8f1-4804-aaa2-8edd905d84e9","2022-02-10 10:56:50.559"
"ALC","78.280","7","78.360","7","-14","78.38","e4016dba-54d8-4888-8705-6e2d19ac46c6","2022-02-10 10:56:50.559"
"ALC","78.280","7","78.360","7","-14","78.38","311c35a8-f20d-4570-b8f1-a9e8bf1a811d","2022-02-10 10:56:50.559"
"ALC","78.300","7","78.360","7","-14","78.36","c7b11e82-186e-413d-9be3-0e355252ce6f","2022-02-10 10:58:35.446"
"ALC","78.440","4","78.480","1","14","78.36","55490edb-4551-4d7a-81e9-1dfa87675fef","2022-02-10 11:12:29.484"
"ALC","78.440","4","78.480","1","14","78.36","ac57c961-9e43-4e21-a5b3-ed09a5f5c3ca","2022-02-10 11:12:29.484"
"ALC","78.460","1","78.500","1","14","78.36","3515f213-0828-4313-9c15-9cb27f354f6c","2022-02-10 11:12:29.484"
"ALC","78.360","1","78.410","2","-14","78.41","bae871ee-7be4-4bfc-918c-066f0ba699ab","2022-02-10 11:15:09.837"
"ALC","78.300","8","78.380","7","-14","78.38","d6c53ffe-9ff0-41c7-bd19-7a29a01c8f15","2022-02-10 11:15:32.973"
"ALC","78.350","2","78.400","7","-14","78.40","b9b0be01-3ade-4772-a20c-299995131fd9","2022-02-10 11:15:45.276"
"ALC","78.400","3","78.440","7","14","78.29","ae722e29-8406-419f-a5e0-caeaac703e90","2022-02-10 11:23:06.932"
"ALC","78.400","3","78.430","2","14","78.29","72ef7726-9c1b-4b86-81ea-9057926785ac","2022-02-10 11:23:06.932"
"ALC","78.400","3","78.430","2","14","78.29","0ee1d134-213f-4d0b-8ade-45a5e3183c0a","2022-02-10 11:23:06.932"
"ALC","78.400","1","78.430","2","14","78.29","04476c75-3251-4a21-af2c-d96dff50003d","2022-02-10 11:23:06.932"
"ALC","78.390","3","78.440","3","14","78.29","ab25c9f8-e43b-4779-9d1a-216d25b72bc1","2022-02-10 11:23:06.932"
"ALC","78.390","1","78.440","7","14","78.29","bee03002-99ed-4384-8795-8db4470ed63e","2022-02-10 11:23:06.932"
"ALC","78.390","1","78.440","7","14","78.29","dbd43b93-6004-477f-a6c1-fb94f1a833a1","2022-02-10 11:23:06.932"
"ALC","78.390","1","78.420","2","14","78.29","40f7d588-fd29-42b8-ac89-f139972c0d17","2022-02-10 11:23:06.932"
"ALC","78.390","3","78.440","8","14","78.29","3d66b56b-4faf-467a-b099-f2c54bbd3365","2022-02-10 11:23:06.932"
"ALC","78.430","3","78.490","1","14","78.29","31908591-3ca8-4a9c-a6b7-b52d2ae62236","2022-02-10 11:23:06.932"
"ALC","78.430","3","78.490","1","14","78.29","755c1b03-e9d8-4498-96bc-9af988bd51ec","2022-02-10 11:23:06.932"
"ALC","78.390","3","78.460","8","14","78.29","a647001d-e12e-458b-b20a-ee15b820b6e3","2022-02-10 11:23:06.932"
"ALC","78.390","3","78.440","8","14","78.29","1cfebf2e-46d5-45d3-a4ec-007fde806eaa","2022-02-10 11:23:06.932"
"ALC","78.260","4","78.340","5","-14","78.34","4c4ff2e0-438b-43bd-b8d5-8bd815e5d26c","2022-02-10 11:24:04.885"
"ALC","78.260","4","78.340","5","-14","78.34","5eb9739a-be5d-41b0-b8a1-c98d6eed46c3","2022-02-10 11:24:04.885"
"ALC","78.260","4","78.340","5","-14","78.34","001a6a26-c477-44b7-89f0-436736b35ea4","2022-02-10 11:24:04.885"
"ALC","78.260","4","78.340","5","-14","78.34","09df25a9-d6cf-4e92-92dd-882e2b5fda71","2022-02-10 11:24:04.885"
"ALC","78.260","4","78.340","5","-14","78.34","4032e67d-79ed-46c1-b3e1-ccc4ec13a870","2022-02-10 11:24:04.885"
"ALC","78.260","4","78.340","5","-14","78.34","0aa35bde-9f70-4bb6-8e4a-6d96ab3ad829","2022-02-10 11:24:04.885"
"ALC","78.260","4","78.350","9","-14","78.35","7f35d202-8bfd-4d2d-b75b-6a9ac82cac1a","2022-02-10 11:24:07.199"
"ALC","78.260","4","78.350","9","-14","78.35","b26fd43b-3cfb-4c6b-b8cb-a8f65bfd80b8","2022-02-10 11:24:07.199"
"ALC","78.260","4","78.350","9","-14","78.35","029ec058-a3a3-4c6f-b975-98c6d21f1162","2022-02-10 11:24:07.199"
"ALC","78.260","4","78.350","9","-14","78.35","22306249-5805-4f92-99c9-9ed42dddebd1","2022-02-10 11:24:07.199"
"ALC","78.300","3","78.380","1","-14","78.38","349863fa-b69e-4c58-a249-f1b535424376","2022-02-10 11:24:32.908"
"ALC","78.300","3","78.380","1","-14","78.38","cb6d9a7b-fc37-4e01-aaf0-0173827caacc","2022-02-10 11:24:32.908"
"ALC","78.300","3","78.380","1","-14","78.38","e22eef30-5ff2-4944-a69f-f51bfbb0a6d1","2022-02-10 11:25:10.612"
"ALC","78.300","1","78.420","5","14","78.31","bdb40e86-67f2-4d52-9a02-6dc2f663238e","2022-02-10 11:33:33.818"
"ALC","78.300","1","78.420","5","14","78.31","0b2e38eb-aeab-48a2-9271-89865dbe7e83","2022-02-10 11:33:33.818"
"ALC","78.310","3","78.420","4","-14","78.42","2072a761-db49-4a9e-9343-8ced8e958482","2022-02-10 11:39:29.664"
"ALC","78.310","3","78.420","4","-14","78.42","ed01f744-b359-4d26-9824-5b8e363ab5b3","2022-02-10 11:39:29.664"
"ALC","78.610","4","78.760","3","14","78.63","e4c68dfd-edbc-4c62-bcb3-75cfa97a0b55","2022-02-10 12:09:14.064"
"ALC","78.690","5","78.760","3","-14","78.76","51675870-65da-4ce0-837a-5241ada6d8d1","2022-02-10 12:17:25.573"
"ALC","78.770","9","78.840","3","14","78.68","ad31e0ca-feed-4d73-bb7d-b2b6d9b9bc39","2022-02-10 12:33:36.496"
"ALC","78.750","2","78.850","2","14","78.68","cb57e497-57f1-480d-a214-322e851bfba6","2022-02-10 12:33:36.496"
"ALC","78.750","2","78.850","2","14","78.68","ad1cc136-c909-41c8-be6c-ed9293420543","2022-02-10 12:33:36.496"
"ALC","78.750","3","78.850","2","14","78.68","7f9d9147-a04b-4c2b-822d-3b8cdbe57663","2022-02-10 12:33:36.496"
"ALC","78.760","2","78.840","2","14","78.68","56170317-e5ab-4e27-be87-3c59901db6df","2022-02-10 12:33:36.496"
"ALC","78.760","2","78.840","2","14","78.68","0c002cc6-1081-460c-85c2-8a6c9b55586b","2022-02-10 12:33:36.496"
"ALC","78.760","2","78.840","2","14","78.68","75686002-8456-474f-a058-331e033ea262","2022-02-10 12:33:36.496"
"ALC","78.610","2","78.680","1","-14","78.72","9b130b32-958a-4d61-a1d4-a66525568937","2022-02-10 12:36:09.931"
"ALC","78.770","9","78.840","3","14","78.63","1c56dc23-318c-450f-a43a-f759d2fa1f2a","2022-02-10 12:36:37.800"
"ALC","78.710","1","78.760","1","-14","78.76","e566419e-5167-4e25-9a25-ce6c2579f8bf","2022-02-10 12:40:57.075"
"ALC","78.710","1","78.760","1","-14","78.76","edc7ca5c-379d-4a4f-ab6d-872667f5178b","2022-02-10 12:40:57.075"
"ALC","78.710","2","78.760","1","-14","78.76","73a99425-650c-48f2-9088-42e57d0d7e15","2022-02-10 12:42:11.017"
"ALC","78.710","2","78.760","1","-14","78.76","9baacb1c-0c3a-4798-95a0-d45e533b52da","2022-02-10 12:42:11.017"
"ALC","78.750","1","78.800","1","-14","78.80","678ee475-db93-4983-95ad-b002b1852317","2022-02-10 12:43:16.686"
"ALC","78.790","3","78.920","9","14","78.39","dc3a80b3-e167-4b29-8722-13c822a342ff","2022-02-10 12:48:47.974"
"ALC","78.390","1","78.490","3","-14","78.52","f93fdb55-3a84-48a0-ac46-492c6673a071","2022-02-10 12:49:42.033"
"ALC","78.390","1","78.490","3","-14","78.52","e3dddefb-6fc2-4393-8267-1aef015d93d2","2022-02-10 12:49:42.033"
"ALC","78.390","1","78.490","3","-14","78.52","5342ea48-aac6-4f2e-8834-e234b9480ece","2022-02-10 12:49:42.033"
"ALC","78.390","1","78.530","3","14","78.53","dadfaf96-6ca2-4c7a-92c5-2787dfda2ea2","2022-02-10 12:58:00.006"
"ALC","78.440","1","78.580","2","-14","78.58","6d466639-c33e-417d-9e36-eb3608c0e98b","2022-02-10 13:05:05.160"
"ALC","78.470","3","78.560","1","14","78.40","a27e87d0-8e8b-40c3-a0aa-02bddbcfe046","2022-02-10 13:15:48.285"
"ALC","78.470","3","78.560","1","14","78.40","615c15c5-b7c1-4308-b3a9-a507df7b48fa","2022-02-10 13:15:48.285"
"ALC","78.470","3","78.560","1","14","78.40","f6ac6e67-9b00-4f63-953d-032e94a24ef9","2022-02-10 13:15:48.285"
"ALC","78.490","2","78.570","3","14","78.29","785ac510-9aad-4b79-821c-f4f2846a4227","2022-02-10 13:17:42.981"
"ALC","78.490","2","78.570","3","14","78.29","9ead2f97-a0d9-4fd4-81cb-6460a9fbe001","2022-02-10 13:17:42.981"
"ALC","78.450","4","78.590","2","14","78.29","a03daaad-beec-4250-a0cd-e608310adb95","2022-02-10 13:17:42.981"
"ALC","78.450","4","78.590","2","14","78.29","b1371f16-6b5a-4a00-9d5a-4ad2c31a920f","2022-02-10 13:17:42.981"
"ALC","78.450","4","78.590","2","14","78.29","10395d48-3f93-4bf3-a354-0e72135d680c","2022-02-10 13:17:42.981"
"ALC","78.450","4","78.590","2","14","78.29","5e1d33ed-2f6c-49c6-a95a-91939db930f7","2022-02-10 13:17:42.981"
"ALC","78.240","4","78.340","2","-14","78.34","4799a21c-72a9-46a1-9e03-5fc164974d99","2022-02-10 13:28:57.098"
"ALC","78.240","4","78.340","2","-14","78.34","2feece32-5d11-4e98-8ee3-fe046f366585","2022-02-10 13:28:57.098"
"ALC","78.240","4","78.340","2","-14","78.34","08749f68-bdf3-48dd-a3cc-109153db8991","2022-02-10 13:28:57.098"
"ALC","78.240","4","78.340","2","-14","78.34","54e0be57-d992-494a-9f70-f1360bbbcded","2022-02-10 13:28:57.098"
"ALC","78.240","4","78.340","2","-14","78.34","af42c3c1-8936-405e-8283-2f74a1532fa5","2022-02-10 13:28:57.098"
"ALC","78.240","4","78.340","2","-14","78.34","1d806dd1-9497-433f-b593-40da34fbff9d","2022-02-10 13:28:57.098"
"ALC","78.240","4","78.340","2","-14","78.34","0c80bcd9-7d8a-4822-9ac6-79ddf2560002","2022-02-10 13:28:57.098"
"ALC","78.240","4","78.340","2","-14","78.34","64faca6e-fbc7-45b5-ae00-87f724197ba6","2022-02-10 13:28:57.098"
"ALC","78.220","2","78.330","2","-14","78.33","7f709a59-32f4-4ed9-aee1-3f7f9bd7c4c6","2022-02-10 13:29:46.983"
"ALC","78.050","3","78.130","1","14","78.13","d47b4bc9-51f9-4fa8-9a3f-f7d4f3bf15c8","2022-02-10 13:48:30.006"
"ALC","77.720","3","77.810","1","-14","77.81","2348f8ec-81c5-4909-b73a-0c99a26b20ad","2022-02-10 14:06:15.187"
"ALC","77.820","5","77.900","3","14","77.69","0607a26c-1a3e-4a0b-aab3-283f81ab7367","2022-02-10 14:53:26.935"
"ALC","77.820","5","77.900","3","14","77.69","c9764aad-3115-4574-93b4-97f5194c6e56","2022-02-10 14:53:26.935"
"ALC","77.820","3","77.900","3","14","77.69","9f6425d9-3cad-4382-b8b8-37d1fe76f800","2022-02-10 14:53:26.935"
"ALC","77.820","2","77.900","3","14","77.69","510acd7f-367c-4fcd-b1f3-95b028294fcd","2022-02-10 14:53:26.935"
"ALC","77.830","2","77.870","2","14","77.69","7b061f83-c1ce-46c2-a0bf-4e0a13deba64","2022-02-10 14:53:26.935"
"ALC","77.830","2","77.870","2","14","77.69","8a6ac341-2b95-49cf-9b2a-118d77927e3b","2022-02-10 14:53:26.935"
"ALC","77.820","1","77.910","1","14","77.69","e95656dc-71a2-45d5-93ac-b1a383dc9cdc","2022-02-10 14:53:26.935"
"ALC","77.820","1","77.910","2","14","77.69","77816345-2f9c-4027-9b88-ae908ba85c6d","2022-02-10 14:53:26.935"
"ALC","77.820","1","77.910","2","14","77.69","18900a08-fa4a-4ccd-a47b-0cea741dd35f","2022-02-10 14:53:26.935"
"ALC","77.820","1","77.910","2","14","77.69","201b259b-1d39-4b4a-a60e-42d68e585eb6","2022-02-10 14:53:26.935"
"ALC","77.800","1","77.880","2","14","77.69","282b09cf-0ea5-4284-ba4a-3a2cbca66ac0","2022-02-10 14:53:26.935"
"ALC","77.710","1","77.730","1","-14","77.73","0ba97490-c6cc-43ce-83fa-47acde2fd572","2022-02-10 14:56:53.780"
"ALC","77.710","1","77.730","1","-14","77.73","a4670e37-ccd7-4fbd-9d28-c0906b1e553e","2022-02-10 14:56:53.780"
"ALC","77.710","1","77.730","1","-14","77.73","f25d05fe-c866-4773-a15b-29bc81272708","2022-02-10 14:56:53.780"
"ALC","77.710","1","77.730","1","-14","77.73","0a7dd0b4-11c3-4f5c-a1a5-df4ecd697371","2022-02-10 14:56:53.780"
"ALC","77.710","1","77.730","1","-14","77.73","01ea9261-fb88-4327-a703-2cd4e2c24994","2022-02-10 14:56:53.780"
"ALC","77.710","1","77.730","1","-14","77.73","86ec26cb-3c8b-48d2-b284-e9bdcd51357b","2022-02-10 14:56:53.780"
"ALC","77.680","2","77.730","1","-14","77.75","03be6863-c661-439b-87fd-f27a136af989","2022-02-10 14:57:04.804"
"ALC","77.680","2","77.730","1","-14","77.75","b5f7d48e-cd9a-4ab3-ba8a-9bd0b68a3310","2022-02-10 14:57:04.804"
"ALC","77.680","2","77.730","1","-14","77.75","8ded3349-ca23-4d9f-a0cc-7329d6be6afa","2022-02-10 14:57:04.804"
"ALC","77.680","2","77.720","3","-14","77.72","c626c51b-850b-4a26-ae27-33e258844c4d","2022-02-10 14:57:46.937"
"ALC","77.680","2","77.720","3","-14","77.72","b43fbf97-f5be-4d53-bb9b-a7ea6b4d04d7","2022-02-10 14:58:01.680"
"ALC","77.890","2","78.030","2","14","77.74","76e0f8c9-535b-43d1-8757-864cf4210c0a","2022-02-10 15:33:25.932"
"ALC","77.890","1","77.980","2","14","77.74","cf6e0c03-c04d-4d2c-a317-bb933ca34a74","2022-02-10 15:33:25.932"
"ALC","77.930","2","78.040","2","14","77.74","1a0d9206-6652-4067-a6e3-361fafc777bc","2022-02-10 15:33:25.932"
"ALC","77.940","1","78.030","2","14","77.74","35f39a0d-4eaf-40a2-b5a2-49b6a3701211","2022-02-10 15:33:25.932"
"ALC","77.940","1","78.030","2","14","77.74","b395eeba-1ac5-4cdf-842b-9a100e8ba4f0","2022-02-10 15:33:25.932"
"ALC","77.940","1","78.030","2","14","77.74","63849837-97ea-4857-acb9-56dd39d86221","2022-02-10 15:33:25.932"
"ALC","77.940","2","78.030","2","14","77.74","a99d1a9a-ee64-42c7-8149-1c0d3f3cb94f","2022-02-10 15:33:25.932"
"ALC","77.930","2","78.040","2","14","77.73","7458d80d-a4c5-4f26-8449-3c7cc3ceecc7","2022-02-10 15:33:44.423"
"ALC","77.960","1","78.030","1","14","77.72","82ca2eee-f8c7-4815-884c-8d5d3e0b2896","2022-02-10 15:33:45.061"
"ALC","77.960","1","78.030","1","14","77.72","54dcb44c-e848-43fe-9123-21c7b071ef57","2022-02-10 15:33:45.061"
"ALC","77.950","2","78.040","2","14","77.72","be77fdd7-2013-4128-926f-69b2e1caba71","2022-02-10 15:33:45.061"
"ALC","77.950","2","78.040","2","14","77.72","b5c4565b-f803-4e6b-ad72-b66c37e83e31","2022-02-10 15:33:45.061"
"ALC","77.950","2","78.040","3","14","77.72","5bcc416b-2909-429f-a556-1ec83fe4cd5c","2022-02-10 15:33:45.061"
"ALC","77.860","3","77.950","1","14","77.66","25f775bf-7dc8-480a-885f-5352bcd9357a","2022-02-10 15:34:54.075"
"ALC","77.860","3","77.950","1","14","77.66","23e3be32-6e3a-4d31-8776-aba711430590","2022-02-10 15:34:54.075"
"ALC","77.860","3","77.950","1","14","77.66","20c4d42e-08de-4410-9adc-0fcdad5e618c","2022-02-10 15:34:54.075"
"ALC","77.860","3","77.950","1","14","77.66","b2d40cab-c83c-45d1-bdb2-5a7f3366df50","2022-02-10 15:34:54.075"
"ALC","77.500","2","77.550","2","-238","77.50","c1c03f23-ce03-48bf-9a45-1683c566939b","2022-02-10 15:48:00.006"
"AEE","87.250","1","87.320","1","13","87.23","4688ddaf-6e6c-448e-b9d8-7b641df9c4e1","2022-02-10 10:18:34.065"
"AEE","87.250","1","87.320","2","13","87.23","14647d27-cc4c-4471-bc35-a41d8007fd45","2022-02-10 10:18:34.065"
"AEE","87.250","1","87.300","1","13","87.23","5f608286-fb36-4536-b0e6-dcf82430db8f","2022-02-10 10:18:34.065"
"AEE","87.180","2","87.260","1","13","87.13","0e46f8a9-8e1e-4afe-abad-47608b0c6386","2022-02-10 10:21:17.956"
"AEE","87.070","5","87.140","3","-13","87.14","2d7fca34-565d-49e3-bd0e-4a115a9ea6b7","2022-02-10 10:22:36.742"
"AEE","87.070","5","87.140","3","-13","87.14","429abf65-7089-4538-bcf5-3071583f8f3d","2022-02-10 10:22:36.742"
"AEE","87.070","5","87.140","3","-13","87.14","5ea547ca-214b-4325-a6ff-042b8459cab3","2022-02-10 10:22:36.742"
"AEE","87.070","5","87.140","1","-13","87.14","0ecb6120-3d3d-476a-a076-d39efdcded31","2022-02-10 10:22:36.742"
"AEE","87.240","1","87.280","1","13","87.15","05bd64d1-7f35-4b67-88b5-8ca11aca05f4","2022-02-10 10:27:38.157"
"AEE","87.200","1","87.260","3","13","87.15","56f21fd2-91c0-410b-81a4-8688398d0c21","2022-02-10 10:27:38.157"
