"Symbol","Bid","Bid Sz","Ask","Ask Sz","Shares","Price","Order ID","Timestamp"
"AA","60.480","1","60.550","1","19","60.55","38a2c45f-ed5d-4daa-9d86-13ab66ee7c88","2022-01-19 10:01:30.006"
"AA","60.260","1","60.330","1","-19","60.33","e1d5c828-d24a-46b4-975b-3a121cad1159","2022-01-19 10:02:00.285"
"AA","60.350","2","60.420","3","19","60.42","3796f817-744f-4bd5-b3b5-90f04433d5a5","2022-01-19 10:03:10.006"
"AA","60.470","3","60.500","14","-19","60.50","38bc737d-813c-42f1-a0f2-0ae06b1407ac","2022-01-19 10:04:00.120"
"AA","60.400","1","60.480","1","19","60.48","38c2c8c0-6146-48cb-8207-8a884b088a8c","2022-01-19 10:04:20.006"
"AA","60.420","3","60.470","1","-19","60.47","bf82eef5-1b24-4d2f-9225-f4c1b98e1a40","2022-01-19 10:05:33.256"
"AA","60.520","1","60.570","3","19","60.22","5553a51a-98cd-41cc-aad9-842cddb804b6","2022-01-19 10:08:14.828"
"AA","59.800","1","59.830","1","-19","59.83","0666b7ae-7565-4afa-94dc-86b184f703d8","2022-01-19 10:11:10.725"
"AA","59.590","1","59.620","2","19","59.40","d8a0c04a-4006-492b-bdb1-ad45440b6593","2022-01-19 11:18:11.839"
"AA","59.550","4","59.580","1","19","59.40","c21bb1ad-164d-4de7-bcb2-186ac6324217","2022-01-19 11:18:11.839"
"AA","59.530","1","59.560","1","19","59.40","f3ac68ed-6a49-4efd-b817-d6b668a2f301","2022-01-19 11:18:11.839"
"AA","59.510","1","59.550","1","19","59.40","6f48fe64-1dd8-4678-9036-af2040545941","2022-01-19 11:18:11.839"
"AA","59.340","3","59.390","1","-19","59.40","171f1918-a675-4601-92aa-f4b0bae6c60c","2022-01-19 11:18:41.254"
"AA","59.360","1","59.400","9","-19","59.40","81dc2861-38db-457d-b5f8-569ad6c1cc0b","2022-01-19 11:18:46.820"
"AA","59.360","1","59.400","9","-19","59.40","007af145-d79c-475f-8fc9-5cfd3e46fb02","2022-01-19 11:18:46.820"
"AA","59.350","30","59.380","1","-19","59.38","92bbba1d-51d7-43c5-bb7c-885b037c126f","2022-01-19 11:19:02.984"
"AA","59.710","3","59.750","7","19","59.22","b6e9ee5f-f906-4e89-9273-d2ccc12ef705","2022-01-19 11:23:41.234"
"AA","59.670","1","59.740","2","19","59.22","3b59da30-3d45-4f6d-8c3c-9b9fe1d4a3bb","2022-01-19 11:23:41.234"
"AA","59.690","1","59.720","1","19","59.22","ccd66b45-e2f1-4a37-b079-307c0ce6e9c7","2022-01-19 11:23:41.234"
"AA","59.710","1","59.740","1","19","59.22","ce4e9a58-a7a3-4eb6-aa6e-b1a42c1722da","2022-01-19 11:23:41.234"
"AA","59.190","1","59.240","1","-19","59.27","4eb4e2c2-2d60-46ba-bf56-ad7d2eb25e82","2022-01-19 11:24:34.250"
"AA","59.220","1","59.280","1","-19","59.28","916bb19c-535a-45c8-bd9f-759efa98e683","2022-01-19 11:25:07.260"
"AA","59.250","3","59.290","8","-19","59.31","e757405c-c1b7-4d0c-85cf-290a6a875152","2022-01-19 11:25:07.413"
"AA","59.280","1","59.330","1","-19","59.33","23092757-425b-453f-a7f7-4b4fd49e60c7","2022-01-19 11:25:10.783"
"AA","59.620","1","59.680","2","19","59.51","8f5c61f1-53c7-4593-9ec1-3fb1775f00a3","2022-01-19 11:31:23.353"
"AA","59.420","1","59.460","3","-19","59.47","f1f68f57-9eb7-4080-9a43-646c4fd91f1f","2022-01-19 11:37:00.421"
"AA","60.020","1","60.040","1","19","59.91","d95af6e5-5928-455f-8506-8f29e1c8c6f5","2022-01-19 12:21:47.729"
"AA","60.010","1","60.040","2","19","59.91","084bfcbf-2442-47de-ae54-ef7eba5d53e5","2022-01-19 12:21:47.729"
"AA","60.010","1","60.040","1","19","59.89","84caac63-ed66-4472-89c2-a47592f3b404","2022-01-19 12:22:01.167"
"AA","60.040","1","60.060","1","19","59.89","d2eb4973-4419-4f5f-9681-afb7078f24ad","2022-01-19 12:22:01.167"
"AA","59.990","2","60.040","3","19","59.89","d7beaeb5-8423-4ac1-9c58-53d4d64b07a8","2022-01-19 12:22:01.167"
"AA","59.980","1","60.030","1","19","59.89","3fd8d735-86cb-4e28-b9c2-ef4b3b1d7156","2022-01-19 12:22:01.167"
"AA","59.980","1","60.020","1","19","59.89","9f6fa688-2251-44d7-9da2-e6761aec1d38","2022-01-19 12:22:01.167"
"AA","60.000","1","60.040","2","19","59.89","5a1b9d4f-9b76-4b1d-b6d5-854da15bbec0","2022-01-19 12:22:01.167"
"AA","59.990","1","60.020","2","19","59.89","72015d7e-9a0f-44bc-832c-9a5b6948342e","2022-01-19 12:22:01.167"
"AA","59.990","2","60.030","1","19","59.89","be5214c1-ea49-4d63-8df5-d3a407205929","2022-01-19 12:22:01.167"
"AA","59.950","1","60.000","2","19","59.89","4a526256-7f2a-4e26-99da-659e020cfa1a","2022-01-19 12:22:01.167"
"AA","60.000","1","60.040","8","19","59.85","ed72a4db-8fde-44db-a40d-5b0bdb58f179","2022-01-19 12:22:13.113"
"AA","60.040","2","60.080","3","19","59.85","764e38d8-3968-4ac3-8832-61c907be5dd6","2022-01-19 12:22:13.113"
"AA","60.040","3","60.070","1","19","59.85","5a7a2cf0-4be9-4146-a463-e88d79867d46","2022-01-19 12:22:13.113"
"AA","59.990","2","60.030","1","19","59.85","a306371a-7fee-4084-bee6-4159a29ad9f7","2022-01-19 12:22:13.113"
"AA","60.000","1","60.030","2","19","59.85","f092312b-708b-4e69-a9a2-f15a4251ddbf","2022-01-19 12:22:13.113"
"AA","59.970","1","60.010","2","19","59.85","10f1f4e1-f6f5-4d6e-aca6-f937d76dd5ac","2022-01-19 12:22:13.113"
"AA","59.760","5","59.790","2","-19","59.79","bc91e01f-25d0-4f88-b32f-0e7c9ff2e57a","2022-01-19 12:22:33.885"
"AA","59.760","5","59.790","2","-19","59.79","fb813cd2-0223-406f-bd2e-7d6cab7c0dfc","2022-01-19 12:22:33.885"
"AA","59.760","5","59.790","2","-19","59.79","2ca25ce8-cf41-42d6-b688-b00090c69a9f","2022-01-19 12:22:33.885"
"AA","59.760","5","59.790","2","-19","59.79","7e82bb9e-598e-4fb3-ade9-e613dd74887e","2022-01-19 12:22:33.885"
"AA","59.760","5","59.790","2","-19","59.79","5d08719e-0e33-4a06-a129-08ea0df65803","2022-01-19 12:22:33.885"
"AA","59.760","5","59.790","2","-19","59.79","9ca1343b-e124-4dc3-9997-3ea8f8913562","2022-01-19 12:22:33.885"
"AA","59.810","2","59.850","7","-19","59.85","3d37775a-b970-476b-ac2e-9fcf2ab4e019","2022-01-19 12:22:51.596"
"AA","59.810","2","59.850","7","-19","59.85","d5cf1188-cd4f-491a-90aa-d12cccf33fc0","2022-01-19 12:22:51.596"
"AA","59.810","2","59.850","7","-19","59.85","baa5dac3-ad82-4687-be45-947323da6b85","2022-01-19 12:22:51.596"
"AA","59.810","2","59.850","7","-19","59.85","af1a80d1-7ed6-402b-9cde-55e5dc73f01b","2022-01-19 12:22:51.596"
"AA","59.810","2","59.850","7","-19","59.85","ddedd8a3-0695-40de-95ff-08af2f054b41","2022-01-19 12:22:51.596"
"AA","59.810","2","59.850","7","-19","59.85","5d505898-34da-4d12-9384-88acebb6a93c","2022-01-19 12:22:51.596"
"AA","59.820","1","59.850","7","-19","59.85","7c977d70-a636-4c96-86bc-a6c42b35998d","2022-01-19 12:22:51.596"
"AA","59.820","1","59.850","7","-19","59.85","69b31ab7-5dd3-46b8-8b54-9f45c9fdd300","2022-01-19 12:22:51.596"
"AA","59.820","1","59.850","7","-19","59.85","d90fd1ae-cae8-4af2-a7d9-bf5040938990","2022-01-19 12:22:51.596"
"AA","59.800","7","59.840","1","-19","59.84","3ade4f9d-ddc8-4e05-9426-965ab8d48515","2022-01-19 12:23:36.419"
"AA","59.840","2","59.890","3","-19","59.89","7a8759f1-1a32-487d-8548-b132550e39e6","2022-01-19 12:24:25.226"
"AA","60.120","1","60.180","2","19","59.86","51ea5201-1d4b-422f-aec8-41d7335a5df3","2022-01-19 12:39:44.301"
"AA","60.120","1","60.180","4","19","59.86","c79ada70-f7f4-4e8b-b1b1-c1a370aa5515","2022-01-19 12:39:44.301"
"AA","60.120","3","60.180","2","19","59.86","49a5ac64-9da3-4978-8d3c-b49f606d5471","2022-01-19 12:39:44.301"
"AA","60.120","2","60.180","4","19","59.86","0567a729-a3fe-4fd6-b406-eff1beeab1cb","2022-01-19 12:39:44.301"
"AA","60.030","1","60.090","14","19","59.86","314f9290-11fc-4338-a6f2-92f1fa34614e","2022-01-19 12:39:44.301"
"AA","59.860","1","59.900","1","-19","59.90","d2de7975-947b-4fba-b69d-ec8cffc6bf73","2022-01-19 12:40:35.455"
"AA","59.860","1","59.900","1","-19","59.90","bde4af5a-c621-41f2-8a2f-86b3b9442d45","2022-01-19 12:40:35.455"
"AA","60.090","1","60.130","1","19","59.85","c8288603-fd41-48cf-99b3-722ca8702224","2022-01-19 12:40:42.758"
"AA","60.130","2","60.160","1","19","59.85","6a12acee-a264-4e38-a556-e959aae930c8","2022-01-19 12:40:42.758"
"AA","60.090","1","60.140","2","19","59.85","7dfc025d-04e1-42ee-ab3f-bcb0d0dcca07","2022-01-19 12:40:42.758"
"AA","60.100","1","60.140","1","19","59.85","903461e5-f93d-4180-bbc3-f978fc7beb94","2022-01-19 12:40:42.758"
"AA","60.130","1","60.150","1","19","59.85","de8459f3-4b80-434b-a348-bfcb7f0f945d","2022-01-19 12:40:42.758"
"AA","60.170","1","60.200","3","19","59.85","bdcf2d76-75a1-4ada-bb8a-542ca72aa401","2022-01-19 12:40:42.758"
"AA","60.170","2","60.200","3","19","59.85","5ef4eac0-e0e6-4315-9fe7-ce12542ed4e5","2022-01-19 12:40:42.758"
"AA","60.100","5","60.140","1","19","59.85","7c65c670-fed8-4484-81e1-60ea6410494a","2022-01-19 12:40:42.758"
"AA","60.140","1","60.170","3","19","59.85","9378627c-2f06-45c0-ab4c-a4008bbb5127","2022-01-19 12:40:42.758"
"AA","60.090","1","60.140","2","19","59.85","dc2a7b35-bb5c-4cdf-be57-49aa4c7284d6","2022-01-19 12:40:42.758"
"AA","60.090","2","60.120","1","19","59.85","e3b738af-7e11-4522-87dd-a3747e47a3f7","2022-01-19 12:40:42.758"
"AA","59.840","1","59.870","1","-19","59.88","f062c993-33cf-4b80-8cc9-e4533d20888e","2022-01-19 12:40:50.953"
"AA","59.860","1","59.900","1","-19","59.90","6932c9f2-f519-476d-9507-7ad122919a8b","2022-01-19 12:40:50.959"
"AA","59.810","1","59.850","2","-19","59.85","746a2189-c9b9-4373-aaa0-5980d2c61003","2022-01-19 12:41:14.058"
"AA","59.810","1","59.850","2","-19","59.85","cce12644-99c6-4a94-a952-160650c7f667","2022-01-19 12:41:14.058"
"AA","59.810","1","59.850","2","-19","59.85","706bfce7-b23d-46a8-afae-d2679df098bd","2022-01-19 12:41:14.058"
"AA","59.810","1","59.850","2","-19","59.85","12ffed9f-4745-49c6-9cfb-b8720c8aa22e","2022-01-19 12:41:14.058"
"AA","59.810","1","59.850","2","-19","59.85","5598d708-21c7-4a64-8fdc-50dc95337af7","2022-01-19 12:41:14.058"
"AA","59.810","1","59.850","2","-19","59.85","247bc9d2-bc27-467b-90e0-6cb81b158be9","2022-01-19 12:41:14.058"
"AA","59.820","1","59.850","1","-19","59.85","eecc4079-ef1b-419d-9ae5-ebd688cb6a1f","2022-01-19 12:41:20.042"
"AA","59.820","1","59.850","1","-19","59.85","5471f505-46ed-4d55-a501-2910e9c6db6f","2022-01-19 12:41:20.042"
"AA","59.820","1","59.850","1","-19","59.85","909fbc2f-7394-432d-9743-7986c4596fcd","2022-01-19 12:41:20.042"
"AA","59.760","1","59.790","3","-19","59.79","bb2e4d51-f13d-4e66-a758-4ef929cf324a","2022-01-19 12:42:06.350"
"AA","59.760","1","59.790","2","-19","59.79","a3a71be5-e23f-42a6-a82a-469141c98c17","2022-01-19 12:42:06.350"
"AA","59.710","2","59.750","2","-19","59.75","e6cf92db-af55-4fd7-a60a-354722254707","2022-01-19 12:43:25.131"
"AA","60.110","1","60.150","6","19","60.07","aae0e3fc-e3ff-4f99-bea1-acfa9e454c1f","2022-01-19 12:48:24.524"
"AA","60.110","2","60.140","30","-19","60.14","f1e6c336-8ec4-4ca0-a078-01577f250e6b","2022-01-19 12:49:00.926"
"AA","60.130","1","60.180","3","19","59.94","7024e192-e6da-4526-8a28-4dd8ba3a6df5","2022-01-19 13:00:50.493"
"AA","60.020","2","60.080","1","-19","60.09","161cb314-ceb6-4f46-a418-0429349cb652","2022-01-19 13:02:35.711"
"AA","60.140","1","60.190","3","19","60.10","886dd867-9510-49e0-82f6-9f49e6554c96","2022-01-19 13:08:27.824"
"AA","60.160","1","60.200","2","19","60.03","d60c9cc1-791b-471d-b855-9f8ddf5b576b","2022-01-19 13:08:42.994"
"AA","60.160","1","60.200","2","19","60.03","a810cff8-7a36-436c-958a-7220b307b51c","2022-01-19 13:08:42.994"
"AA","60.180","1","60.230","1","19","60.03","215e9c99-8af9-4aed-ae99-4c6ab26bc4ab","2022-01-19 13:08:42.994"
"AA","60.180","1","60.230","1","19","60.03","f02c6df3-f75f-4432-a647-cde1560c6d8c","2022-01-19 13:08:42.994"
"AA","60.120","1","60.170","1","-19","60.17","41bc6507-fb2f-46f0-8ec3-4c84e6647464","2022-01-19 13:10:21.875"
"AA","60.180","1","60.220","6","-19","60.22","d2885684-74c4-4655-809e-9d330a81437d","2022-01-19 13:10:39.319"
"AA","60.180","1","60.220","6","-19","60.22","8d11223b-12b3-4c2e-b264-ea1bc211b731","2022-01-19 13:10:39.319"
"AA","60.180","2","60.220","6","-19","60.23","efb15c42-e8de-4e30-8282-252214cac86e","2022-01-19 13:10:41.995"
"AA","60.220","1","60.260","1","-19","60.28","6ed8d1e0-4671-4d1a-8f89-6da34522d6a2","2022-01-19 13:10:50.372"
"AA","60.340","3","60.370","1","19","60.09","682c9e65-f7f0-4ab0-9e2a-8c6021896706","2022-01-19 13:29:24.368"
"AA","60.340","1","60.370","1","19","60.09","4857f3a3-80ad-4fcf-a94b-e3a817726b81","2022-01-19 13:29:24.368"
"AA","60.350","2","60.400","8","19","60.09","93097d1c-788b-460e-83e9-7377e320ce9f","2022-01-19 13:29:24.368"
"AA","60.350","2","60.380","1","19","60.09","769babfa-5d6a-4a5b-88b5-5964a89aed7a","2022-01-19 13:29:24.368"
"AA","60.250","1","60.290","1","19","60.04","22c39f1e-f8c4-4864-b832-b436b9e27338","2022-01-19 13:30:10.482"
"AA","60.180","3","60.230","1","19","60.04","843bc722-f508-4382-86c2-a22f76b830a6","2022-01-19 13:30:10.482"
"AA","60.420","2","60.440","1","19","60.01","dbebba9c-a619-40dd-9c07-479bcd9dc529","2022-01-19 13:30:11.069"
"AA","60.360","1","60.400","1","19","60.01","079ccb87-356d-4609-9e23-250b4e91d2e9","2022-01-19 13:30:11.069"
"AA","60.370","1","60.410","1","19","60.01","4bf61c8e-0941-4212-b33b-540dfd2b99fc","2022-01-19 13:30:11.069"
"AA","60.020","1","60.080","1","-19","60.08","9dc1ecd9-1127-4779-9b7e-f92184fb10f0","2022-01-19 13:30:25.798"
"AA","60.020","1","60.080","1","-19","60.08","b2dabd5e-23aa-4574-94c2-eb86b6555352","2022-01-19 13:30:25.798"
"AA","60.050","2","60.120","1","-19","60.13","63603291-01d3-4032-ba2c-467db3516a1e","2022-01-19 13:30:30.217"
"AA","60.050","2","60.120","1","-19","60.13","baf20079-6498-4206-90c0-b497139fb6ee","2022-01-19 13:30:30.217"
"AA","60.050","2","60.120","1","-19","60.13","9a12a7ca-5b1b-445b-abf8-e99e124ab594","2022-01-19 13:30:30.217"
"AA","60.050","2","60.120","1","-19","60.13","3f56e987-b458-4be2-a085-cde7965c5a41","2022-01-19 13:30:30.217"
"AA","60.090","14","60.130","8","-19","60.13","b9c3b6f9-226e-4736-aa68-ccb25ac4962f","2022-01-19 13:30:41.236"
"AA","60.090","14","60.130","8","-19","60.13","1833ab41-c253-4be1-951c-d6349f4d7c43","2022-01-19 13:30:41.236"
"AA","60.120","1","60.160","1","-19","60.16","e3efb6c6-8f9a-4ed3-8ecc-97466c156764","2022-01-19 13:30:59.622"
"AA","60.410","1","60.450","13","19","60.31","85485017-6a30-45e7-a3b4-05d5b3dcf5ef","2022-01-19 13:35:53.311"
"AA","60.430","2","60.470","1","19","60.25","5ad23246-9be2-47fe-9c9d-fd0f22b169cf","2022-01-19 13:36:25.900"
"AA","60.430","2","60.470","3","19","60.25","13faff18-9344-480e-98c5-b7e01c7965a3","2022-01-19 13:36:25.900"
"AA","60.440","1","60.470","1","19","60.25","8268bc2e-a78c-489f-983b-1f19a54df694","2022-01-19 13:36:25.900"
"AA","60.440","1","60.490","1","19","60.25","79fac2fa-d394-4e09-b394-3b49cf99a888","2022-01-19 13:36:25.900"
"AA","60.430","1","60.450","12","19","60.25","d76d63b5-8c8c-42c3-97cb-e760a80196d4","2022-01-19 13:36:25.900"
"AA","60.310","2","60.360","2","19","60.21","9ca6de71-e511-4c24-908e-2d43d4dc0436","2022-01-19 13:37:05.458"
"AA","60.330","2","60.360","1","19","60.21","f2818fe3-6cd6-46bc-9290-f60432703343","2022-01-19 13:37:05.458"
"AA","60.350","1","60.400","1","19","60.21","8f5fbddd-d0ae-456e-9b33-65a8b9e28058","2022-01-19 13:37:05.458"
"AA","60.360","2","60.420","1","19","60.21","89ec2f4a-a10d-4762-aa53-052b8317cea2","2022-01-19 13:37:05.458"
"AA","60.390","1","60.430","1","19","60.21","be5e334a-5e97-40b0-a246-8515e66cbc88","2022-01-19 13:37:05.458"
"AA","60.290","3","60.330","2","19","60.19","f8ff348e-d256-47fa-a2a0-6a446289bd19","2022-01-19 13:37:30.543"
"AA","60.330","2","60.370","1","19","60.19","2aef6b5a-29c2-4bf0-86e8-f5c5a35d3f2c","2022-01-19 13:37:30.543"
"AA","60.340","3","60.380","12","19","60.19","37bdeba4-87ae-460f-b42a-58cedc83d7d2","2022-01-19 13:37:30.543"
"AA","60.290","2","60.340","1","19","60.19","c0a057b5-e9ff-427e-8304-4ff2ff4a174e","2022-01-19 13:37:30.543"
"AA","60.170","1","60.190","2","-19","60.19","bdae7897-8290-4597-a38b-c4c33691f3f9","2022-01-19 13:37:57.019"
"AA","60.070","2","60.120","1","-19","60.12","e0096ce6-a055-4ad6-8020-537da3b33136","2022-01-19 13:38:13.794"
"AA","60.070","2","60.120","1","-19","60.12","fc2f4f69-d83b-4f23-9504-321b2b5e3717","2022-01-19 13:38:13.794"
"AA","60.070","2","60.120","1","-19","60.12","32d276c7-59ae-469f-9cb5-cba4e172d74f","2022-01-19 13:38:13.794"
"AA","60.070","2","60.120","1","-19","60.12","dbf182ec-afa6-4367-bb28-da2a6e5ff710","2022-01-19 13:38:13.794"
"AA","60.150","1","60.190","1","-19","60.19","3badf8c1-dafe-4b84-9a8f-b583ea74f538","2022-01-19 13:38:22.308"
"AA","60.150","1","60.190","1","-19","60.19","2b64a610-feca-4de2-b482-c955a8d4c0b8","2022-01-19 13:38:22.308"
"AA","60.150","1","60.190","1","-19","60.19","94245cb0-dcb5-40e7-bced-ade8058d782b","2022-01-19 13:38:22.308"
"AA","60.150","1","60.190","1","-19","60.19","e02ac555-6703-42db-a380-2827092a6c2d","2022-01-19 13:38:22.308"
"AA","60.150","1","60.190","1","-19","60.19","000c54b0-d4c1-474f-a739-9cc097d871a7","2022-01-19 13:38:22.308"
"AA","60.220","2","60.240","3","-19","60.24","040e3f2d-aacf-4abe-a166-6ca9413344bb","2022-01-19 13:38:30.339"
"AA","60.220","2","60.240","3","-19","60.24","24d188b7-06d5-4bea-b234-34bfdc6e4cd5","2022-01-19 13:38:30.339"
"AA","60.220","2","60.240","3","-19","60.24","7f71929d-e5a2-4c99-8d87-7a9bfb626ac2","2022-01-19 13:38:30.339"
"AA","60.220","2","60.240","2","-19","60.24","20c405bc-326b-48fc-9266-8705cd558039","2022-01-19 13:38:44.120"
"AA","60.220","2","60.240","2","-19","60.24","096b6105-3dcd-4479-b0b5-4d15df43b416","2022-01-19 13:39:04.061"
"AA","60.220","3","60.250","1","19","60.22","d5c27589-c819-4110-b9fc-2a37654634b8","2022-01-19 14:03:00.024"
"AA","60.270","2","60.310","1","19","60.22","0597b744-3626-4777-be4d-7f5a5d082d0a","2022-01-19 14:03:00.024"
"AA","60.170","4","60.210","1","19","60.15","dbaf3803-5189-45cf-ba04-85a5aaa91268","2022-01-19 14:03:12.487"
"AA","60.190","2","60.220","33","19","60.15","d7fed600-4c07-4bfc-83da-7cd4275c12cc","2022-01-19 14:03:12.487"
"AA","60.290","2","60.320","1","19","60.15","7133000f-479c-4c50-8659-5256569d9f54","2022-01-19 14:03:12.487"
"AA","60.290","2","60.320","1","19","60.15","26142f4d-6cd1-4e94-b78c-f4432d866aae","2022-01-19 14:03:12.487"
"AA","60.180","1","60.220","1","19","60.15","005c5b8e-8e9b-4fa0-8822-ecb7bc70bcd6","2022-01-19 14:03:12.487"
"AA","60.070","2","60.090","2","-19","60.09","dbe11467-ea40-4d34-8d13-773a6ba66451","2022-01-19 14:05:30.893"
"AA","60.040","1","60.060","1","-19","60.06","0260895a-b1b5-4cdd-9463-8e4cf63297c2","2022-01-19 14:06:01.976"
"AA","60.040","1","60.060","1","-19","60.06","3e3526d4-1ab4-4f59-a4c4-79c94e5b2e2e","2022-01-19 14:06:01.976"
"AA","60.040","1","60.060","1","-19","60.06","a6ed96a6-a542-48cf-b24f-1efd93658baf","2022-01-19 14:06:01.976"
"AA","59.910","3","59.950","1","-19","59.95","09c7a33f-44fc-4948-9709-13a30340c338","2022-01-19 14:06:41.970"
"AA","59.910","3","59.950","1","-19","59.95","a200a1f6-5609-4c17-bb05-8c3c2cb7b2ed","2022-01-19 14:07:00.541"
"AA","59.950","1","59.980","1","-19","59.99","dd36d3e5-ebf1-446a-9c73-eaa69610f072","2022-01-19 14:07:11.939"
"AA","60.360","1","60.400","36","19","59.86","abd14d8b-8ba0-422a-84b6-37042868f985","2022-01-19 14:12:15.702"
"AA","60.350","2","60.400","1","19","59.86","e398bbb8-b101-4177-893b-3a6f6487b361","2022-01-19 14:12:15.702"
"AA","60.360","1","60.390","1","19","59.86","f25ea2c6-75ff-46a0-bce3-1ed6afd204c1","2022-01-19 14:12:15.702"
"AA","59.870","2","59.900","2","-19","59.91","592c13f4-267a-440f-ac42-866ed65eb813","2022-01-19 14:13:33.000"
"AA","59.880","1","59.910","2","-19","59.91","384422b6-499e-4da9-b004-cf2401f47319","2022-01-19 14:13:45.538"
"AA","59.810","2","59.830","2","-19","59.83","8cd75acb-acdf-4986-bb53-908ff9570ee2","2022-01-19 14:14:31.854"
"AA","59.910","1","59.950","1","19","59.92","cbe4cbf3-16a3-41b8-916c-9fc7f5167808","2022-01-19 14:23:11.308"
"AA","59.910","2","59.950","4","-19","59.95","bd73b917-f3be-4ffe-9a14-d6fcff645c0b","2022-01-19 14:24:44.371"
"AA","59.910","2","59.940","2","19","59.91","b4a0848d-6ca1-4a11-82c4-39f72c929673","2022-01-19 14:26:11.453"
"AA","59.890","2","59.930","2","-19","59.93","782c8a90-3da4-4056-a069-41f080c52225","2022-01-19 14:28:12.098"
"AA","60.000","1","60.020","2","19","59.86","b0fc23d7-c6d8-4436-863d-ddd4cbcb668a","2022-01-19 15:16:09.338"
"AA","60.020","3","60.040","1","19","59.86","1b4abdc5-0afa-401b-89fb-ca2ae343844d","2022-01-19 15:16:09.338"
"AA","59.970","1","59.990","1","19","59.86","127b7bae-e04c-44f0-a151-29e2f120e2cc","2022-01-19 15:16:09.338"
"AA","59.890","3","59.920","1","-19","59.92","b4578a2f-3088-4a79-9af9-a6b1187caf97","2022-01-19 15:16:30.185"
"AA","59.890","3","59.920","1","-19","59.92","442c0452-531c-4d02-8969-92b4ffa27d4e","2022-01-19 15:16:30.185"
"AA","59.910","1","59.940","1","-19","59.95","2f0ae9d9-c8f7-469e-a7d2-506828dd270e","2022-01-19 15:16:42.455"
"AA","59.960","3","59.990","9","19","59.79","0b815a9a-9bfc-4634-af6a-a7d7d49abfec","2022-01-19 15:17:56.131"
"AA","59.980","3","60.000","1","19","59.79","5bd44081-dd47-43b4-826a-a8b4fd0d66f7","2022-01-19 15:17:56.131"
"AA","60.000","1","60.020","2","19","59.79","b0659157-c07f-4efa-b432-05ba33ea1aa8","2022-01-19 15:17:56.131"
"AA","59.970","1","59.990","3","19","59.79","e9583cd9-234b-4c3a-accc-bc5dec6fc7af","2022-01-19 15:17:56.131"
"AA","59.970","2","60.000","2","19","59.79","021b5ffb-a300-4472-bb33-324ffd8fb173","2022-01-19 15:17:56.131"
"AA","59.800","3","59.820","2","-19","59.82","6f7de011-7207-4a76-9909-fb16aa26d569","2022-01-19 15:18:11.546"
"AA","59.800","3","59.820","2","-19","59.82","86525b66-d2ea-4212-87ff-fb47d0ccefe4","2022-01-19 15:18:11.546"
"AA","59.800","3","59.820","2","-19","59.82","90738069-c564-4423-aca4-385c68757c94","2022-01-19 15:18:11.546"
"AA","59.800","2","59.820","1","-19","59.82","76ab4aad-a26d-40c0-b625-1b17bc38432f","2022-01-19 15:18:31.541"
"AA","59.820","2","59.850","1","-19","59.85","f06b70be-2c15-4919-98e1-0734ae22e1bb","2022-01-19 15:18:44.108"
"AA","59.940","1","59.960","2","19","59.85","35e8a242-bf39-4d33-85af-36878b3e8f27","2022-01-19 15:25:03.852"
"AA","59.950","2","59.970","1","19","59.85","7dfe4801-09be-4eba-a093-076a00891bc8","2022-01-19 15:25:03.852"
"AA","59.940","3","59.970","1","19","59.85","8dcc4ea3-ad3b-4022-b320-9793d30174e5","2022-01-19 15:25:03.852"
"AA","59.910","1","59.930","1","19","59.85","c080b33c-a6ed-4685-995e-450dc16000c0","2022-01-19 15:25:03.852"
"AA","59.860","2","59.880","1","-19","59.88","d06e6ac9-80eb-45e0-ad07-50bf1a1cd06b","2022-01-19 15:25:30.138"
"AA","59.860","2","59.880","1","-19","59.88","9b4f3ceb-9a8d-4c25-8d33-d51ed9b5947f","2022-01-19 15:25:30.138"
"AA","59.840","1","59.870","2","-19","59.87","3c0c47bc-f631-44d2-a1e4-e717004bd19e","2022-01-19 15:25:44.075"
"AA","59.920","1","59.950","1","19","59.77","92108d2f-7388-492d-9563-3b97efba9f05","2022-01-19 15:26:23.202"
"AA","59.960","1","59.990","1","19","59.75","8132cfc2-d562-47cb-a410-c7b9af71bd5a","2022-01-19 15:27:21.667"
"AA","59.960","2","59.980","10","19","59.75","f5d22cad-c650-4aad-a20a-4dcb3ca5dbd7","2022-01-19 15:27:21.667"
"AA","59.940","2","59.960","1","19","59.75","73eb3d5f-3f94-4498-bd0d-7643dc25561d","2022-01-19 15:27:21.667"
"AA","59.970","3","60.000","2","19","59.72","cd4ae635-828d-48c4-8966-cfa5230d96a1","2022-01-19 15:28:40.118"
"AA","60.000","2","60.020","2","19","59.72","3174b6cd-bd4b-45f3-abd3-137a14052ad1","2022-01-19 15:28:40.118"
"AA","59.730","1","59.750","2","-19","59.75","fd481ddc-f561-4d21-aa7c-7c60c864e3b8","2022-01-19 15:29:03.352"
"AA","59.730","1","59.750","2","-19","59.75","994c3339-3692-49e8-9ee3-96a6c1ee41aa","2022-01-19 15:29:03.352"
"AA","59.730","1","59.750","2","-19","59.75","7e846bad-8683-4b1d-a315-d1e8b8b75a30","2022-01-19 15:29:03.352"
"AA","59.730","1","59.750","2","-19","59.75","62a44379-adca-4d1a-af67-df84bb0d9c2c","2022-01-19 15:29:03.352"
"AA","59.730","3","59.760","2","-19","59.76","7c62d127-69da-4162-9005-564ee159365f","2022-01-19 15:29:13.628"
"AA","59.730","3","59.760","2","-19","59.76","67d15875-d2de-438e-b6f6-da5ff5ae2859","2022-01-19 15:29:13.628"
"AA","59.950","2","59.980","2","19","59.70","c1d240f7-dbd0-46da-b014-7e6a59a7ded5","2022-01-19 15:29:20.099"
"AA","59.960","1","59.980","2","19","59.70","3c4d0122-7d4b-4573-869f-f6fa62d7719b","2022-01-19 15:29:20.099"
"AA","59.960","1","59.980","2","19","59.70","6e13aa75-4cc7-45b0-b246-503de8b4c78c","2022-01-19 15:29:20.099"
"AA","59.700","10","59.730","2","-19","59.73","4c8e02f1-5895-496c-9a4a-4e0b3ee5cc39","2022-01-19 15:29:40.811"
"AA","59.910","1","59.930","2","-57","59.91","a9f2bf24-a34b-4c63-8baf-58b716f7070f","2022-01-19 15:48:00.006"
"AG","11.920","35","11.930","27","110","11.84","580b480b-7b00-47f0-98f0-a44bcb5e0632","2022-01-19 12:39:03.064"
"AG","11.920","22","11.930","27","110","11.84","c3d89799-97a8-4e34-8c8e-3221306d3d52","2022-01-19 12:39:03.064"
"AG","11.920","7","11.930","64","110","11.84","2ed2d5fa-eb5d-4864-ab09-771ab9b5f884","2022-01-19 12:39:03.064"
"AG","11.890","28","11.900","25","110","11.84","43e515d3-e756-4e61-9892-2d3043ea476c","2022-01-19 12:39:03.064"
"AG","11.890","22","11.900","73","110","11.84","ada60d3d-51b7-4e29-b02d-a3c780af7c21","2022-01-19 12:39:03.064"
"AG","11.880","10","11.890","40","110","11.84","4839d01c-1d8e-4281-811b-d7b37d32aa3d","2022-01-19 12:39:03.064"
"AG","11.850","25","11.860","13","110","11.84","dd060b7e-d840-423a-bdc0-c48dd54c5f42","2022-01-19 12:39:03.064"
"AG","11.820","10","11.830","40","-110","11.83","2d8a6842-d5b2-4c2b-be98-5afda4af16c4","2022-01-19 12:39:50.471"
"AG","11.820","10","11.830","40","-110","11.83","53c5ea71-dbc7-4edd-84fd-5722f40b2e02","2022-01-19 12:39:50.471"
"AG","11.820","10","11.830","40","-110","11.83","95f4790a-5cfa-4bfa-ac34-481c3875014f","2022-01-19 12:39:50.471"
"AG","11.820","10","11.830","40","-110","11.83","0daf12c6-6b2d-43e2-b740-7afab3871286","2022-01-19 12:39:50.471"
"AG","11.820","7","11.830","53","-110","11.83","449076c8-1b49-4b8a-a633-cf1e15e6cd18","2022-01-19 12:39:50.471"
"AG","11.820","7","11.830","53","-110","11.83","e8282636-d133-4143-bb42-d257ce25f58c","2022-01-19 12:39:50.471"
"AG","11.820","14","11.830","31","-110","11.83","2077c7cc-0989-4d7e-9c23-fd566ece25b9","2022-01-19 12:39:50.471"
"AG","11.860","37","11.870","23","110","11.87","397fcf82-3fba-4249-90a9-5266c3fa77df","2022-01-19 12:53:20.006"
"AG","11.840","7","11.850","26","-110","11.85","6dca0621-a340-41e9-8ba8-def8abe9289c","2022-01-19 12:55:21.738"
"AG","11.820","19","11.830","30","110","11.78","aab4f658-3fbd-45f9-b0bf-6c71be7d7475","2022-01-19 13:09:12.506"
"AG","11.830","4","11.840","45","110","11.78","4c67ea38-7de0-469c-8530-07775fe075d4","2022-01-19 13:09:12.506"
"AG","11.820","28","11.830","18","110","11.78","a15fa3b9-c915-4c53-bf55-48af283e4987","2022-01-19 13:09:12.506"
"AG","11.810","37","11.820","32","110","11.78","2d5264f1-25e9-4243-8d72-9eeebb461d8c","2022-01-19 13:09:12.506"
"AG","11.790","39","11.800","17","-110","11.80","6a02c913-7f7f-4932-b7aa-ab3b19301c8c","2022-01-19 13:09:44.420"
"AG","11.790","39","11.800","17","-110","11.80","9f6b44c8-1c71-423d-a9be-69eda4710dbd","2022-01-19 13:09:44.420"
"AG","11.790","37","11.800","53","-110","11.80","180fe792-28bb-4583-bfde-7f3b0f46d291","2022-01-19 13:09:56.113"
"AG","11.790","37","11.800","26","-110","11.80","72c473e1-e249-4fb0-b1a5-b813077ffab8","2022-01-19 13:10:03.173"
"AG","11.830","6","11.840","37","110","11.82","c22a290e-fb68-4b54-bf49-4185cc3ccfe1","2022-01-19 13:18:21.696"
"AG","11.840","57","11.850","24","110","11.82","705093c8-bf72-4a7a-8d51-45dcf89f91f6","2022-01-19 13:18:21.696"
"AG","11.830","9","11.840","56","110","11.82","29e5a45d-16cb-4f08-8e0a-52b96be4a6b7","2022-01-19 13:18:21.696"
"AG","11.830","43","11.840","10","-110","11.84","aa3dc252-b38b-48eb-83f0-78c251e1b77a","2022-01-19 13:19:32.210"
"AG","11.830","43","11.840","10","-110","11.84","d7c4924d-0055-43af-a374-15d72b10eaca","2022-01-19 13:19:32.210"
"AG","11.830","31","11.840","10","-110","11.84","ec016301-657d-40c2-bca0-0a69f11d8f74","2022-01-19 13:19:50.337"
"AG","11.840","26","11.850","99","110","11.80","b46f2387-54b8-4db3-ba03-da335c0fd230","2022-01-19 13:36:45.902"
"AG","11.850","58","11.860","27","110","11.80","72fee360-969c-4217-8429-e87d8c644f5d","2022-01-19 13:36:45.902"
"AG","11.840","25","11.850","31","110","11.80","79515a5a-9e94-4f8e-9138-2c2d4cf95fcf","2022-01-19 13:36:45.902"
"AG","11.840","16","11.850","31","110","11.80","9a7753fd-9442-4faf-873f-e8178dbe46f4","2022-01-19 13:36:45.902"
"AG","11.840","32","11.850","20","110","11.80","b4f62b0c-34f1-4a63-b456-8b335444481c","2022-01-19 13:36:45.902"
"AG","11.840","6","11.850","44","110","11.80","5aeb1d49-0d8b-4c21-8168-41085807bcf2","2022-01-19 13:36:45.902"
"AG","11.840","26","11.850","10","110","11.80","dcb2a6ec-d5ec-455a-ab33-34b0629f7ba3","2022-01-19 13:36:45.902"
"AG","11.840","51","11.850","6","110","11.80","eff0f153-0fe5-4ae8-a67e-b2416b4bcaab","2022-01-19 13:36:45.902"
"AG","11.840","26","11.850","32","110","11.80","b28eed56-d5a8-4554-9904-6f125da835bc","2022-01-19 13:36:45.902"
"AG","11.840","34","11.850","15","110","11.80","4f92ae2c-7348-45be-aef3-3eb4353eaa5d","2022-01-19 13:36:45.902"
"AG","11.850","13","11.860","36","110","11.79","4167c902-045e-4a2a-8871-62dda5f97db1","2022-01-19 13:37:32.577"
"AG","11.850","38","11.860","40","110","11.79","7041f487-9dc0-4ca1-a16f-895851e68d09","2022-01-19 13:37:32.577"
"AG","11.850","6","11.860","55","110","11.79","dd61cd42-6a39-4155-8adc-464b691484f5","2022-01-19 13:37:32.577"
"AG","11.760","12","11.770","26","-110","11.77","0c57ff31-9f2b-47d9-a4ab-3c9dc1629d44","2022-01-19 13:38:14.766"
"AG","11.760","12","11.770","26","-110","11.77","442212fd-9c16-41d8-bbe7-c38e30b49513","2022-01-19 13:38:14.766"
"AG","11.760","12","11.770","26","-110","11.77","95f6cd0c-233f-459d-a2e4-0a3372e7a26f","2022-01-19 13:38:14.766"
"AG","11.760","12","11.770","26","-110","11.77","cf475b68-e48a-4eb6-ade8-0f238675f80a","2022-01-19 13:38:14.766"
"AG","11.770","30","11.780","31","-110","11.78","bf4a21e2-7680-4008-b98a-4c8d859c8dcd","2022-01-19 13:38:22.367"
"AG","11.770","30","11.780","31","-110","11.78","57262142-feed-4698-95da-32bb204ae905","2022-01-19 13:38:22.367"
"AG","11.770","30","11.780","31","-110","11.78","0cce28cd-9a6a-4a67-b997-eda9eb295107","2022-01-19 13:38:22.367"
"AG","11.770","30","11.780","31","-110","11.78","ae4a7c37-d72a-40ec-9d27-beea594ead25","2022-01-19 13:38:22.367"
"AG","11.770","30","11.780","31","-110","11.78","2bdfbfa6-63f0-4caa-9480-486eff67f3b2","2022-01-19 13:38:22.367"
"AG","11.770","17","11.780","29","-110","11.78","a557cb6d-bbe6-4a90-990a-e5af3098cceb","2022-01-19 13:39:59.601"
"AG","11.770","13","11.780","43","-110","11.78","41ab5b95-31a4-4df7-8155-017fed12ac5f","2022-01-19 13:39:59.601"
"AG","11.770","13","11.780","43","-110","11.78","078b846b-7ba9-4856-af0a-0e5638c4b7d7","2022-01-19 13:39:59.601"
"AG","11.770","30","11.780","42","-110","11.78","82846c42-c45d-4d33-91a4-70a42509ba50","2022-01-19 13:39:59.601"
"AG","11.780","31","11.780","1","110","11.78","60273d1b-e249-466c-9471-f1d0703ea7d8","2022-01-19 13:49:20.006"
"AG","11.750","117","11.770","28","-110","11.77","083066e1-9326-4a2d-8796-729e36151625","2022-01-19 13:52:24.632"
"AG","11.770","31","11.780","11","110","11.77","0817b515-8df1-406b-813e-ec12eefe276a","2022-01-19 13:55:23.186"
"AG","11.780","40","11.790","16","110","11.77","82758f93-eac1-42c3-b372-78f17b4b90ef","2022-01-19 13:55:23.186"
"AG","11.780","59","11.790","58","-110","11.79","f13e49df-76eb-41f8-990d-3a14c2cc3d4a","2022-01-19 13:56:50.944"
"AG","11.770","40","11.780","18","-110","11.78","1720329f-e342-4844-8912-e3e86042dd11","2022-01-19 13:57:13.888"
"AG","11.840","34","11.850","38","110","11.78","dea4cbb8-d79d-4e9d-995a-71fbdf0837b7","2022-01-19 14:27:23.935"
"AG","11.850","46","11.860","31","110","11.78","adf0418e-2e77-4c73-bfe4-4e77394e32b9","2022-01-19 14:27:23.935"
"AG","11.850","44","11.860","34","110","11.78","1a7842ee-236f-4b36-bb33-849c49200e37","2022-01-19 14:27:23.935"
"AG","11.860","67","11.870","13","110","11.77","16422b84-c661-45bc-a14d-fac1da8ed3be","2022-01-19 14:27:29.037"
"AG","11.900","35","11.910","45","110","11.77","97fd4bc4-df06-45fe-9487-956dd5b0bf1f","2022-01-19 14:27:29.037"
"AG","11.900","37","11.910","37","110","11.77","0760112c-a89c-4e85-9ca4-c1f2a6d798de","2022-01-19 14:27:29.037"
"AG","11.890","65","11.900","45","110","11.77","d25e6405-5cfa-4faa-a07c-d8e449fdbbd6","2022-01-19 14:27:29.037"
"AG","11.880","57","11.890","44","110","11.77","d5a1d855-7e0a-4db9-ba70-c9e8f6da9dd8","2022-01-19 14:27:29.037"
"AG","11.880","31","11.890","49","110","11.77","b9aaf717-5d66-407d-a975-24e1f0b3b6ef","2022-01-19 14:27:29.037"
"AG","11.870","76","11.880","3","110","11.77","24988c22-78dd-42f2-98e8-b36e6e5e7818","2022-01-19 14:27:29.037"
"AG","11.870","64","11.880","5","110","11.77","102763a9-7fcc-423c-8b09-94ba1813dc13","2022-01-19 14:27:29.037"
"AG","11.820","13","11.830","40","110","11.77","3cfc0664-38b4-4cf1-9b5e-4014e1271020","2022-01-19 14:27:29.037"
"AG","11.830","38","11.830","6","110","11.77","3b5db02a-ec20-41df-b48d-6793564b5ff6","2022-01-19 14:27:29.037"
"AG","11.830","22","11.840","29","110","11.77","744b88d5-4d77-4a64-8899-745bda83f2ca","2022-01-19 14:27:29.037"
"AG","11.820","38","11.830","18","110","11.77","3bf105e8-df60-46b5-85f0-50017f24bc63","2022-01-19 14:27:29.037"
"AG","11.820","38","11.830","18","110","11.77","81d728d7-a709-4a31-bdc2-c1acdcf4e791","2022-01-19 14:27:29.037"
"AG","11.740","27","11.750","12","-110","11.75","872ca73e-b43a-4780-8f87-78b97b3619b8","2022-01-19 14:27:50.797"
"AG","11.740","27","11.750","12","-110","11.75","cc35abac-4d58-44b8-a883-b42e3921da65","2022-01-19 14:27:50.797"
"AG","11.740","27","11.750","12","-110","11.75","c99bed5c-784e-4b27-a4ca-d07a52347829","2022-01-19 14:27:50.797"
"AG","11.740","27","11.750","12","-110","11.75","504efd6e-e417-4780-9447-9c0f478a68c5","2022-01-19 14:27:50.797"
"AG","11.740","27","11.750","12","-110","11.75","42d29e9a-e9ed-4edc-b92a-268322a7a7ce","2022-01-19 14:27:50.797"
"AG","11.740","27","11.750","12","-110","11.75","32917d53-77ef-4946-844c-760244f81264","2022-01-19 14:27:50.797"
"AG","11.740","27","11.750","12","-110","11.75","3d152a4a-d4b2-42cd-bdfd-1f16cbb5b386","2022-01-19 14:27:50.797"
"AG","11.740","27","11.750","12","-110","11.75","ce6085c2-bc7f-483a-ac41-9f450d7ad582","2022-01-19 14:27:50.797"
"AG","11.730","54","11.740","12","-110","11.74","0d7c4f49-dcd7-4245-9658-8a8bde211b11","2022-01-19 14:28:11.803"
"AG","11.730","54","11.740","12","-110","11.74","6b4efbfa-6df7-41a8-8bc6-6d675e93bcd6","2022-01-19 14:28:11.803"
"AG","11.730","54","11.740","12","-110","11.74","5ba2a2df-f4f4-4cbf-bb78-eb606d9c884e","2022-01-19 14:28:11.803"
"AG","11.730","54","11.740","12","-110","11.74","3acb2c60-12f3-4ba0-873f-5543ea0a84c7","2022-01-19 14:28:11.803"
"AG","11.730","14","11.740","29","-110","11.74","a5cff1f6-0724-410c-948d-c4dfb606c28e","2022-01-19 14:28:11.803"
"AG","11.730","14","11.740","29","-110","11.74","a6e80cb4-e7a4-4606-8011-c8e5d01bd9a8","2022-01-19 14:28:11.803"
"AG","11.730","22","11.740","17","-110","11.74","a4d222c7-bbff-4db6-a491-6ad549802406","2022-01-19 14:28:37.238"
"AG","11.730","13","11.740","47","-110","11.74","724c88e2-958a-495e-bdee-1dab722c7a80","2022-01-19 14:28:37.238"
"AG","11.750","23","11.760","28","110","11.76","b1ef0577-3270-4774-b52f-2a77da2ae3b5","2022-01-19 14:37:10.006"
"AG","11.740","13","11.750","75","-110","11.75","4941982a-988a-4090-9c78-ae7b5396ebae","2022-01-19 14:42:45.096"
"AG","11.890","47","11.900","27","110","11.88","74da7723-4471-49e9-b5b4-56a6c9dde9dd","2022-01-19 15:17:21.480"
"AG","11.880","25","11.890","30","-110","11.89","5b078bce-549e-4bc7-be2e-4aba825dc299","2022-01-19 15:17:59.623"
"AG","11.890","18","11.900","49","110","11.88","76faa8f3-91a0-4e47-81f5-261ac01fd42f","2022-01-19 15:20:23.695"
"AG","11.890","16","11.900","57","110","11.86","74bc3b2b-9898-49ea-9235-9598ef9ea6ee","2022-01-19 15:20:36.823"
"AG","11.860","17","11.870","44","-110","11.87","75e8fcc4-887a-42d9-961e-93b0a06ddd8a","2022-01-19 15:20:41.810"
"AG","11.860","80","11.870","2","-110","11.87","9f73cf6e-3649-412b-84ea-68a8c95e4ab6","2022-01-19 15:21:10.503"
"AG","11.910","20","11.920","40","110","11.92","2f8b3e22-7b6e-46c0-8f96-291ee8d7c3c6","2022-01-19 15:28:10.006"
"AG","11.890","34","11.900","49","-110","11.90","c18a4267-3d44-4f7e-bd3d-3c3683e3c811","2022-01-19 15:29:23.900"
"AG","11.890","35","11.900","42","110","11.90","403e65de-5bbd-4990-a67a-3202a03f2a6c","2022-01-19 15:29:30.006"
"AG","11.930","27","11.940","20","110","11.84","9ad266a6-8a1b-4638-85fd-1be509e11ceb","2022-01-19 15:32:16.008"
"AG","11.930","23","11.940","26","110","11.84","683dfc32-4dd1-45da-aff7-19962353d9e1","2022-01-19 15:32:16.008"
"AG","11.930","20","11.940","31","110","11.83","d54be81e-a56b-491a-a2d5-08339579aaf0","2022-01-19 15:32:56.216"
"AG","11.920","26","11.930","20","110","11.83","10be48ef-4f61-4ab2-a2c7-9643e909c52a","2022-01-19 15:32:56.216"
"AG","11.920","25","11.930","37","110","11.83","b9cf12de-677f-4edf-861b-b6a6be305ef0","2022-01-19 15:32:56.216"
"AG","11.920","27","11.930","25","110","11.83","03f7d4ec-f98a-4f12-980a-18ed11ad7c84","2022-01-19 15:32:56.216"
"AG","11.920","13","11.930","43","110","11.83","a2c873ad-009e-42b2-b497-be1ffd36dafc","2022-01-19 15:32:56.216"
"AG","11.920","21","11.930","27","110","11.83","7add49ac-0128-48ae-8ab9-36f2ed00dc53","2022-01-19 15:32:56.216"
"AG","11.930","38","11.940","20","110","11.83","9aefbe5e-cee0-4bb6-aaf8-9c539fe6689e","2022-01-19 15:32:56.216"
"AG","11.930","32","11.950","57","110","11.83","a49a3a0f-c479-48ca-a5ea-d3b9577159c1","2022-01-19 15:32:56.216"
"AG","11.930","30","11.940","23","110","11.83","a39138e4-6826-4412-bac1-73c0267c395a","2022-01-19 15:32:56.216"
"AG","11.930","37","11.940","12","110","11.83","f69cbfcd-2f16-4f4e-8427-2fc9dea5c410","2022-01-19 15:32:56.216"
"AG","11.930","50","11.940","5","110","11.83","25096e08-85f6-42ab-a7bb-eb6228ef3ec4","2022-01-19 15:32:56.216"
"AG","11.950","26","11.960","16","110","11.82","012d3d42-2b77-46d7-bd95-d781c64e15b7","2022-01-19 15:33:11.859"
"AG","11.950","28","11.960","20","110","11.82","f0d1b7fc-bc6f-46d6-a20f-70addf7202c7","2022-01-19 15:33:11.859"
"AG","11.950","23","11.960","18","110","11.82","518aeaa8-201e-4e16-a512-52142fd55d15","2022-01-19 15:33:11.859"
"AG","11.820","30","11.830","52","-110","11.88","02566f77-15cc-4667-8928-7d3c6038e701","2022-01-19 15:36:12.989"
"AG","11.820","30","11.830","52","-110","11.88","1b235035-046e-48d0-81b9-c5c0e30a9a09","2022-01-19 15:36:12.989"
"AG","11.830","26","11.840","38","-110","11.89","670b7671-37ee-487c-a259-3c62ff10d24b","2022-01-19 15:36:16.863"
"AG","11.830","26","11.840","38","-110","11.89","bf219d4b-78ae-48da-a225-c5451e16fedc","2022-01-19 15:36:16.863"
"AG","11.830","26","11.840","38","-110","11.89","af849529-0f02-4525-b37e-02941ee66891","2022-01-19 15:36:16.863"
"AG","11.830","26","11.840","38","-110","11.89","62278ec0-c027-4468-aaf4-414b21ea3f19","2022-01-19 15:36:16.863"
"AG","11.830","26","11.840","38","-110","11.89","73c2ebaf-733d-4183-a0f3-cf5fc3e6a6d8","2022-01-19 15:36:16.863"
"AG","11.820","30","11.830","52","-110","11.89","36b6c525-2a3f-4e93-ab43-71d22a095a00","2022-01-19 15:36:16.863"
"AG","11.840","57","11.850","32","-110","11.90","1c008507-e463-4765-8687-90f4f11ece90","2022-01-19 15:38:00.214"
"AG","11.830","26","11.840","38","-110","11.90","f21026bf-9cb2-4c85-b082-4cc93d16786d","2022-01-19 15:38:00.214"
"AG","11.830","26","11.840","38","-110","11.90","f8d6a2ed-9356-41e3-a1c6-7192d74523ea","2022-01-19 15:38:00.214"
"AG","11.830","26","11.840","38","-110","11.90","4e188f1f-8824-473e-947a-e9bb03a6b4e8","2022-01-19 15:38:00.214"
"AG","11.830","26","11.840","38","-110","11.90","d3e95a1d-536e-4c67-b1d1-4f348f1dd926","2022-01-19 15:38:00.214"
"AG","11.830","26","11.840","38","-110","11.90","5b68c844-bbbc-4136-8cf6-07e8647f413f","2022-01-19 15:38:00.214"
"AG","11.830","26","11.840","38","-110","11.90","1ff4b62c-8a61-49f7-8cdf-01e78ae883ce","2022-01-19 15:38:00.214"
"AG","11.870","40","11.880","77","-220","11.87","ff710b3e-b7ff-4005-bcde-3c7e45087853","2022-01-19 15:48:00.006"
"ABB","37.400","8","37.410","8","31","37.33","789eabc9-1c8a-4045-809d-7335b3c68122","2022-01-19 09:59:22.824"
"ABB","37.410","1","37.410","13","31","37.33","70dd36e5-5bc3-437b-bb58-82c55b1a8bef","2022-01-19 09:59:22.824"
"ABB","37.410","1","37.410","13","31","37.33","7073ddd6-7eb0-4d61-bce4-118887b9e692","2022-01-19 09:59:22.824"
"ABB","37.400","1","37.410","7","31","37.33","ad6645a8-e495-43e1-87c4-f5a2e87d4b87","2022-01-19 09:59:22.824"
"ABB","37.400","6","37.410","7","31","37.33","29b7a7b8-b211-499d-ba67-6095fc028cf9","2022-01-19 09:59:22.824"
"ABB","37.420","3","37.430","17","31","37.33","955853b0-5067-482e-a526-2601b0e333aa","2022-01-19 09:59:22.824"
"ABB","37.410","10","37.420","8","31","37.33","539287f4-082b-4286-a22c-1856cefd49b2","2022-01-19 09:59:22.824"
"ABB","37.420","19","37.430","14","31","37.33","d4e5ffdc-d8c3-432b-93fa-a1fc5021d62e","2022-01-19 09:59:22.824"
"ABB","37.420","19","37.430","14","31","37.33","9127cf5e-6c02-427e-90fe-090d80514af6","2022-01-19 09:59:22.824"
"ABB","37.360","12","37.370","14","-31","37.37","647b095c-f902-48a9-9c83-ea0073e3ec88","2022-01-19 10:01:15.851"
"ABB","37.360","12","37.370","14","-31","37.37","988337dc-76e2-4ca9-acb1-cc2cbf188b77","2022-01-19 10:01:15.851"
"ABB","37.360","12","37.370","14","-31","37.37","a0b426af-14f7-4112-aa50-50ba9fd3389f","2022-01-19 10:01:15.851"
"ABB","37.360","12","37.370","14","-31","37.37","c16e2288-094e-4cae-b7c7-31d412c6052d","2022-01-19 10:01:15.851"
"ABB","37.360","12","37.370","14","-31","37.37","6d4acee5-7385-4612-b4b7-e239ec8a60c1","2022-01-19 10:01:15.851"
"ABB","37.360","12","37.370","21","-31","37.37","5cd6548b-b0aa-4640-b6b4-75ce26eaac08","2022-01-19 10:01:20.402"
"ABB","37.360","12","37.370","21","-31","37.37","4c76a362-a51c-4f5a-980b-617f23270287","2022-01-19 10:01:20.402"
"ABB","37.350","10","37.360","3","-31","37.36","4d860d7d-79ea-44aa-b0f8-db3adba7a758","2022-01-19 10:01:31.422"
"ABB","37.320","38","37.330","7","-31","37.34","74b6388b-83fb-4270-a4c6-054565e46a44","2022-01-19 10:02:00.389"
"ABB","37.120","31","37.130","48","31","37.13","8062c3de-59bf-4494-93cb-24d6bd1c3132","2022-01-19 10:35:40.006"
"ABB","37.120","35","37.130","10","-31","37.13","4c512929-ca11-40ff-bff6-32c8bef3d35c","2022-01-19 10:36:59.279"
"ABB","37.120","21","37.120","1","31","37.12","c90eb9d7-e14e-4168-9050-264639a3f421","2022-01-19 10:44:10.006"
"ABB","37.110","18","37.120","41","-31","37.12","09dd5908-6ade-4a5c-b69c-920b2c4cccd3","2022-01-19 10:49:21.431"
"ABB","37.180","15","37.190","4","31","37.09","456fdadf-c649-4694-a4d2-ccac5ef477b3","2022-01-19 11:02:37.655"
"ABB","37.170","19","37.180","20","31","37.09","93f2f6ed-0345-4bab-a101-d370259a0dcb","2022-01-19 11:02:37.655"
"ABB","37.170","3","37.180","52","31","37.09","11802092-c781-4eba-83b7-87da8f9ed97f","2022-01-19 11:02:37.655"
"ABB","37.170","8","37.180","13","31","37.09","57586443-0716-4277-a325-3ee4bf5881c7","2022-01-19 11:02:37.655"
"ABB","37.170","14","37.180","11","31","37.09","3536796a-816f-47eb-b9a7-a9708f27d3a4","2022-01-19 11:02:37.655"
"ABB","37.120","2","37.130","44","31","37.08","a3fba7ae-b771-497f-b250-7e9cd4f308ae","2022-01-19 11:02:41.687"
"ABB","37.130","13","37.140","43","31","37.08","c183a036-a55f-478b-a0cc-bc775fecc1c0","2022-01-19 11:02:41.687"
"ABB","37.130","12","37.140","18","31","37.08","3654b251-4876-40ea-9cc7-933e8595c495","2022-01-19 11:02:41.687"
"ABB","37.140","15","37.150","14","31","37.08","c6b63772-c7a1-4721-8319-b583835bda35","2022-01-19 11:02:41.687"
"ABB","37.150","10","37.160","16","31","37.08","caf9dec8-7d84-4f7f-86bd-4f14edc3cc79","2022-01-19 11:02:41.687"
"ABB","37.160","8","37.170","42","31","37.08","f13ccf78-5e54-4e37-92c8-cc87d203ae69","2022-01-19 11:02:41.687"
"ABB","37.170","17","37.180","12","31","37.08","8efa2efc-d51b-458c-b8ed-c4483b5e2105","2022-01-19 11:02:41.687"
"ABB","37.070","12","37.080","42","-31","37.08","7a25cb5c-4d68-44f7-b2f9-d5f995e81662","2022-01-19 11:03:00.133"
"ABB","37.070","12","37.080","42","-31","37.08","a211c38a-d66b-4b76-ad53-2b3093e180b8","2022-01-19 11:03:00.133"
"ABB","37.070","12","37.080","42","-31","37.08","543a8bc9-dee1-4ad0-a58d-641285da46f2","2022-01-19 11:03:00.133"
"ABB","37.070","12","37.080","42","-31","37.08","f4ab9eec-66e2-4f54-9ece-52187f80cbda","2022-01-19 11:03:00.133"
"ABB","37.070","12","37.080","42","-31","37.08","6368babb-20a4-4960-8378-3c44f6d2e21f","2022-01-19 11:03:00.133"
"ABB","37.080","34","37.090","13","-31","37.09","beb48e3e-42c6-412a-bce9-542f7557a04d","2022-01-19 11:03:16.795"
"ABB","37.080","34","37.090","13","-31","37.09","962a0fd6-396f-4cba-88d6-240ba57e8824","2022-01-19 11:03:16.795"
"ABB","37.080","34","37.090","13","-31","37.09","7418f443-b157-40a8-9b0c-9fec4d2002e8","2022-01-19 11:03:16.795"
"ABB","37.080","34","37.090","13","-31","37.09","01ada628-f383-467b-977d-b3faad74a5a2","2022-01-19 11:03:16.795"
"ABB","37.080","21","37.090","48","-31","37.09","a4a02480-8bd7-4d63-8b8d-06f8d6ad60ed","2022-01-19 11:03:32.489"
"ABB","37.110","23","37.120","16","-31","37.12","7fa92a89-86b6-4fec-9705-7c4738f33662","2022-01-19 11:03:43.042"
"ABB","37.110","22","37.120","6","-31","37.12","6e058283-fabb-4d9e-848c-845afd11c51d","2022-01-19 11:03:52.091"
"ABB","37.130","20","37.140","37","31","37.07","020f05d4-b4c1-42eb-9671-19eafbc1768f","2022-01-19 11:05:03.685"
"ABB","37.120","43","37.130","2","31","37.07","5d9d0844-b7b3-44f8-9154-e7b82057efdf","2022-01-19 11:05:03.685"
"ABB","37.130","14","37.140","17","31","37.07","e1d79d01-0635-4d70-9943-8c5d0bb5aa75","2022-01-19 11:05:03.685"
"ABB","37.130","39","37.140","6","31","37.07","ca9c27f1-3ae6-47b6-83c4-3cb7de7b48e6","2022-01-19 11:05:03.685"
"ABB","37.130","20","37.140","5","31","37.07","aeaae400-3a3a-48ef-8f6c-44f146bef0ed","2022-01-19 11:05:03.685"
"ABB","37.130","23","37.140","3","31","37.07","2d7b97f3-8d49-4cf3-a9e7-8f2c566d7190","2022-01-19 11:05:03.685"
"ABB","37.140","10","37.150","50","31","37.07","39f317a1-ac5b-46a4-9d28-7a5591f7ea70","2022-01-19 11:05:03.685"
"ABB","37.110","20","37.120","26","31","37.07","123041af-8ee8-4a73-bf6c-c55c5f9df63b","2022-01-19 11:05:03.685"
"ABB","37.050","25","37.060","12","-31","37.06","c9bf19aa-013d-4d13-8308-534ec0db906b","2022-01-19 11:05:43.688"
"ABB","37.050","25","37.060","12","-31","37.06","e8a32a7e-73b3-479e-b536-87f07286bea5","2022-01-19 11:05:43.688"
"ABB","37.050","25","37.060","12","-31","37.06","d35aa249-ee55-4a7b-9e25-c2a1749147b6","2022-01-19 11:05:43.688"
"ABB","37.060","27","37.070","54","-31","37.07","12880457-37ce-4955-8869-554a2766a1e9","2022-01-19 11:06:00.596"
"ABB","37.060","27","37.070","54","-31","37.07","5f654beb-6c36-47fa-b988-bcdabd4e1657","2022-01-19 11:06:00.596"
"ABB","37.060","27","37.070","54","-31","37.07","5ad56098-f0e6-41ac-98c6-6d7a3e85e5af","2022-01-19 11:06:00.596"
"ABB","37.060","1","37.070","57","-31","37.07","50e8cf70-bac9-497e-8eed-5d3bdaea7b7f","2022-01-19 11:06:00.596"
"ABB","37.060","18","37.060","1","-31","37.06","f556039a-122d-4250-a101-bb3463866b84","2022-01-19 11:06:10.006"
"ABB","37.410","10","37.420","15","31","37.39","739162e7-3f08-45f5-958b-6e9fe69bdc37","2022-01-19 12:35:59.509"
"ABB","37.420","13","37.430","10","31","37.38","d0950248-6788-48ae-b038-01034f7adcc4","2022-01-19 12:39:05.540"
"ABB","37.420","20","37.430","4","31","37.38","5d59cb44-1069-4bfb-96fa-4da7119b75eb","2022-01-19 12:39:05.540"
"ABB","37.420","9","37.430","9","31","37.38","b693efef-b396-4aeb-9eba-d361b429074f","2022-01-19 12:39:05.540"
"ABB","37.410","12","37.420","36","31","37.38","faa8fa59-e242-4c9e-bec9-05f53a2c7f71","2022-01-19 12:39:05.540"
"ABB","37.410","12","37.420","36","31","37.38","05b4d719-7784-40fd-9b1f-cdccf747ebba","2022-01-19 12:39:05.540"
"ABB","37.410","13","37.420","12","31","37.38","39e7f34b-dd1e-4d21-b4b1-60804ac62c48","2022-01-19 12:39:05.540"
"ABB","37.410","6","37.420","12","31","37.38","7df532c1-d9b3-48a5-8ba3-e363c0f64609","2022-01-19 12:39:05.540"
"ABB","37.410","6","37.420","9","31","37.38","da91de58-b01b-49e7-bf58-de506496d767","2022-01-19 12:39:05.540"
"ABB","37.410","6","37.420","9","31","37.38","e696cbec-73c0-4d48-b1fe-e48c21789710","2022-01-19 12:39:05.540"
"ABB","37.410","11","37.420","10","31","37.38","49cbb0af-c46d-4fff-a13b-09bba4161a2d","2022-01-19 12:39:05.540"
"ABB","37.410","3","37.420","27","31","37.37","5b51f9d8-f479-4d73-910e-743623a47d45","2022-01-19 12:39:48.179"
"ABB","37.410","2","37.420","19","31","37.37","f8a25e54-d0e7-4a20-8604-992717664b93","2022-01-19 12:39:48.179"
"ABB","37.360","10","37.370","8","-31","37.37","83f045f7-1357-40d9-bd20-37094ad92faa","2022-01-19 12:41:26.943"
"ABB","37.360","10","37.370","8","-31","37.37","a7030bea-5dbb-4cb7-a460-21df6bcd9d4a","2022-01-19 12:41:26.943"
"ABB","37.360","10","37.370","8","-31","37.37","c0ca0adb-40d1-4356-b475-502f6c464c72","2022-01-19 12:41:26.943"
"ABB","37.360","10","37.370","8","-31","37.37","bbe22e9f-0d28-4630-bd28-5cb27a5714c0","2022-01-19 12:41:26.943"
"ABB","37.360","10","37.370","8","-31","37.37","42631c4b-294c-436f-8fad-38ef4a8ba833","2022-01-19 12:41:26.943"
"ABB","37.360","10","37.370","8","-31","37.37","a1f48504-4ee8-4f13-aeb4-4d1ade49287b","2022-01-19 12:41:26.943"
"ABB","37.360","10","37.370","8","-31","37.37","945c3315-a99c-45c4-95f4-6c2f9124150f","2022-01-19 12:41:26.943"
"ABB","37.400","6","37.410","17","31","37.35","36b341e0-6b84-4b3a-8683-844910e7e100","2022-01-19 12:41:27.135"
"ABB","37.350","8","37.360","15","-31","37.36","b76bb590-81ab-43dd-ad8d-ce3cb9923826","2022-01-19 12:42:07.097"
"ABB","37.350","8","37.360","15","-31","37.36","91110afe-8306-49ec-8521-924329e3a85c","2022-01-19 12:42:07.097"
"ABB","37.320","8","37.330","14","-31","37.33","cd8f1035-aa30-4261-8894-1795610887f8","2022-01-19 12:44:03.074"
"ABB","37.320","8","37.330","14","-31","37.33","5fab0a0c-50a8-4bdd-9579-bd0b2f9b3aea","2022-01-19 12:44:03.074"
"ABB","37.320","8","37.330","14","-31","37.33","7bf13de7-c3d9-4058-9da6-ecf887364aa3","2022-01-19 12:44:03.074"
"ABB","37.320","18","37.330","19","-31","37.33","cea82392-ba1c-4b90-96d2-da8cd65d23e3","2022-01-19 12:44:28.441"
"ABB","37.330","9","37.340","14","-31","37.34","8ed2a8ab-45a9-4fce-b723-5f7609a70ff0","2022-01-19 12:45:47.496"
"ABB","37.400","3","37.410","18","31","37.38","ce5c5871-16c3-4ce7-abe7-0882c8ddeab4","2022-01-19 13:16:04.683"
"ABB","37.400","9","37.410","7","31","37.38","705db021-8951-4da7-87bf-b6cd7a3dbf7f","2022-01-19 13:16:04.683"
"ABB","37.400","11","37.410","7","31","37.38","d73fca70-a4b2-4b38-9847-cd8d6136b9d8","2022-01-19 13:16:04.683"
"ABB","37.400","11","37.410","7","31","37.38","444a67b1-4b3a-4c31-ac39-13ecf179c9e4","2022-01-19 13:16:04.683"
"ABB","37.400","10","37.410","8","31","37.36","25646bf1-611c-4c3e-91f5-395a38bdafd5","2022-01-19 13:17:44.214"
"ABB","37.400","10","37.410","8","31","37.36","5ff1ecf9-4f3b-4457-985e-5495800a33d4","2022-01-19 13:17:44.214"
"ABB","37.400","10","37.410","8","31","37.36","ffb17e67-1f1a-4d93-b214-be7b59414a59","2022-01-19 13:17:44.214"
"ABB","37.400","5","37.410","12","31","37.36","0f5d7f6f-91ad-4d74-a088-04af84aaad3e","2022-01-19 13:17:44.214"
"ABB","37.400","12","37.410","8","31","37.36","04caf6ce-701f-491a-a25c-448abad242e7","2022-01-19 13:17:44.214"
"ABB","37.400","18","37.410","6","31","37.36","dc45c541-aa32-44a5-bb61-31e2aa4a3f43","2022-01-19 13:17:44.214"
"ABB","37.390","9","37.400","11","31","37.36","5d6733e8-df98-41ff-9b8a-6f4eaf189018","2022-01-19 13:17:44.214"
"ABB","37.390","9","37.400","11","31","37.36","8f9927dc-1c87-4dd6-8bf2-5e2d91eaed67","2022-01-19 13:17:44.214"
"ABB","37.360","1","37.370","23","-31","37.37","6d83fbb6-e411-4d93-82a7-e4f5bd09cbc8","2022-01-19 13:18:31.294"
"ABB","37.360","1","37.370","23","-31","37.37","f01007da-dc35-473c-9821-30e1170a20ed","2022-01-19 13:18:31.294"
"ABB","37.360","1","37.370","23","-31","37.37","58984014-8769-4d7a-8863-f498dfb39db4","2022-01-19 13:18:31.294"
"ABB","37.360","1","37.370","23","-31","37.37","91a5f558-4718-4ab4-b39e-0d2d108103ae","2022-01-19 13:18:31.294"
"ABB","37.360","1","37.370","23","-31","37.37","4c0f1250-8697-4d3a-8477-8758b0c97e84","2022-01-19 13:18:31.294"
"ABB","37.360","1","37.370","23","-31","37.37","3a826ea6-0929-48e6-91b1-a0fa1661ec37","2022-01-19 13:18:31.294"
"ABB","37.360","1","37.370","23","-31","37.37","f5260779-e4a5-4f90-8ab5-03cde7674a45","2022-01-19 13:18:31.294"
"ABB","37.360","1","37.370","23","-31","37.37","8c650a41-1fac-4d22-b31f-e83533380b9f","2022-01-19 13:18:31.294"
"ABB","37.360","1","37.370","23","-31","37.37","1077d539-515c-4486-913f-d4d29445eedc","2022-01-19 13:18:31.294"
"ABB","37.360","1","37.370","23","-31","37.37","17ad1049-e97c-4536-8e06-c154ee7453d3","2022-01-19 13:18:31.294"
"ABB","37.360","6","37.370","15","-31","37.37","486d5bcf-cc8d-44a9-b658-dbf748699b58","2022-01-19 13:18:31.294"
"ABB","37.360","6","37.370","14","-31","37.37","f506e676-5595-48fd-8743-b1db6a27dd09","2022-01-19 13:18:31.294"
"ABB","37.390","28","37.400","1","31","37.34","e1fca75a-6c84-4be0-b7a5-5772dee043eb","2022-01-19 13:20:19.579"
"ABB","37.400","8","37.410","8","31","37.34","a059c2ab-76cd-4a65-abe4-58416528f340","2022-01-19 13:20:19.579"
"ABB","37.400","8","37.410","8","31","37.34","cf264a57-fe8e-4113-911e-3885ecd5e0c1","2022-01-19 13:20:19.579"
"ABB","37.340","1","37.340","14","-31","37.34","9fa1fabe-fce6-4647-8c2c-dc602de97fed","2022-01-19 13:20:30.006"
"ABB","37.340","1","37.340","14","-31","37.34","474e1cd1-bff5-4778-8d80-90148476955b","2022-01-19 13:20:30.006"
"ABB","37.340","1","37.340","14","-31","37.34","6bde3bf6-c3c1-47a5-88a4-9862ddd37ffb","2022-01-19 13:20:40.006"
"ABB","37.390","2","37.400","13","31","37.32","ad66dda7-6e46-4e5a-982e-32448c94a8ee","2022-01-19 13:20:56.320"
"ABB","37.390","2","37.400","13","31","37.32","f3017e29-375c-4a6e-9271-d1704e40684b","2022-01-19 13:20:56.320"
"ABB","37.310","10","37.320","13","-31","37.32","2591e10f-1621-4f94-8e4e-ab580f7c1a92","2022-01-19 13:21:11.712"
"ABB","37.310","2","37.320","20","-31","37.32","c6a1555c-fce5-4634-b8d8-8e637364a16a","2022-01-19 13:21:26.586"
"ABB","37.270","10","37.280","11","31","37.27","de190123-78f4-4801-aa9e-fb530b272c3e","2022-01-19 13:46:16.463"
"ABB","37.210","10","37.220","8","-31","37.22","95141d2c-1f1a-40b5-93d6-4e582502203d","2022-01-19 13:51:46.303"
"ABB","37.140","10","37.150","10","31","37.14","15ba3167-1ce6-41e6-abc7-0e63a4f4835f","2022-01-19 14:37:05.533"
"ABB","37.150","13","37.160","12","-31","37.16","3492d962-f4f3-48cb-82b6-054c17c894ca","2022-01-19 14:49:25.346"
"ABB","37.220","12","37.230","10","31","37.19","951ed1d8-b7e9-4d1e-accc-390cf8428cd2","2022-01-19 15:16:04.784"
"ABB","37.220","18","37.230","18","31","37.19","9b12bd5f-f3c9-462f-b9b6-7b4a1a61e213","2022-01-19 15:16:04.784"
"ABB","37.220","31","37.230","6","31","37.19","38dc17ff-fa44-4ad1-92b5-d63d92aef060","2022-01-19 15:16:04.784"
"ABB","37.190","15","37.200","10","-31","37.20","bbc39747-250e-431d-b80f-785bd2db608e","2022-01-19 15:16:30.767"
"ABB","37.190","15","37.200","10","-31","37.20","c1100c6c-2b6a-4e1b-91ec-bf2916a05461","2022-01-19 15:16:30.767"
"ABB","37.210","14","37.220","15","31","37.18","5be356df-e19f-44a3-b00b-237c4cb92a6c","2022-01-19 15:17:34.025"
"ABB","37.210","12","37.220","13","31","37.18","e0326f28-046c-45a5-b003-4ec256852cb3","2022-01-19 15:17:34.025"
"ABB","37.210","11","37.220","17","31","37.18","65538340-f5fc-41e8-a34e-633b58ffec70","2022-01-19 15:17:34.025"
"ABB","37.220","8","37.230","19","31","37.18","09b5fbd4-8fb8-422a-8e6d-3de85c8bb986","2022-01-19 15:17:34.025"
"ABB","37.180","14","37.190","14","-31","37.19","8eb4cb78-6b8e-433d-9397-b940a83ff0d8","2022-01-19 15:18:00.917"
"ABB","37.180","14","37.190","14","-31","37.19","97634954-df89-4932-8fd9-ec4eea8071ed","2022-01-19 15:18:00.917"
"ABB","37.180","14","37.190","14","-31","37.19","4ed48599-1472-45fe-8ed1-990bd3c82271","2022-01-19 15:18:00.917"
"ABB","37.180","21","37.190","18","-31","37.19","52032ad2-0a17-4d01-a291-e1313b02efef","2022-01-19 15:18:00.917"
"ABB","37.180","18","37.190","17","-31","37.19","7e669234-98d4-4ddc-ab4a-d82ce888a9e9","2022-01-19 15:18:10.338"
"ABB","37.190","12","37.200","17","31","37.17","46c56582-1e09-4dd7-bd34-756da5f1f203","2022-01-19 15:26:45.076"
"ABB","37.200","19","37.210","11","31","37.17","61c9d088-2058-4e71-bdd0-d4049bc087ef","2022-01-19 15:26:45.076"
"ABB","37.190","11","37.200","15","31","37.16","db4fe0ad-961e-4319-8d41-c0fa24e947f4","2022-01-19 15:28:43.550"
"ABB","37.190","8","37.200","20","31","37.16","dd090780-7862-4c5c-8019-b266315a93f6","2022-01-19 15:28:43.550"
"ABB","37.180","7","37.190","16","31","37.16","ac6a354c-51bd-4b33-8ae0-e3c23db01b3b","2022-01-19 15:28:43.550"
"ABB","37.180","14","37.190","10","31","37.16","1c7802df-beb6-4329-bb8e-ab9b34d2cf70","2022-01-19 15:28:43.550"
"ABB","37.190","21","37.200","5","31","37.15","baae799b-f899-4fb4-b2ca-5a6737c6dc74","2022-01-19 15:29:00.562"
"ABB","37.140","22","37.150","9","-31","37.15","b0d791fb-9a63-4b89-a5f0-e260fab4f835","2022-01-19 15:29:30.732"
"ABB","37.140","22","37.150","9","-31","37.15","35877d80-f4c8-469c-aa6e-84e26637dc06","2022-01-19 15:29:30.732"
"ABB","37.140","23","37.150","7","-31","37.15","17731647-12ae-4672-954b-01114a2d2bee","2022-01-19 15:29:45.064"
"ABB","37.140","23","37.150","7","-31","37.15","959b08ca-5340-4c2a-81f1-f1d7013d668a","2022-01-19 15:29:45.064"
"ABB","37.140","23","37.150","7","-31","37.15","2bcb200c-65dc-4999-b7d5-a993439ad0ea","2022-01-19 15:29:45.064"
"ABB","37.150","36","37.150","2","-31","37.15","b626f5da-8434-4f6b-ba58-139ce69821fe","2022-01-19 15:29:50.006"
"ABB","37.160","24","37.170","25","-31","37.16","20dfcf21-91e9-401c-ad66-0548a05ff2eb","2022-01-19 15:48:00.006"
"ALB","227.150","2","227.440","2","5","225.98","44c2e3e0-c96a-454d-b4ac-f11011f94b88","2022-01-19 10:18:29.704"
"ALB","227.180","2","227.620","2","5","225.98","d4c90222-2714-468f-b0eb-df33f5b6400c","2022-01-19 10:18:29.704"
"ALB","227.370","1","227.660","1","5","225.98","d197fe12-22a4-4091-a036-1c29651d03c4","2022-01-19 10:18:29.704"
"ALB","227.460","2","227.660","1","5","225.98","a0a8b33f-7490-4057-b505-79a2e70b4a94","2022-01-19 10:18:29.704"
"ALB","227.190","1","227.510","1","5","225.98","46764fb4-5ad1-4fce-aa49-4e5591626e99","2022-01-19 10:18:29.704"
"ALB","227.320","1","227.890","1","5","225.98","2cc62c52-7e1c-490b-ba02-ff3fd5df81d4","2022-01-19 10:18:29.704"
"ALB","227.350","1","227.890","1","5","225.98","e0689eaf-8a51-470a-9336-b6dd8d9293de","2022-01-19 10:18:29.704"
"ALB","227.210","1","227.890","1","5","225.98","6758807f-a53c-4e4b-ad2c-bffee84511cf","2022-01-19 10:18:29.704"
"ALB","227.290","1","227.860","1","5","225.98","64c923a6-99b5-41f4-ad96-326e31747d82","2022-01-19 10:18:29.704"
"ALB","227.290","1","227.860","1","5","225.98","9175fe11-36a4-4332-8582-5fccb7537c84","2022-01-19 10:18:29.704"
"ALB","227.380","1","227.880","2","5","225.98","8f619d6a-3e0b-4bbb-aeae-b26415ffa873","2022-01-19 10:18:29.704"
"ALB","226.110","2","226.770","2","-5","226.78","20d2ab13-49d2-4f55-837a-8a2c763894db","2022-01-19 10:19:19.217"
"ALB","226.110","2","226.770","2","-5","226.78","f5594663-31b4-414e-8334-8f66730f2228","2022-01-19 10:19:19.217"
"ALB","226.110","2","226.770","2","-5","226.78","d458c80a-c88b-4189-97a5-e1bb983c94db","2022-01-19 10:19:19.217"
"ALB","226.110","2","226.770","2","-5","226.78","44a5c6e5-9501-4235-a3ee-9c2ae1f51053","2022-01-19 10:19:19.217"
"ALB","226.340","1","227.040","1","-5","227.04","0c32035a-5620-4596-9b53-f1e152771baa","2022-01-19 10:19:28.477"
"ALB","226.340","1","227.040","1","-5","227.04","6cb2dc3d-f5b5-4eb2-97a1-e5badac0f370","2022-01-19 10:19:28.477"
"ALB","226.340","1","227.040","1","-5","227.04","f78e22d2-d4f1-42a1-8a5f-5ad09e04912e","2022-01-19 10:19:28.477"
"ALB","226.340","1","227.040","1","-5","227.04","ac95bfeb-5435-474a-90e4-401ceab77618","2022-01-19 10:19:28.477"
"ALB","226.350","1","227.040","1","-5","227.04","5e799d57-7903-43c8-9db6-f66a3b034d4c","2022-01-19 10:19:42.214"
"ALB","226.090","1","226.740","1","5","225.76","29ea3b8f-9d4b-43e1-9c8b-3cfd55735841","2022-01-19 10:21:21.035"
"ALB","226.570","1","227.050","3","5","225.76","c1673276-52df-466b-856b-ebb1b9c98ce6","2022-01-19 10:21:21.035"
"ALB","226.960","3","227.330","2","5","225.76","b65e9aef-1de3-459a-b7e5-3bf76e59d83a","2022-01-19 10:21:21.035"
"ALB","226.410","1","226.960","1","5","225.76","aaddc86f-aadb-4851-a8e7-f7edb38fb1b3","2022-01-19 10:21:21.035"
"ALB","226.540","1","226.890","1","5","225.76","511d08d8-cffd-484a-a331-bf6f2e052193","2022-01-19 10:21:21.035"
"ALB","227.380","1","227.880","2","5","225.76","bcbf8459-15ab-4983-8a8e-56c8d7e74861","2022-01-19 10:21:21.035"
"ALB","227.400","1","227.990","2","5","225.76","49da0404-f60c-4e3e-b542-985ca4755582","2022-01-19 10:21:21.035"
"ALB","226.810","1","227.420","1","5","225.76","3beea7db-cf86-494d-b5e6-38dbf3118bab","2022-01-19 10:21:21.035"
"ALB","226.640","1","227.140","1","5","225.76","b19b3ccc-a08a-4bc4-ad14-953ae464de9e","2022-01-19 10:21:21.035"
"ALB","226.660","1","227.100","1","5","225.76","77db74f7-6cde-42f6-aa06-a0ba33e33e15","2022-01-19 10:21:21.035"
"ALB","226.640","1","226.840","1","5","225.50","a421070a-1059-45e3-9d3a-5272e888ebd6","2022-01-19 10:21:35.481"
"ALB","225.150","1","225.750","1","-5","225.75","a426dcfd-3861-4c75-9a7e-2c68e3d09aeb","2022-01-19 10:21:41.229"
"ALB","225.150","1","225.750","1","-5","225.75","da6f64e3-a43f-40ee-94da-6ce6ac81b90d","2022-01-19 10:21:41.229"
"ALB","225.150","1","225.750","1","-5","225.75","941e07b4-5b00-496e-8c4f-00b59b1d3e7c","2022-01-19 10:21:41.229"
"ALB","225.150","1","225.750","1","-5","225.75","2bd71f44-9226-4ca7-a838-33537214b59f","2022-01-19 10:21:41.229"
"ALB","225.150","1","225.750","1","-5","225.75","feaf65c8-fc16-4535-88a2-7c761d8ef9bd","2022-01-19 10:21:41.229"
"ALB","225.150","1","225.750","1","-5","225.75","c89ccbc8-fb5f-4c25-8711-f3da81f7df02","2022-01-19 10:21:41.229"
"ALB","225.070","1","225.640","1","-5","225.65","9b1656bc-7391-4d39-828e-21d336d4fcd3","2022-01-19 10:22:48.635"
"ALB","225.070","1","225.640","1","-5","225.65","1bf00139-7e36-4cb8-ace2-d4616988759b","2022-01-19 10:22:48.635"
"ALB","225.070","1","225.640","1","-5","225.65","99c3a73c-84e8-4207-9950-24b994cfa5db","2022-01-19 10:22:48.635"
"ALB","224.480","1","224.930","1","-5","224.94","13509708-4585-4543-afa0-b9e2aac3c269","2022-01-19 10:24:52.288"
"ALB","224.400","2","224.930","2","-5","224.93","8a4b211d-d7ae-42bd-9c3e-714aa349995d","2022-01-19 10:25:05.347"
"ALB","224.510","1","224.860","1","-5","225.01","dfc21433-3f3f-4a04-88b4-56e0470fe830","2022-01-19 10:25:43.882"
"ALB","224.140","1","224.590","1","-5","224.59","fc18ee76-6844-4f79-88ff-582c45e84432","2022-01-19 10:25:57.914"
"ALB","222.950","1","223.220","1","5","222.34","f5f75e30-beb6-47fc-90be-dcb7d3a88079","2022-01-19 10:54:13.344"
"ALB","222.950","1","223.220","1","5","222.34","6ca38b95-745b-4330-b10a-86d555d4bfaa","2022-01-19 10:54:13.344"
"ALB","222.680","1","222.950","1","5","222.34","83b227c3-5b37-4716-ac0b-73810eb926e8","2022-01-19 10:54:13.344"
"ALB","222.450","1","222.790","2","-5","222.79","cb60afd4-d372-4c01-8869-fc6ad8af38bf","2022-01-19 10:56:07.523"
"ALB","222.450","1","222.790","2","-5","222.79","7e4e3d39-9e0c-46d8-a421-57049d4f848a","2022-01-19 10:56:07.523"
"ALB","222.510","1","222.960","1","-5","222.96","db13dcce-0b6a-4276-bb88-99d70cc78b6b","2022-01-19 10:57:08.037"
"ALB","223.010","1","223.330","1","5","222.21","552a435c-be31-42e1-a2c5-ed89e56d9770","2022-01-19 11:14:44.306"
"ALB","222.960","1","223.320","1","5","222.06","8da4151c-790d-45b1-b66a-977f7782f034","2022-01-19 11:14:52.730"
"ALB","222.970","1","223.310","1","5","222.06","d0c9ae63-a9cc-4a95-ab14-e34edc1350c8","2022-01-19 11:14:52.730"
"ALB","222.970","1","223.290","1","5","222.06","ff8ad7ca-a323-4411-bb91-feff04dcfcee","2022-01-19 11:14:52.730"
"ALB","223.390","3","223.940","1","5","222.06","923a5fce-45ba-4d3d-94fb-d8a7dfd7a4cb","2022-01-19 11:14:52.730"
"ALB","223.420","2","223.650","2","5","222.06","ab3d3ba4-4ad9-4c92-bfcd-b1279399a30f","2022-01-19 11:14:52.730"
"ALB","223.410","1","223.640","2","5","222.06","4e78de74-7ca9-42f2-9ad8-77a0df2b57f2","2022-01-19 11:14:52.730"
"ALB","222.210","1","222.490","1","-5","222.49","c39302cb-b47d-4de3-855c-74048734f5b9","2022-01-19 11:15:23.454"
"ALB","222.210","1","222.490","1","-5","222.49","df286a7a-900f-48e7-82a8-5c8d5ac2d4f3","2022-01-19 11:15:23.454"
"ALB","222.410","1","222.520","1","-5","222.52","244a8039-9277-4333-9fa0-7cb00c144bd9","2022-01-19 11:15:30.581"
"ALB","222.410","1","222.520","1","-5","222.52","f6d4baa6-c81a-457b-addd-e018c3b64399","2022-01-19 11:15:30.581"
"ALB","222.410","1","222.520","1","-5","222.52","a02f16ac-36cb-41bf-b09e-62df14eec98b","2022-01-19 11:15:30.581"
"ALB","222.420","1","222.820","2","-5","223.02","749bb9f6-85cf-48ba-9262-bf410ab54bc5","2022-01-19 11:15:40.925"
"ALB","222.140","1","222.380","1","-5","222.39","250ac2f8-5d93-41d1-8897-2253af448d19","2022-01-19 11:17:13.422"
"ALB","223.140","2","223.580","2","5","222.00","ceb63a3d-2256-433e-a697-340d1a011cae","2022-01-19 11:18:12.402"
"ALB","222.380","1","222.670","2","5","222.00","a04c58a7-17c1-497f-b17b-9e6e504ca619","2022-01-19 11:18:12.402"
"ALB","222.410","1","222.670","1","5","222.00","58ee5e1d-94e6-4467-9119-5696a369bbf5","2022-01-19 11:18:12.402"
"ALB","221.490","1","221.790","1","-5","221.81","d2f49201-93b0-46a3-8ab2-f8c767d4b2cf","2022-01-19 11:19:42.914"
"ALB","221.490","1","221.790","1","-5","221.81","2d8022f6-baad-4c66-8a52-9b83bfcff23f","2022-01-19 11:19:42.914"
"ALB","221.490","1","221.790","1","-5","221.81","9bc1ae27-491a-418e-b5be-315c6e00a297","2022-01-19 11:19:42.914"
"ALB","222.800","1","223.380","2","5","222.26","4447d6ad-542a-4696-8c4c-70106d0fed9a","2022-01-19 11:29:27.528"
"ALB","222.810","1","223.090","1","5","222.26","19a9095c-134b-4b6b-b340-2654091ec3ab","2022-01-19 11:29:27.528"
"ALB","222.640","1","223.190","1","-5","223.19","81c2cf8a-2c30-4712-9187-ef7c4b0a156a","2022-01-19 11:30:26.506"
"ALB","222.760","2","223.190","1","-5","223.19","643a74d3-6b50-41e0-828d-efec287b3495","2022-01-19 11:30:50.798"
"ALB","221.970","1","222.350","1","5","222.02","60416f08-7a66-4efd-a4da-53a4aba4c03f","2022-01-19 11:41:43.110"
"ALB","222.010","2","222.390","1","5","222.02","ad7d5ebf-1c52-44d2-8c2f-bb7d0816b10a","2022-01-19 11:41:43.110"
"ALB","222.100","1","222.310","2","-5","222.40","935880a7-dbf5-44a8-ad36-788973188f25","2022-01-19 11:43:41.682"
"ALB","222.110","1","222.460","2","-5","222.46","29614f64-808d-4c06-a352-a92d47b42238","2022-01-19 11:46:08.680"
"ALB","224.740","1","224.940","2","5","223.88","36cc99ad-8836-49e4-9dc6-c58415d85178","2022-01-19 12:35:34.290"
"ALB","224.740","1","224.930","2","5","223.88","8f2779f3-0787-4744-afe3-f6054b13c037","2022-01-19 12:35:34.290"
"ALB","224.740","1","224.830","1","5","223.88","b95c52e6-fbbf-41f7-a0f0-8bbc7fbaf643","2022-01-19 12:35:34.290"
"ALB","224.420","2","224.770","1","5","223.88","9a095b00-c1ef-4b9e-89c9-c4b4ee269a4c","2022-01-19 12:35:34.290"
"ALB","224.420","2","224.770","1","5","223.88","90bf2cb9-743d-4264-98a7-72d638faa1d0","2022-01-19 12:35:34.290"
"ALB","224.350","1","224.590","1","5","223.88","dd5821ff-8a10-40a8-bfd5-c1c9fa453bfd","2022-01-19 12:35:34.290"
"ALB","224.350","1","224.590","1","5","223.88","67beb1bd-c0cb-48ca-bffc-8ab4b007f3b7","2022-01-19 12:35:34.290"
"ALB","224.060","1","224.280","1","-5","224.28","af8f34c5-046b-41ec-b0c0-7a9112b7a76c","2022-01-19 12:36:30.737"
"ALB","224.060","1","224.280","1","-5","224.28","c26e3ffb-cb8b-4a73-8483-f148167b5c08","2022-01-19 12:36:30.737"
"ALB","224.060","1","224.280","1","-5","224.28","f479b95b-e2d9-4657-a466-ef61092e8f13","2022-01-19 12:36:30.737"
"ALB","224.060","1","224.280","1","-5","224.28","58b6e0b2-0314-4f56-a5b4-8c81c54f6f52","2022-01-19 12:36:30.737"
"ALB","224.110","1","224.370","1","-5","224.37","f8c9b09c-c788-4645-99a9-5a725e656414","2022-01-19 12:37:12.374"
"ALB","224.230","1","224.560","2","-5","224.56","4a473ea7-7979-4034-b0df-204b7a0a1616","2022-01-19 12:37:43.397"
"ALB","224.530","1","224.910","1","5","223.56","8a666458-7fb8-44f7-aea9-0e0499092fab","2022-01-19 12:42:32.218"
"ALB","224.610","1","225.000","2","5","223.56","df3e0338-1de3-4e0b-82db-4874123e2dae","2022-01-19 12:42:32.218"
"ALB","224.610","1","225.000","2","5","223.56","94018368-c16a-4a0c-a65c-066ec73fb741","2022-01-19 12:42:32.218"
"ALB","224.680","1","224.940","1","5","223.56","5406163a-d092-41ee-80aa-8a4db30a7101","2022-01-19 12:42:32.218"
"ALB","224.680","1","225.000","2","5","223.56","4cc6dbbc-8fd2-45df-b945-73d8158c3b34","2022-01-19 12:42:32.218"
"ALB","224.490","1","224.810","2","5","223.34","e41a03a5-764b-4f40-b918-7d1a28d8461f","2022-01-19 12:42:33.180"
"ALB","224.480","1","224.810","1","5","223.34","96a93ce1-119f-45df-86e9-8a6583264c39","2022-01-19 12:42:33.180"
"ALB","223.690","1","223.950","1","-5","223.95","74d321fc-d0e3-4021-9151-2395e9cfc786","2022-01-19 12:46:07.193"
"ALB","223.690","1","223.950","1","-5","223.95","a9ba2123-5750-40f8-9ee3-753adade05fc","2022-01-19 12:46:07.193"
"ALB","223.690","1","223.950","1","-5","223.95","100618df-e8b1-4dd6-b111-fb6971cbcdb9","2022-01-19 12:46:07.193"
"ALB","223.730","2","224.120","2","-5","224.12","3ed8d5ce-bd4c-46a7-8860-24ce1a550b0f","2022-01-19 12:46:19.431"
"ALB","223.730","2","224.120","2","-5","224.12","1de37d04-c1f6-42e7-8bd9-2ae6c1bd6840","2022-01-19 12:46:19.431"
"ALB","223.730","2","224.120","2","-5","224.12","8a39e8b8-c051-434c-8494-b8bfcc5661f7","2022-01-19 12:46:19.431"
"ALB","223.990","1","224.270","1","-5","224.27","6712f7a1-ff53-4341-b8dc-f843202d54a3","2022-01-19 12:46:20.280"
"ALB","224.280","2","224.560","2","-5","224.56","15946c4c-1b57-4c3b-b415-0229135e8d6b","2022-01-19 12:52:59.198"
"ALB","224.010","1","224.440","2","5","224.44","c33983d6-0eb9-4c1b-a054-56741a47bd1f","2022-01-19 13:07:40.006"
"ALB","224.020","1","224.400","1","-5","224.53","c6bcbb5c-a9e0-4a76-87d7-1cdcf7c58f92","2022-01-19 13:11:12.589"
"ALB","224.150","1","224.480","1","5","224.06","ae882233-5baf-409e-91e5-be53b2694b69","2022-01-19 13:17:05.396"
"ALB","224.190","1","224.570","2","5","224.06","fa96b082-3d3b-4d12-9903-7d45993a9c95","2022-01-19 13:17:05.396"
"ALB","224.170","1","224.610","3","5","224.06","eb0811b0-c273-42d8-adb0-a25bb5ca70ec","2022-01-19 13:17:05.396"
"ALB","224.120","1","224.450","1","5","224.00","287513d2-ae19-4e79-b8db-d6f3947f4d12","2022-01-19 13:17:38.803"
"ALB","224.340","1","224.590","2","5","224.00","4e796cda-9cbe-4fb7-82cf-ea5396db50cb","2022-01-19 13:17:38.803"
"ALB","223.630","2","223.990","1","-5","223.99","bbcd03a8-fd59-4d5b-8b8c-fe181f5295d3","2022-01-19 13:21:42.028"
"ALB","223.620","1","224.000","2","-5","224.03","c7d01752-66fe-4b0a-925f-33e07a0a97e2","2022-01-19 13:21:42.028"
"ALB","223.620","1","224.000","2","-5","224.03","faf78d64-a359-467f-a2df-70c717b552e0","2022-01-19 13:21:42.028"
"ALB","223.620","1","224.000","2","-5","224.03","df663144-9352-47db-96e1-813f483746b0","2022-01-19 13:21:42.028"
"ALB","223.730","1","224.030","1","-5","224.03","30b3e6e6-e9bc-41c6-94e3-225bb5950f63","2022-01-19 13:21:42.028"
"ALB","224.040","1","224.310","2","5","223.60","3a368fa9-3bd4-497a-b4b7-2ec8e501f5b7","2022-01-19 13:29:24.539"
"ALB","224.070","1","224.310","1","5","223.60","162a7006-e6a1-4d84-93d7-5b254b2ed9f4","2022-01-19 13:29:24.539"
"ALB","224.070","1","224.310","1","5","223.60","39d5ca32-a314-4546-9a25-82b33e85dbe6","2022-01-19 13:29:24.539"
"ALB","223.970","2","224.380","2","5","223.43","c2a21bb7-dd69-454f-ae2e-09482b95fcfa","2022-01-19 13:29:36.742"
"ALB","224.090","1","224.410","2","5","223.43","244398c0-beff-4fa8-9616-b8d706c2657b","2022-01-19 13:29:36.742"
"ALB","223.980","2","224.400","2","5","223.43","b70e12c8-cb7c-49f5-98a6-068c0034b82c","2022-01-19 13:29:36.742"
"ALB","223.980","2","224.400","2","5","223.43","1d9c03b3-a6e4-47d9-9954-8cf46df2d414","2022-01-19 13:29:36.742"
"ALB","224.010","1","224.310","1","5","223.43","a3fdbbe2-e700-4a99-bc5f-4278e1594251","2022-01-19 13:29:36.742"
"ALB","224.010","1","224.310","1","5","223.43","24cacfa4-1082-425f-b280-47bb27f45228","2022-01-19 13:29:36.742"
"ALB","223.250","1","223.640","2","-5","223.64","502cfa58-bbf1-4d44-9cf8-de5d0f8286e7","2022-01-19 13:30:59.013"
"ALB","223.250","1","223.640","2","-5","223.64","442bf75f-1347-4b41-9304-fde5fd17626f","2022-01-19 13:30:59.013"
"ALB","223.250","1","223.640","2","-5","223.64","fd0a0662-6c4c-4fac-86c4-a3dd69bdd153","2022-01-19 13:30:59.013"
"ALB","223.250","1","223.640","2","-5","223.64","41cc3f14-5ef2-4896-a4a0-425d573bdb30","2022-01-19 13:30:59.013"
"ALB","223.290","1","223.640","2","-5","223.64","c706c911-3142-4951-93ad-f580256febd6","2022-01-19 13:30:59.013"
"ALB","223.290","1","223.640","2","-5","223.64","dbcc4be5-eb7c-49b6-8095-a633dfee7b0c","2022-01-19 13:30:59.013"
"ALB","223.290","1","223.640","2","-5","223.64","64d00bdd-af20-41d5-a72b-fbcffe68593d","2022-01-19 13:30:59.013"
"ALB","223.430","1","223.680","1","-5","223.68","6a9191a6-80ed-44aa-9a58-fcacabb83288","2022-01-19 13:31:00.375"
"ALB","223.480","1","223.850","2","-5","223.85","b2cf8fba-164a-4553-93eb-7aec644c6ce6","2022-01-19 13:32:09.487"
"ALB","223.350","1","223.550","1","5","223.45","1ec2a6fe-0db9-453e-85fa-17d8c765cf18","2022-01-19 13:46:11.174"
"ALB","222.920","2","223.290","1","-5","223.29","8c3fd841-f9d6-4947-bc71-99628a315153","2022-01-19 13:52:57.084"
"ALB","223.420","3","223.790","1","5","223.26","a872b246-3ca5-4016-b142-64f22f9fdba6","2022-01-19 14:05:30.516"
"ALB","223.550","1","223.790","1","5","223.26","79d1183a-2939-4303-865f-215ef575dd3f","2022-01-19 14:05:30.516"
"ALB","223.450","2","223.720","2","5","223.26","4995581a-0dad-420d-9c33-c81242f10ac5","2022-01-19 14:05:30.516"
"ALB","223.400","8","223.770","2","5","223.23","cab3cb18-8172-4e07-8b16-f8a4588a5216","2022-01-19 14:05:30.520"
"ALB","223.980","1","224.330","2","5","222.99","aed56168-e274-4e12-9e51-cbae6d69a85b","2022-01-19 14:05:42.046"
"ALB","223.920","2","224.310","1","5","222.99","912b31fd-0ce0-41dd-9c8b-41e4cf2d4aca","2022-01-19 14:05:42.046"
"ALB","223.820","1","224.110","2","5","222.99","4cf8065b-89ce-40b8-a00e-fa9b4306d396","2022-01-19 14:05:42.046"
"ALB","223.680","2","223.960","1","5","222.99","395054c1-017d-4f3b-8c6d-497ed3e57fee","2022-01-19 14:05:42.046"
"ALB","223.620","2","224.040","4","5","222.99","dad15bd5-f068-4450-896d-6d38bf61c4e4","2022-01-19 14:05:42.046"
"ALB","223.810","1","224.020","2","5","222.99","de766a8b-c65b-467c-abdd-54853125fffc","2022-01-19 14:05:42.046"
"ALB","223.820","1","224.120","2","5","222.99","d5c855e4-367c-4010-b8b1-25e4077c3c7e","2022-01-19 14:05:42.046"
"ALB","223.680","3","224.050","2","5","222.99","1d7280ce-083e-4af1-aaa5-d430c3cce544","2022-01-19 14:05:42.046"
"ALB","223.880","2","224.180","1","5","222.91","cca582cf-5b8f-4f28-9812-6cf72a0bd1bb","2022-01-19 14:05:42.883"
"ALB","223.410","2","223.810","1","5","222.91","7eda1fe2-b052-4c12-bf85-0bae0e7d4c06","2022-01-19 14:05:42.883"
"ALB","224.010","2","224.490","2","5","222.91","81773fb9-84b0-4941-8053-3271457d00f2","2022-01-19 14:05:42.883"
"ALB","224.020","2","224.470","2","5","222.91","c62e1634-6cb0-4237-85d6-5703fdb8e39d","2022-01-19 14:05:42.883"
"ALB","222.450","3","222.760","1","-5","222.76","cc77d9fd-732e-46ad-9bce-c20301a52a7b","2022-01-19 14:07:01.656"
"ALB","222.450","3","222.760","1","-5","222.76","b66a2dd9-ee54-45cc-ac6a-5c232548bdc7","2022-01-19 14:07:01.656"
"ALB","222.450","3","222.760","1","-5","222.76","fb3cc23a-c57f-4aa7-8544-c6b3c47956ff","2022-01-19 14:07:01.656"
"ALB","222.450","3","222.760","1","-5","222.76","8d4970fa-33da-432e-b9c1-cd962d2cdb78","2022-01-19 14:07:01.656"
"ALB","222.450","3","222.760","1","-5","222.76","f82df64e-eb0e-43ca-b31d-1814434bd130","2022-01-19 14:07:01.656"
"ALB","222.620","1","222.890","1","-5","222.89","9608c9bf-ad11-449e-9d4e-7281526eb0f2","2022-01-19 14:07:12.098"
"ALB","222.620","1","222.890","1","-5","222.89","7bf0cece-bc6a-458c-85c0-9983f5e3decc","2022-01-19 14:07:12.098"
"ALB","222.620","1","222.890","1","-5","222.89","f5ddea63-aae7-4fbd-8bff-871758868ddc","2022-01-19 14:07:12.098"
"ALB","222.620","1","222.890","1","-5","222.89","d7485907-2af2-4262-92d6-890c8542a9bd","2022-01-19 14:07:12.098"
"ALB","222.620","1","222.890","1","-5","222.89","d319fa85-e83e-4d01-90b3-8774ea3e7320","2022-01-19 14:07:12.098"
"ALB","222.620","1","222.890","1","-5","222.89","6fdaa877-a737-4cd1-8543-39a1e00c42d2","2022-01-19 14:07:12.098"
"ALB","222.680","1","223.020","2","-5","223.02","0b527443-2f87-4f10-9b58-c93f2e712cac","2022-01-19 14:07:48.336"
"ALB","222.680","1","223.020","2","-5","223.02","41d6d016-6c0f-4c2e-9844-a1d3be974a98","2022-01-19 14:07:48.336"
"ALB","222.680","1","223.020","2","-5","223.02","b663148d-1bf8-4150-b341-1e01cd36cc72","2022-01-19 14:07:48.336"
"ALB","222.680","1","223.020","2","-5","223.02","a2655d6c-ae41-4690-a125-717b4c3a3760","2022-01-19 14:07:48.336"
"ALB","222.810","1","222.980","1","-5","222.98","97cffa6e-e5f8-41ca-be2d-a378d3dc2a9f","2022-01-19 14:08:27.143"
"ALB","222.470","1","222.820","1","5","221.91","a71e02fe-298a-4f53-97dc-dafb4b1ddd20","2022-01-19 14:21:32.844"
"ALB","222.340","2","222.640","1","5","221.91","da76953f-648a-4d8b-a8cc-f4676e3ce12d","2022-01-19 14:21:32.844"
"ALB","222.340","2","222.640","1","5","221.91","25823cfb-98d3-4b2a-83c9-0c902d8acef7","2022-01-19 14:21:32.844"
"ALB","222.250","1","222.740","1","5","221.91","9f4f57bf-d36a-41da-9a15-5a09b4301e5b","2022-01-19 14:21:32.844"
"ALB","222.290","1","222.720","2","5","221.91","e83749fa-7b38-4e7c-86c2-aee016adf5d6","2022-01-19 14:21:32.844"
"ALB","222.140","1","222.410","1","-5","222.47","04a80c7c-7aba-4030-a49a-b6744c6a28ef","2022-01-19 14:22:03.543"
"ALB","222.140","1","222.470","2","-5","222.47","bd05a23d-fe03-4331-b422-e2126eab786a","2022-01-19 14:22:21.555"
"ALB","222.130","1","222.540","1","-5","222.54","99a963f4-5beb-44a7-9ceb-e6c70b412795","2022-01-19 14:23:33.268"
"ALB","222.100","1","222.280","1","-5","222.28","d8fd2e1a-7e0d-41ee-a3fd-48a89490982e","2022-01-19 14:25:15.570"
"ALB","222.100","1","222.280","1","-5","222.28","3c2fb9da-2187-44d1-929c-a4fa141d64bc","2022-01-19 14:27:14.509"
"ALB","221.760","1","222.140","2","5","221.64","b3f16701-15f6-46c7-ab77-47d8bf8594b5","2022-01-19 14:28:34.571"
"ALB","221.650","1","222.010","2","5","221.64","bc178962-60aa-46b6-b7bb-80c5f58fd93b","2022-01-19 14:28:34.571"
"ALB","222.290","1","222.640","1","5","221.46","370167ef-382c-49ca-a1b3-587e078da855","2022-01-19 14:31:50.908"
"ALB","222.350","1","222.620","1","5","221.46","f596c2ab-a7ce-46a9-a4b9-050df7374af6","2022-01-19 14:31:50.908"
"ALB","222.530","1","222.810","2","5","221.37","614fe296-77e1-4d82-be16-443811767e72","2022-01-19 14:33:48.285"
"ALB","222.340","1","222.580","1","5","221.37","a67a1737-58ab-4094-81af-f57590461f98","2022-01-19 14:33:48.285"
"ALB","221.090","1","221.400","1","-5","221.40","85c4e141-eb16-44cb-a25c-b5ba6b629385","2022-01-19 14:33:57.562"
"ALB","221.300","1","221.480","1","-5","221.48","5d857e49-f6a3-444d-a4da-2e1b9813c536","2022-01-19 14:34:02.114"
"ALB","221.400","2","221.650","2","-5","221.65","a8d2a467-53d8-4283-9d8a-e5a74ee09a96","2022-01-19 14:34:04.927"
"ALB","221.400","2","221.650","2","-5","221.65","4c72f00f-ae6a-4830-b0b9-2705e4cf3bc9","2022-01-19 14:34:04.927"
"ALB","221.390","1","221.590","2","-5","221.59","7fc4a331-3e6d-48d3-ab5e-4a21a50928c9","2022-01-19 14:34:53.727"
"ALB","221.320","1","221.640","1","-5","221.65","eb7effe3-abd9-4140-a3c4-2d871e30cc3e","2022-01-19 14:34:56.021"
"ALB","222.220","1","222.500","2","5","222.23","ea01a8a4-263c-4527-87c6-fbd5f17a2c89","2022-01-19 14:36:43.007"
"ALB","221.550","2","221.850","1","-5","221.85","2f47c33d-c596-4f6b-bff1-0c4b3d6a8cfb","2022-01-19 14:42:59.603"
"ALB","222.200","5","222.640","1","5","221.50","618b61fd-8d64-465e-abd5-a065acbe317b","2022-01-19 14:48:13.543"
"ALB","222.200","5","222.640","1","5","221.50","8d84347c-d3f0-4f39-a6dc-f25291dbc2f1","2022-01-19 14:48:13.543"
"ALB","222.220","2","222.520","1","5","221.50","3c8963c1-484c-415a-a68e-50889828a544","2022-01-19 14:48:13.543"
"ALB","222.220","2","222.570","2","5","221.50","c9af136c-11f1-4d8d-9cc5-e6bd87147059","2022-01-19 14:48:13.543"
"ALB","222.210","1","222.410","1","5","221.50","73d342d0-1204-4dd7-9cd6-9ffb38135109","2022-01-19 14:48:13.543"
"ALB","222.210","1","222.410","1","5","221.50","a0d19e34-8d25-4b1b-b3a6-7f685d33c482","2022-01-19 14:48:13.543"
"ALB","222.210","1","222.390","1","5","221.41","c0693310-8e89-4265-a511-0045af021717","2022-01-19 14:48:24.088"
"ALB","221.480","1","221.640","2","-5","221.64","e540f783-8608-4ae6-ae1e-9383a46ed227","2022-01-19 14:49:46.149"
"ALB","221.480","1","221.640","2","-5","221.64","ab864d4f-7b56-453d-a75a-8e614e41b732","2022-01-19 14:49:46.149"
"ALB","221.480","1","221.640","2","-5","221.64","91c71fe7-bbaa-45e3-9a5d-cbf3b299987b","2022-01-19 14:49:46.149"
"ALB","221.480","1","221.640","2","-5","221.64","37868ecf-1f0a-4e48-a741-a24cca5509f3","2022-01-19 14:49:46.149"
"ALB","221.480","1","221.640","2","-5","221.64","259728f9-398e-4c3e-b91b-b34be8bf43a7","2022-01-19 14:49:46.149"
"ALB","221.340","1","221.560","1","-5","221.56","7baa5c49-f569-49b7-907d-6aa5e772985b","2022-01-19 14:50:13.576"
"ALB","221.580","1","221.760","1","-5","221.76","44ea7d52-3b7b-489e-a1bd-577295b7a863","2022-01-19 14:51:06.030"
"ALB","222.260","1","222.650","2","5","221.78","845646de-18b3-42ed-8bc3-93755940bedb","2022-01-19 15:03:58.369"
"ALB","222.310","1","222.630","2","5","221.78","c556cc20-9c45-4c26-ab98-7b8a73eb6d8c","2022-01-19 15:03:58.369"
"ALB","222.310","1","222.620","1","5","221.78","a5c57511-a1dd-4ff5-9c99-81bbc1164757","2022-01-19 15:03:58.369"
"ALB","222.330","1","222.650","1","5","221.78","78804d57-14c5-45e9-908d-c2185ed3a323","2022-01-19 15:03:58.369"
"ALB","222.390","1","222.710","1","5","221.78","15952575-f632-49c8-8ec0-94cb0354e615","2022-01-19 15:03:58.369"
"ALB","222.480","1","222.850","2","5","221.78","4c7445ca-464f-4d11-8c69-35e8b7b533e5","2022-01-19 15:03:58.369"
"ALB","222.480","3","222.740","1","5","221.78","e8c465f2-8b54-4491-8107-5b37c58bac92","2022-01-19 15:03:58.369"
"ALB","222.100","4","222.410","1","5","221.78","a0164338-9b81-44f3-8f64-221835379007","2022-01-19 15:03:58.369"
"ALB","222.100","4","222.400","1","5","221.78","a6e716dc-4465-4b83-9bd7-380aad090f72","2022-01-19 15:03:58.369"
"ALB","222.320","1","222.600","1","5","221.78","180bbee1-4135-441f-94b9-423dca94ee64","2022-01-19 15:03:58.369"
"ALB","222.370","2","222.600","1","5","221.78","1992ec9d-a648-47ef-931f-ae2b59c75519","2022-01-19 15:03:58.369"
"ALB","222.370","1","222.600","1","5","221.78","b1c741bd-47a9-4e89-a108-c7172bf10a8b","2022-01-19 15:03:58.369"
"ALB","222.370","1","222.600","1","5","221.78","7ce757cf-1536-4db4-ac06-27574d5f7147","2022-01-19 15:03:58.369"
"ALB","222.370","2","222.600","1","5","221.78","a7d07e02-95a8-4e90-a66b-4351562683ec","2022-01-19 15:03:58.369"
"ALB","222.370","2","222.600","1","5","221.78","e1ae6ddc-c849-4372-93c4-20e7238f72b9","2022-01-19 15:03:58.369"
"ALB","222.130","3","222.480","1","5","221.78","94018dcd-646c-4687-8772-2c9c3093dd07","2022-01-19 15:03:58.369"
"ALB","222.060","2","222.450","2","5","221.78","cfb870bc-5a63-40a2-981c-8578cdf12827","2022-01-19 15:03:58.369"
"ALB","221.970","2","222.310","2","5","221.78","3ddbb60a-5e94-4291-a04a-48aadb8d4d35","2022-01-19 15:03:58.369"
"ALB","221.980","1","222.310","2","5","221.78","5159c997-286b-4cee-bb61-3c2cbc5500de","2022-01-19 15:03:58.369"
"ALB","221.990","1","222.310","2","5","221.78","1008e8a4-c216-4985-87ae-e3b7ca0ad21c","2022-01-19 15:03:58.369"
"ALB","221.910","4","222.310","2","5","221.78","7195489e-7850-48d4-98e2-0699070aad58","2022-01-19 15:03:58.369"
"ALB","222.060","1","222.290","2","5","221.78","0fa64ba7-1484-4adb-a543-2e441ebf6be4","2022-01-19 15:03:58.369"
"ALB","222.080","1","222.310","2","5","221.78","e0edd863-b331-4652-9a12-1f30cb03c276","2022-01-19 15:03:58.369"
"ALB","221.750","1","221.930","1","-5","221.95","f970340a-f9cf-4b5f-bba3-34f3aebd1ec0","2022-01-19 15:04:37.914"
"ALB","221.750","1","221.930","1","-5","221.95","d3d94b0c-58e5-40dc-8e0c-3ba101581417","2022-01-19 15:04:37.914"
"ALB","221.750","1","221.930","1","-5","221.95","06180b24-2cd0-4f88-a210-0c88f5e1c1ff","2022-01-19 15:04:37.914"
"ALB","221.750","1","221.930","1","-5","221.95","45987914-8124-4342-a8f7-1a77ca9ebb1e","2022-01-19 15:04:37.914"
"ALB","221.750","1","221.930","1","-5","221.95","3d1293de-c208-4047-864e-e0b10b519d5a","2022-01-19 15:04:37.914"
"ALB","221.750","1","221.930","1","-5","221.95","5aa40705-3875-4d16-8b7e-8cbce2eaab57","2022-01-19 15:04:37.914"
"ALB","221.850","1","222.160","4","-5","222.17","386afac7-30fb-46f7-8f64-af56608b3970","2022-01-19 15:05:06.602"
"ALB","221.850","1","222.160","4","-5","222.17","89467447-ce53-4a76-95e4-24b340b3ded6","2022-01-19 15:05:06.602"
"ALB","222.100","1","222.290","1","-5","222.29","c0660bc4-8b51-4c31-bd70-ee803e16b5d9","2022-01-19 15:05:25.157"
"ALB","222.100","1","222.290","1","-5","222.29","fccd3f44-2217-4e54-b5a4-a822d9a34f6a","2022-01-19 15:05:25.157"
"ALB","222.100","1","222.290","1","-5","222.29","a292f48f-134e-4376-9cd9-c4e3189b4833","2022-01-19 15:05:25.157"
"ALB","222.100","1","222.290","1","-5","222.29","1b8b26a4-976f-4ea5-b3c3-606db186144a","2022-01-19 15:05:25.157"
"ALB","222.270","1","222.440","2","-5","222.44","f4c76f7f-2b95-4a92-97d2-f95783107b81","2022-01-19 15:06:03.957"
"ALB","222.270","1","222.440","2","-5","222.44","1f7f3081-385b-4b59-abe1-8fed705fc447","2022-01-19 15:06:03.957"
"ALB","222.270","1","222.440","2","-5","222.44","87bde61b-30b8-4b3e-bf9b-1fc2309642cc","2022-01-19 15:06:03.957"
"ALB","222.270","1","222.440","2","-5","222.44","b984fbd2-a627-4b61-993d-5e4899b1f034","2022-01-19 15:06:03.957"
"ALB","222.450","1","222.680","1","-5","222.68","ac9ad6fb-3e3f-49a4-ac3d-e290223853df","2022-01-19 15:06:10.191"
"ALB","222.450","1","222.680","1","-5","222.68","4fb4b521-7c72-4cba-b9c1-a4cc68c92439","2022-01-19 15:06:10.191"
"ALB","222.450","1","222.680","1","-5","222.68","000a7dc9-0061-4035-a38c-203295f31ca4","2022-01-19 15:06:10.191"
"ALB","222.450","1","222.680","1","-5","222.68","0b9ee391-98b0-48b3-9a1e-99943fb976bb","2022-01-19 15:06:10.191"
"ALB","222.520","4","222.850","2","-5","222.85","10e8cce3-503c-48f9-b69b-3ddd37eabe0c","2022-01-19 15:06:44.192"
"ALB","222.580","3","222.860","1","-5","222.88","51d6bc14-f01e-4edb-8577-648567a132dc","2022-01-19 15:06:55.509"
"ALB","222.220","4","222.520","1","-5","222.60","5ff37866-a249-4b89-8288-5754343681ad","2022-01-19 15:08:08.097"
"ALB","222.980","1","223.160","2","5","222.05","1453c290-1634-4bbb-9b23-8d899eacd76f","2022-01-19 15:27:33.039"
"ALB","222.800","1","222.960","1","5","222.05","dc9a48b1-517e-42ca-b316-4dfc3817300a","2022-01-19 15:27:33.039"
"ALB","222.600","1","222.910","1","5","222.05","07789c24-689d-4812-adae-451c3ae1ca60","2022-01-19 15:27:33.039"
"ALB","222.530","2","222.850","2","5","222.05","e18c80cc-e99e-476e-8d77-d82e9c665d18","2022-01-19 15:27:33.039"
"ALB","223.070","2","223.310","2","5","221.97","2384a0ec-0bd0-4600-b944-ad16c2832987","2022-01-19 15:28:15.585"
"ALB","222.250","1","222.490","2","5","221.85","56e95b2f-8bc7-44f8-bccc-b1d98f74a604","2022-01-19 15:28:40.070"
"ALB","222.260","2","222.490","2","5","221.85","cf94aa45-c39b-4385-b4ba-a0abb4939bc2","2022-01-19 15:28:40.070"
"ALB","222.270","1","222.490","7","5","221.85","84a784f6-720e-40a0-9d64-4139f60f2b5c","2022-01-19 15:28:40.070"
"ALB","222.460","1","222.650","1","5","221.77","5602814e-340a-4306-a67e-d66a197a42b6","2022-01-19 15:29:00.894"
"ALB","222.470","1","222.700","5","5","221.77","dd066628-115c-49d0-9edf-981e67a68e15","2022-01-19 15:29:00.894"
"ALB","222.450","1","222.640","1","5","221.77","e676ee7c-5a1d-49f5-9248-57f60815369d","2022-01-19 15:29:00.894"
"ALB","222.480","1","222.740","2","5","221.77","064d8c6e-e42b-4227-8989-295b8eeca5d9","2022-01-19 15:29:00.894"
"ALB","222.400","1","222.640","1","5","221.77","54182244-9bc6-4136-b8e1-0dd81e7c70cd","2022-01-19 15:29:00.894"
"ALB","222.390","2","222.640","1","5","221.77","9f6dcb93-dc81-478b-860b-fe399cf5ca71","2022-01-19 15:29:00.894"
"ALB","222.490","1","222.660","1","5","221.77","db012eea-f069-473f-8289-9c03ab26bee1","2022-01-19 15:29:00.894"
"ALB","222.490","1","222.660","1","5","221.77","f545fac4-8b2d-43b0-b2b8-8b1e60fbbf5c","2022-01-19 15:29:00.894"
"ALB","222.450","1","222.670","1","5","221.77","62e2d1da-6adb-41cf-bc81-8dd024bdc5dc","2022-01-19 15:29:00.894"
"ALB","222.470","1","222.690","1","5","221.77","dcb57878-7a2d-442c-afa3-3971af292891","2022-01-19 15:29:00.894"
"ALB","221.550","2","221.720","1","-5","221.73","ce58ec30-42fb-44eb-824d-e2c4721bfb14","2022-01-19 15:30:23.980"
"ALB","221.550","2","221.720","1","-5","221.73","4ed41d5b-c285-45cd-8b6e-2ec4c87447d8","2022-01-19 15:30:23.980"
"ALB","221.550","2","221.720","1","-5","221.73","3494df4d-4235-4831-9109-90f192f6d7eb","2022-01-19 15:30:23.980"
"ALB","221.550","2","221.720","1","-5","221.73","9395f92b-0f99-4106-8afe-f6c0100a0e67","2022-01-19 15:30:23.980"
"ALB","221.880","1","222.160","2","5","221.43","ff37a4b5-446d-4780-8847-622d13d25886","2022-01-19 15:32:08.805"
"ALB","222.390","1","222.650","1","5","221.43","f9bf0865-662d-450b-ab2e-ea738df5c339","2022-01-19 15:32:08.805"
"ALB","222.320","2","222.640","1","5","221.43","e09b0dc2-8901-4b08-be36-f211777e1088","2022-01-19 15:32:08.805"
"ALB","222.390","1","222.760","4","5","221.43","3c72a975-8511-45ef-8159-d7f0bbaed81d","2022-01-19 15:32:08.805"
"ALB","222.390","1","222.750","2","5","221.43","16bb6c70-3dfd-4b17-b61b-61c56c6924b3","2022-01-19 15:32:08.805"
"ALB","222.390","1","222.740","2","5","221.43","44f7b2fc-b031-402b-844b-1e668997448c","2022-01-19 15:32:08.805"
"ALB","222.390","1","222.740","2","5","221.43","86bb5d56-b399-47e0-b43a-bc86a83ea782","2022-01-19 15:32:08.805"
"ALB","221.550","5","221.860","1","5","221.32","7a8e80e5-6815-4426-927e-545c17270097","2022-01-19 15:32:09.886"
"ALB","221.550","5","221.750","1","5","221.32","49019afd-4feb-490c-90e9-007538b5a569","2022-01-19 15:32:09.886"
"ALB","221.760","4","222.080","3","5","221.32","1c3a91d1-5048-4908-acb0-892b50fd7c76","2022-01-19 15:32:09.886"
"ALB","221.840","1","222.120","2","5","221.32","bd6bd461-3aeb-431c-853c-2fe6ae475c08","2022-01-19 15:32:09.886"
"ALB","221.150","1","221.270","1","-125","221.15","e93cf486-f984-4bbc-886e-3a923faa4106","2022-01-19 15:48:00.006"
"ALC","79.080","7","79.150","1","15","78.94","a3d8a705-4e20-4762-aa60-af0bdd8d1bd3","2022-01-19 10:00:35.874"
"ALC","79.080","7","79.150","1","15","78.94","9b3f8437-05e7-4eb1-bd86-49108c61df35","2022-01-19 10:00:35.874"
"ALC","79.080","9","79.150","1","15","78.94","42b19c5a-cf08-4182-af3a-d39ca8f79814","2022-01-19 10:00:35.874"
"ALC","79.080","9","79.150","1","15","78.94","a1ac49a5-d7e8-4a41-9fca-8851fbc295b0","2022-01-19 10:00:35.874"
"ALC","79.000","7","79.070","2","-15","79.07","bc979e3c-c1ee-464b-aca2-ae08c8911d7d","2022-01-19 10:03:43.833"
"ALC","79.000","7","79.070","2","-15","79.07","c96c8787-b0aa-4259-9933-d37a747a2036","2022-01-19 10:03:43.833"
"ALC","79.060","9","79.130","1","-15","79.13","99c6d297-6045-40dd-b56d-8980851a81dc","2022-01-19 10:04:01.127"
"ALC","79.200","7","79.250","2","-15","79.25","e9498c7f-21dd-4f15-8062-b361025f0c64","2022-01-19 10:05:32.764"
"ALC","79.250","1","79.290","1","15","79.02","5206454c-1526-4e20-8869-c12bced6b74d","2022-01-19 10:38:43.759"
"ALC","79.280","7","79.320","3","15","79.02","9b50a012-5115-4637-80fe-8b157d154241","2022-01-19 10:38:43.759"
"ALC","79.280","7","79.320","3","15","79.02","eddac73e-f2c3-4351-bce8-2b6cf1c18247","2022-01-19 10:38:43.759"
"ALC","79.260","7","79.320","9","15","79.02","7e105ad1-c818-4df8-9aed-3a96f4b85975","2022-01-19 10:38:43.759"
"ALC","79.260","7","79.320","8","15","79.02","9293bd5a-4072-486c-9945-6140918d6ee0","2022-01-19 10:38:43.759"
"ALC","79.340","7","79.390","1","15","78.98","45386f9d-8fda-4c5b-89e7-3ae2added12a","2022-01-19 10:39:30.066"
"ALC","79.220","7","79.280","3","15","78.98","185cce20-7407-4ddd-9bfa-faf60cdd7389","2022-01-19 10:39:30.066"
"ALC","78.860","7","78.910","2","-15","78.91","00e22017-c0d0-40d8-8e2f-f9bb990fd056","2022-01-19 10:43:43.226"
"ALC","78.860","7","78.910","2","-15","78.91","99e6c4f2-3010-47dd-a62d-17698690c399","2022-01-19 10:43:43.226"
"ALC","78.860","7","78.910","2","-15","78.91","e5813a56-743a-4b42-89c3-8db983c7cc9b","2022-01-19 10:43:43.226"
"ALC","78.860","7","78.910","2","-15","78.91","83786b9e-1ef4-4c64-bbd6-3c7a7243b9f4","2022-01-19 10:43:43.226"
"ALC","78.860","7","78.910","3","-15","78.91","6452062e-aa57-4bd0-9795-ef8c379915ed","2022-01-19 10:44:23.219"
"ALC","78.860","7","78.910","3","-15","78.91","084b8d08-64c6-4b40-a8e5-430301bec232","2022-01-19 10:44:23.219"
"ALC","78.860","9","78.910","3","-15","78.91","60413bce-77a4-423c-a49d-f9de18038fae","2022-01-19 10:44:23.219"
"ALC","78.880","7","78.950","4","15","78.95","b3977f43-2e2f-4c46-a8ea-858b798b058b","2022-01-19 10:48:00.006"
"ALC","78.860","7","78.920","9","-15","78.92","688fe8dd-d44e-4656-a86f-ba2598bd70ef","2022-01-19 10:51:10.781"
"ALC","78.920","9","78.980","1","15","78.98","834ecdc5-5c81-4b7b-af24-6d08fdbd8105","2022-01-19 10:52:30.006"
"ALC","78.800","7","78.860","1","-15","78.86","e023c388-f0ed-4747-94a3-8b22d4a3b99a","2022-01-19 10:59:49.759"
"ALC","78.980","7","79.040","1","15","78.80","a4c7f3d2-8cb1-4e14-b183-1c22cf6c73ea","2022-01-19 11:00:57.984"
"ALC","79.020","7","79.070","1","15","78.80","21eea709-4474-47f3-ab83-523e9095f408","2022-01-19 11:00:57.984"
"ALC","79.040","9","79.070","1","15","78.80","b22c0aaa-ff71-456b-89c0-17b520bfa662","2022-01-19 11:00:57.984"
"ALC","79.040","8","79.140","7","15","78.80","a38cf5b4-afff-4e81-be0b-31a7255d4b34","2022-01-19 11:00:57.984"
"ALC","79.040","8","79.140","7","15","78.80","35f8562a-96e2-48df-9f6c-e53aef1b38b7","2022-01-19 11:00:57.984"
"ALC","79.040","7","79.120","9","15","78.80","1f8449cb-0fa7-44eb-990a-16e252d97889","2022-01-19 11:00:57.984"
"ALC","79.040","7","79.120","9","15","78.80","40f3812c-f096-4f02-8388-f53ef9305288","2022-01-19 11:00:57.984"
"ALC","79.040","7","79.120","9","15","78.80","4ce100b2-688e-45c6-95d2-1b3a1deed469","2022-01-19 11:00:57.984"
"ALC","79.040","7","79.120","9","15","78.80","4be6c9e2-8a87-4455-84a2-82ea44889865","2022-01-19 11:00:57.984"
"ALC","79.020","10","79.100","7","15","78.80","a57923d8-c133-48eb-9a8b-b8fabe6afe64","2022-01-19 11:00:57.984"
"ALC","79.080","7","79.160","8","15","78.80","d564337f-5f26-4e7d-9d88-729d55a37a0d","2022-01-19 11:00:57.984"
"ALC","78.700","6","78.760","2","-15","78.76","58630638-2cf0-4854-9c6f-b50796166c3b","2022-01-19 11:03:32.654"
"ALC","78.700","6","78.760","2","-15","78.76","ed38cbf4-1a02-4773-99af-62565b34778f","2022-01-19 11:03:32.654"
"ALC","78.700","6","78.760","2","-15","78.76","79acbcef-522b-4b00-a49c-4e4abd6fd7b1","2022-01-19 11:03:32.654"
"ALC","78.700","6","78.760","2","-15","78.76","5aff8193-dd9a-4152-9565-d2bac616853c","2022-01-19 11:03:32.654"
"ALC","78.700","6","78.760","2","-15","78.76","8ae52c8c-d9ba-47b2-a870-c55df7607ff8","2022-01-19 11:03:32.654"
"ALC","78.720","7","78.760","2","-15","78.76","6ffccf3c-e6d6-45f1-8d0a-3bad99e57710","2022-01-19 11:03:48.952"
"ALC","78.720","7","78.760","2","-15","78.76","aa3d1b76-012c-4b9d-ab5b-3ae1ed602381","2022-01-19 11:03:48.952"
"ALC","78.720","7","78.760","2","-15","78.76","cf704cbf-a4e6-47c5-96ae-5972881fcd18","2022-01-19 11:03:48.952"
"ALC","78.540","7","78.610","3","-15","78.61","3f4fd201-49bd-4bd5-906f-563e340c9293","2022-01-19 11:05:59.971"
"ALC","78.540","7","78.610","3","-15","78.61","cab4db93-ab01-46e6-b552-ad2ed9f29ef2","2022-01-19 11:05:59.971"
"ALC","78.540","9","78.610","3","-15","78.61","9e9513b0-84e1-413b-a498-84334cf02c02","2022-01-19 11:05:59.971"
"ALC","78.660","4","78.690","3","15","78.53","c15fb024-fe0c-443e-a83f-5b87ebcde95f","2022-01-19 11:44:44.991"
"ALC","78.660","5","78.730","1","15","78.53","012cffdf-a4fc-4cd8-81f7-f6258d3a90f0","2022-01-19 11:44:44.991"
"ALC","78.720","3","78.740","1","15","78.53","4b7207b7-bd1d-40ee-925d-59120f9e4cc2","2022-01-19 11:44:44.991"
"ALC","78.740","3","78.760","2","15","78.53","8c3c3703-d3e1-4aab-8f90-e57ca035b87a","2022-01-19 11:44:44.991"
"ALC","78.840","2","78.850","3","15","78.53","bbe93f67-c880-49cd-a751-6779ec81fd8e","2022-01-19 11:44:44.991"
"ALC","78.830","1","78.900","2","15","78.53","9e731e89-738b-4c32-84e5-71629c2f22ba","2022-01-19 11:44:44.991"
"ALC","78.840","1","78.900","2","15","78.53","0a04392a-7b97-4fc5-b0f8-b34abb97cf4d","2022-01-19 11:44:44.991"
"ALC","78.840","1","78.900","2","15","78.53","dd72b4a6-2cd4-4b92-b478-6d8e9a843921","2022-01-19 11:44:44.991"
"ALC","78.840","2","78.900","2","15","78.53","e979faa4-3333-4e99-907c-103fa71da082","2022-01-19 11:44:44.991"
"ALC","78.840","3","78.900","2","15","78.53","d6556bea-9c0f-4eda-b92b-269fed486649","2022-01-19 11:44:44.991"
"ALC","78.650","2","78.840","1","15","78.53","1e37879f-4847-4b56-adc8-a13d723828d5","2022-01-19 11:44:44.991"
"ALC","78.650","2","78.840","1","15","78.53","9a729d12-d75d-4f81-9702-fd5497f60c78","2022-01-19 11:44:44.991"
"ALC","78.640","1","78.710","1","-15","78.71","2f7be5ab-f9c7-414b-8363-6dc0a209cf59","2022-01-19 11:48:20.411"
"ALC","78.640","1","78.710","1","-15","78.71","181f422d-7373-433f-a806-8decf88c2f73","2022-01-19 11:48:20.411"
"ALC","78.640","1","78.710","1","-15","78.71","ea769179-611c-4bfd-9f38-2b7d97113384","2022-01-19 11:48:20.411"
"ALC","78.640","1","78.710","1","-15","78.71","57bf85da-25b1-4289-a111-7ec337c53eec","2022-01-19 11:48:20.411"
"ALC","78.560","1","78.620","3","-15","78.62","9b10101b-e3c6-43c9-a0d7-71240709a0bc","2022-01-19 11:51:23.957"
"ALC","78.560","1","78.620","4","-15","78.62","e240df2e-6802-49b3-acc1-9b382ec56698","2022-01-19 11:51:36.733"
"ALC","78.560","1","78.620","4","-15","78.62","6930c255-203b-4820-92d1-0fd5d020286b","2022-01-19 11:51:36.733"
"ALC","78.560","1","78.620","4","-15","78.62","e374800e-4f2c-4ed3-a42a-22dcbf7cf0d4","2022-01-19 11:51:36.733"
"ALC","78.560","1","78.620","4","-15","78.62","3e29e794-0f4c-4559-9f49-6538e3261d9c","2022-01-19 11:51:36.733"
"ALC","78.580","1","78.620","3","-15","78.62","f0af48f2-e977-4ee4-b6ff-54bb43330088","2022-01-19 11:51:50.459"
"ALC","78.540","2","78.620","1","-15","78.62","780935e0-3805-4e63-bcd8-68f176a8b53d","2022-01-19 11:53:06.773"
"ALC","78.600","1","78.640","3","-15","78.65","fa68f848-cf20-4f75-a825-d045ad8bedf0","2022-01-19 11:53:22.930"
"ALC","78.630","5","78.660","1","15","78.59","8207e0ca-1e4a-42e5-a9f8-e2beefcac9b5","2022-01-19 12:10:31.896"
"ALC","78.740","3","78.810","2","-15","78.81","00726fd7-49f2-4fad-93c1-554f9318759b","2022-01-19 12:14:26.727"
"ALC","78.820","1","78.920","3","15","78.77","58a78078-28a5-4f9e-b5c4-47f17e95c7ee","2022-01-19 12:40:58.174"
"ALC","78.820","1","78.920","3","15","78.77","cb038c3b-8130-4872-94ce-3ef61f36801c","2022-01-19 12:40:58.174"
"ALC","78.850","5","78.910","1","15","78.77","16740401-bfdd-4e14-933e-5b2d8a483112","2022-01-19 12:40:58.174"
"ALC","78.850","5","78.910","2","15","78.77","a1ee4718-0c93-4a8f-b64f-81ebb3e2940a","2022-01-19 12:40:58.174"
"ALC","78.840","1","78.880","1","15","78.77","802efdc8-da84-4f33-bda8-182376433c92","2022-01-19 12:40:58.174"
"ALC","78.840","1","78.870","2","15","78.77","709ff26c-a381-4154-b501-d9ba987fd1e4","2022-01-19 12:40:58.174"
"ALC","78.840","1","78.870","2","15","78.77","5f8cf031-3045-4361-a3fd-e6de73788ba1","2022-01-19 12:40:58.174"
"ALC","78.840","1","78.870","2","15","78.77","6a080f9d-a8ca-4ab6-9f78-1f0db49d7983","2022-01-19 12:40:58.174"
"ALC","78.820","1","78.920","3","15","78.74","f5c20c5b-4c7a-46ce-afba-c1616bac1039","2022-01-19 12:40:58.514"
"ALC","78.890","6","78.920","1","15","78.61","7f275e4c-ed32-4f8f-9af1-c4b7efe761ef","2022-01-19 12:41:37.965"
"ALC","78.610","5","78.720","1","-15","78.72","21604e77-5b2b-4ba9-9211-fdf90af3fd8d","2022-01-19 12:43:35.377"
"ALC","78.610","5","78.720","1","-15","78.72","51723f00-dade-44ae-b682-19398cdfdbcb","2022-01-19 12:43:35.377"
"ALC","78.610","5","78.720","1","-15","78.72","3bc5b7ce-9d74-4032-af15-b0c65235dfdb","2022-01-19 12:43:35.377"
"ALC","78.620","3","78.720","1","-15","78.72","bb97bc86-5d0f-44a2-b7fa-70722b077b9d","2022-01-19 12:43:35.377"
"ALC","78.620","3","78.720","1","-15","78.72","f739c322-1a41-45a5-a7de-7d57c4b5549a","2022-01-19 12:43:35.377"
"ALC","78.620","3","78.720","1","-15","78.72","dcee7c69-e4b1-44c3-918a-6be5b8bf3583","2022-01-19 12:43:35.377"
"ALC","78.620","3","78.720","1","-15","78.72","27930be2-4463-453c-9ed7-d83dd55280e7","2022-01-19 12:43:35.377"
"ALC","78.620","3","78.720","1","-15","78.72","194f720e-8256-4ab0-8d76-38a5a2613964","2022-01-19 12:43:35.377"
"ALC","78.620","3","78.720","1","-15","78.72","959cd9f2-0706-474e-82bf-14d9cd6fd06c","2022-01-19 12:43:35.377"
"ALC","78.620","3","78.720","1","-15","78.72","e70df4bc-24af-4bb0-9880-24a1ec5f83b2","2022-01-19 12:43:35.377"
"ALC","78.680","1","78.760","2","15","78.55","6cfe2132-4388-41d5-ad91-f5a8ee594f7b","2022-01-19 13:00:54.937"
"ALC","78.780","3","78.860","2","15","78.55","36d7a510-919a-4509-9c2f-da794bad77c6","2022-01-19 13:00:54.937"
"ALC","78.780","3","78.860","1","15","78.51","4558743d-622f-4911-9986-208664a199ac","2022-01-19 13:00:55.087"
