"Symbol","Bid","Bid Sz","Ask","Ask Sz","Shares","Price","Order ID","Timestamp"
"AA","64.030","8","64.080","2","18","64.08","c42bc129-ff51-4849-bea0-ee31093d2b17","2022-02-07 09:52:20.006"
"AA","64.160","3","64.190","2","-18","64.19","a0bff003-0927-4e84-bbb1-dfa69b584953","2022-02-07 09:53:40.526"
"AA","64.030","3","64.070","2","18","63.96","135cae7c-9283-4121-b117-710ab1adf664","2022-02-07 10:13:30.447"
"AA","64.060","6","64.090","4","-18","64.09","013858fe-fc7a-4233-ba79-843b479bc66f","2022-02-07 10:13:58.222"
"AA","64.160","2","64.200","1","18","63.67","b717d20b-875e-4271-b93a-173989e93c2b","2022-02-07 10:25:01.129"
"AA","64.170","3","64.210","2","18","63.67","094eb92f-7e89-4a78-9559-9717c77367af","2022-02-07 10:25:01.129"
"AA","64.190","4","64.220","1","18","63.67","5285c25f-e922-41a7-a892-cec4750936d2","2022-02-07 10:25:01.129"
"AA","63.690","6","63.720","1","-18","63.72","6a37439b-e885-43c5-84fd-399812ebd9d4","2022-02-07 10:25:52.206"
"AA","63.690","6","63.720","1","-18","63.72","7e959b40-b199-4d94-888c-f6118e5b0848","2022-02-07 10:25:52.206"
"AA","64.060","5","64.090","2","18","63.63","92d57221-323a-4476-b41d-f5faeda03ebe","2022-02-07 10:26:13.006"
"AA","64.150","4","64.200","5","18","63.63","82d08178-769f-4fa9-89b7-cba63f7bd12d","2022-02-07 10:26:13.006"
"AA","64.230","5","64.270","4","18","63.63","4e315502-dae6-4886-831c-33c7758d7ebe","2022-02-07 10:26:13.006"
"AA","64.170","1","64.210","4","18","63.63","b9eac728-c155-4a4a-954c-3033f9b1f1e3","2022-02-07 10:26:13.006"
"AA","64.200","1","64.240","2","18","63.63","7a253925-eb54-4877-9a16-70fcf107c187","2022-02-07 10:26:13.006"
"AA","64.230","7","64.270","3","18","63.63","c1c8ec5f-5cd9-417f-9984-bf1386547ce5","2022-02-07 10:26:13.006"
"AA","64.320","2","64.340","2","18","63.63","35d89539-8f5a-42d6-8e90-ed9c3f406d37","2022-02-07 10:26:13.006"
"AA","63.590","1","63.610","1","-18","63.61","652933f3-f85b-4906-ab23-c577106d7619","2022-02-07 10:27:42.236"
"AA","63.590","1","63.610","1","-18","63.61","3f91dcf8-b0f7-4bbe-8bb2-4a4d5388f6b2","2022-02-07 10:27:42.236"
"AA","63.590","1","63.620","1","-18","63.62","28d2d4be-c6e1-4075-8402-752ff1766477","2022-02-07 10:27:42.236"
"AA","63.590","1","63.620","1","-18","63.62","613fb4bc-5a21-41c8-aac5-ebbfbccbb7d2","2022-02-07 10:27:42.236"
"AA","63.590","1","63.620","1","-18","63.62","2a9ba3ef-0440-4170-8f41-486a5bab6c9e","2022-02-07 10:27:42.236"
"AA","63.590","1","63.620","1","-18","63.62","eedcef64-a0ee-455f-bafe-db989808478e","2022-02-07 10:27:42.236"
"AA","63.610","1","63.630","1","-18","63.63","51051ec6-f9da-43a5-8b75-802b6cdc1d9b","2022-02-07 10:27:50.922"
"AA","63.680","1","63.710","1","-18","63.73","06f2ec98-7176-4c83-8356-a3cf83e30567","2022-02-07 10:32:51.882"
"AA","63.760","3","63.800","4","18","63.80","51808a5b-eea2-4ab0-9d9e-154fa1ced408","2022-02-07 10:33:30.006"
"AA","63.950","3","63.980","1","-18","63.98","5b54ed57-1283-4b98-a9e5-d8fff994530b","2022-02-07 10:33:56.859"
"AA","64.120","4","64.160","4","18","63.88","ef64b566-ea05-4039-8bff-13fe0b9cecf6","2022-02-07 10:36:30.765"
"AA","64.100","1","64.130","2","18","63.88","d29d92e1-e14d-4dd0-b98d-c896fb56fe27","2022-02-07 10:36:30.765"
"AA","64.100","5","64.140","4","18","63.88","b19d5264-6bc3-4c2f-bf4c-6602e81295f9","2022-02-07 10:36:30.765"
"AA","64.100","5","64.130","2","18","63.88","95b2c630-2aa6-43b1-b959-15189e87e92d","2022-02-07 10:36:30.765"
"AA","63.580","3","63.620","7","-18","63.62","f1b87c04-3753-47f0-a76f-92853cbdc30f","2022-02-07 10:38:10.884"
"AA","63.630","1","63.650","1","-18","63.65","e9871541-6af2-4ccf-ad82-780a691258b5","2022-02-07 10:38:19.081"
"AA","63.650","3","63.700","5","-18","63.70","bf51bbf3-3594-4064-a9f8-53299d0fac3d","2022-02-07 10:38:19.605"
"AA","63.650","3","63.700","5","-18","63.70","aeb16e52-2d3e-4d90-b36b-cb672c346b82","2022-02-07 10:38:19.605"
"AA","63.670","1","63.710","5","18","63.71","0def9d85-f9a6-4c15-af40-8128017a0982","2022-02-07 10:38:30.006"
"AA","63.160","6","63.200","5","-18","63.20","2d77b4b7-9635-4dff-90d4-9573d63ec43c","2022-02-07 10:42:09.190"
"AA","63.340","1","63.380","1","18","63.38","3ed660b9-2499-47d9-bed1-0c9c13f9118f","2022-02-07 10:50:00.006"
"AA","63.270","1","63.320","3","-18","63.32","27c60f3b-3f71-41b8-9bf8-a1e91576dd13","2022-02-07 10:51:18.057"
"AA","63.400","2","63.440","1","18","63.44","a3704f75-6453-4b72-9e3b-1b2c35aa28f7","2022-02-07 10:53:00.006"
"AA","63.290","1","63.320","2","-18","63.32","09002f05-9850-4214-baca-982ecf08f1db","2022-02-07 10:55:54.421"
"AA","63.430","1","63.470","2","18","63.15","6b6a3b8a-c181-42eb-bd71-cd031fdd0df7","2022-02-07 11:04:32.500"
"AA","63.400","1","63.440","1","18","63.15","5d3ead99-ad20-4935-8bf1-d246458f6c73","2022-02-07 11:04:32.500"
"AA","63.400","1","63.440","1","18","63.15","0bbf89a9-b2bd-414a-83a4-85e6a2f7ee9e","2022-02-07 11:04:32.500"
"AA","63.470","1","63.500","4","18","63.15","c32f5090-a86c-419f-ab5e-f3706dc974e9","2022-02-07 11:04:32.500"
"AA","63.470","1","63.500","3","18","63.15","2cde5516-b675-40fe-8846-19f306a89fff","2022-02-07 11:04:32.500"
"AA","63.470","1","63.500","4","18","63.15","ca83831c-691d-4c94-bd56-3065d787ffbc","2022-02-07 11:04:32.500"
"AA","63.470","1","63.500","5","18","63.15","ab59d090-2af7-4871-999a-819833710c77","2022-02-07 11:04:32.500"
"AA","63.520","6","63.560","2","18","63.15","d4a1475d-e0e0-4250-9efe-b44e31d48d89","2022-02-07 11:04:32.500"
"AA","63.570","6","63.620","6","18","63.15","a5730678-6120-4225-b7e9-5c72bb6bba1f","2022-02-07 11:04:32.500"
"AA","63.190","1","63.230","1","-18","63.23","98488271-260e-40ff-820e-fe0ae282e3a0","2022-02-07 11:04:57.090"
"AA","63.190","1","63.230","1","-18","63.23","f07d3103-61c5-4ba8-a5da-ea906de6481b","2022-02-07 11:04:57.090"
"AA","63.190","1","63.230","1","-18","63.23","56b07d5a-7bc0-468d-a923-05d7d5157904","2022-02-07 11:04:57.090"
"AA","63.190","1","63.230","1","-18","63.23","a7262aad-113d-454d-8e8e-d6c3c73588ea","2022-02-07 11:04:57.090"
"AA","63.190","1","63.230","1","-18","63.23","31ae8d92-d9ee-4a41-8e41-0ff28bd274e5","2022-02-07 11:04:57.090"
"AA","63.150","5","63.190","1","-18","63.19","463c3b6f-bd18-4652-ae2b-d23c4647fe6c","2022-02-07 11:05:13.271"
"AA","63.170","2","63.200","1","-18","63.20","aaac93b9-b55b-4279-b82c-c0c4eb7d302e","2022-02-07 11:05:23.406"
"AA","63.150","5","63.210","3","-18","63.21","ec001f59-1e83-40c7-af18-5750f4815c94","2022-02-07 11:05:40.101"
"AA","63.180","2","63.220","1","-18","63.22","730433b2-7849-4435-8e66-df2c3fe006be","2022-02-07 11:05:40.149"
"AA","63.970","4","64.010","1","18","63.68","ce0d91e2-f8fc-4123-b634-460d9f68f4ce","2022-02-07 11:42:18.762"
"AA","63.980","4","64.000","1","18","63.68","91ff4e62-f914-43a6-8b26-b22fbddcc41c","2022-02-07 11:42:18.762"
"AA","63.980","1","64.010","5","18","63.68","4bcc887c-df0f-4bb2-bc04-57b272dcfea7","2022-02-07 11:42:18.762"
"AA","63.980","2","64.020","2","18","63.68","c7f0a878-9d9e-4de5-a818-de67a190d081","2022-02-07 11:42:18.762"
"AA","63.930","5","63.960","1","18","63.68","5ba3ae36-a87f-4c79-a376-86208c713f15","2022-02-07 11:42:18.762"
"AA","63.880","2","63.900","1","18","63.68","2a616631-3606-47e5-9431-b2fadc55b77a","2022-02-07 11:42:18.762"
"AA","63.830","1","63.860","1","18","63.68","87c607dd-ec56-447c-a837-47cbbdffcbdc","2022-02-07 11:42:18.762"
"AA","63.820","2","63.850","1","18","63.68","5502b0ba-5870-48cf-8022-fc7a10511f70","2022-02-07 11:42:18.762"
"AA","63.840","1","63.860","1","18","63.68","0e8da2c0-3557-4999-a370-4ff1af6dbd28","2022-02-07 11:42:18.762"
"AA","63.950","1","63.990","1","18","63.65","74a60a55-e866-4aad-b12b-8d632aad0e3d","2022-02-07 11:42:25.930"
"AA","63.960","2","64.000","6","18","63.65","eb718068-ac9f-4c26-90f6-ba6a88901c9d","2022-02-07 11:42:25.930"
"AA","63.890","5","63.940","1","18","63.65","ced5f22a-4755-4d6d-a370-faa4ab8d67f7","2022-02-07 11:42:25.930"
"AA","63.900","5","63.940","1","18","63.65","70c24934-266a-4a18-aa60-d135422030c9","2022-02-07 11:42:25.930"
"AA","63.970","5","64.000","2","18","63.65","681e8a28-233c-412b-96d7-81a2bbcca857","2022-02-07 11:42:25.930"
"AA","63.660","1","63.680","1","-18","63.68","2feb20d3-8b21-4adc-8fe1-227917c81bf9","2022-02-07 11:42:54.272"
"AA","63.640","1","63.690","5","-18","63.69","8d1d2a90-6860-45e8-93e6-9b8d2305e414","2022-02-07 11:42:54.322"
"AA","63.640","1","63.690","5","-18","63.69","9e989d4b-3377-4843-ad2c-62f9a1712030","2022-02-07 11:42:54.322"
"AA","63.640","1","63.690","5","-18","63.69","0637df4f-abcc-48f6-b39f-653f15777952","2022-02-07 11:42:54.322"
"AA","63.640","1","63.690","5","-18","63.69","7f7b0b54-97f0-4e5d-ae6a-1aec6e3899aa","2022-02-07 11:42:54.322"
"AA","63.640","1","63.690","5","-18","63.69","0b3ed898-11e7-46d2-af86-d51102f81e07","2022-02-07 11:42:54.322"
"AA","63.660","1","63.690","3","-18","63.69","10ed01ea-c48b-45ab-bf83-65db3f0ab2fc","2022-02-07 11:42:54.322"
"AA","63.660","1","63.690","3","-18","63.69","a4b53767-ac49-4d44-b97c-db3264517493","2022-02-07 11:42:54.322"
"AA","63.700","6","63.740","1","-18","63.75","c23b109a-cea0-4dce-92c2-83daca82ab17","2022-02-07 11:43:06.854"
"AA","63.540","2","63.570","1","-18","63.58","69be9545-2489-4335-ba9c-694b148c83c9","2022-02-07 11:43:50.721"
"AA","63.540","2","63.570","1","-18","63.58","07f3885f-a22c-41ea-be46-d8700dc7dec4","2022-02-07 11:43:50.721"
"AA","63.560","4","63.600","1","-18","63.62","6c65e83e-141e-4ad3-9af1-ce59e9014a4f","2022-02-07 11:44:00.041"
"AA","63.560","4","63.600","1","-18","63.62","bd094ea2-fa19-4bf5-a26e-f62b5ca1ecd8","2022-02-07 11:44:00.041"
"AA","63.500","5","63.540","1","-18","63.54","9e625aa6-f2e1-4983-a5fc-bdb5eda8a78a","2022-02-07 11:44:15.997"
"AA","63.620","1","63.650","150","18","63.65","a435813c-5da5-434c-adf8-9c48fefe4f7a","2022-02-07 11:49:30.006"
"AA","63.460","1","63.500","1","18","63.29","825d85fd-e0bb-4c52-b911-041bc2b778d5","2022-02-07 12:01:38.894"
"AA","63.470","1","63.500","1","18","63.29","412e8298-b592-485a-be6f-8b7769c57214","2022-02-07 12:01:38.894"
"AA","63.470","2","63.490","1","18","63.29","74468192-2105-4383-a80a-61f1a11bff30","2022-02-07 12:01:38.894"
"AA","63.470","2","63.500","1","18","63.29","e7a81244-cd99-4336-b3f0-add9140b63e6","2022-02-07 12:01:38.894"
"AA","63.420","4","63.450","1","18","63.29","a6028e11-adae-4123-9aea-3492c8b438cd","2022-02-07 12:01:38.894"
"AA","63.470","1","63.500","5","18","63.29","47253655-075e-4657-95e7-4ecd425521b1","2022-02-07 12:01:38.894"
"AA","63.450","1","63.500","1","18","63.29","b9c2327a-5e91-4222-84f8-2d1d699a0f65","2022-02-07 12:01:38.894"
"AA","63.500","2","63.530","1","18","63.29","c0dfa5da-0ea6-4f08-a615-5d915e4793c4","2022-02-07 12:01:38.894"
"AA","63.500","2","63.530","2","18","63.29","988d9bb5-3085-4c97-af27-95dfb6f7891c","2022-02-07 12:01:38.894"
"AA","63.510","1","63.530","2","18","63.29","e7b96fbd-f3e7-4810-a2b9-c05f5039ea48","2022-02-07 12:01:38.894"
"AA","63.310","1","63.330","1","-18","63.33","159156dc-f833-40cd-9bb9-9d071cc7efbe","2022-02-07 12:02:23.183"
"AA","63.310","1","63.330","1","-18","63.33","4a2a3176-689d-4283-84ad-f72e98b85fc0","2022-02-07 12:02:23.183"
"AA","63.310","1","63.330","1","-18","63.33","81e90c8b-0a55-432b-b559-99baffd1a728","2022-02-07 12:02:23.183"
"AA","63.310","1","63.330","1","-18","63.33","92d7a387-0f27-42d3-8148-328ca01c5272","2022-02-07 12:02:23.183"
"AA","63.310","1","63.330","1","-18","63.33","92a0e36c-4cdd-4f81-9edf-a16632b05d2f","2022-02-07 12:02:23.183"
"AA","63.310","1","63.330","1","-18","63.33","bc49b8c6-0139-4225-b6ed-21639ab2f2b7","2022-02-07 12:02:23.183"
"AA","63.300","4","63.330","3","-18","63.33","0df4adbd-2e5c-45be-88e3-e59b02b4e793","2022-02-07 12:03:04.998"
"AA","63.300","4","63.330","3","-18","63.33","3a40ed69-a7bc-4d76-a4bc-1d6ce8fb5e7b","2022-02-07 12:03:04.998"
"AA","63.310","5","63.340","2","-18","63.34","86ead45f-9407-404e-86c3-33b619e7044e","2022-02-07 12:03:05.535"
"AA","63.310","5","63.340","2","-18","63.34","cccca71c-565f-4352-88a4-8a26516b7f73","2022-02-07 12:03:05.535"
"AA","63.320","2","63.350","1","-18","63.35","5d3241f1-d43b-4656-b2fb-11b0dfab40dc","2022-02-07 12:03:14.473"
"AA","63.390","2","63.420","1","18","63.25","26eb5be9-297b-4f4b-b459-22b111e134c1","2022-02-07 12:09:46.925"
"AA","63.230","5","63.250","1","-18","63.25","9474a967-9fb7-487b-957b-e7411341a2a4","2022-02-07 12:10:02.836"
"AA","63.230","1","63.260","1","18","63.26","15410cd6-f767-470c-a89c-f6a18de98a2a","2022-02-07 12:23:00.006"
"AA","63.100","1","63.130","1","-18","63.13","c85a0dd4-84c7-465a-9f99-955ff286e6cf","2022-02-07 12:29:03.509"
"AA","63.290","6","63.330","2","18","63.22","a7065d00-b7dd-4550-86e7-5e657681853c","2022-02-07 12:38:55.716"
"AA","63.280","3","63.310","2","18","63.22","535d7777-7b72-4a1c-8b1d-f7f3d8f1f4c5","2022-02-07 12:38:55.716"
"AA","63.280","1","63.310","6","18","63.22","5a8a03f7-f063-4c06-85e9-ffbd6961eee7","2022-02-07 12:38:55.716"
"AA","63.320","4","63.360","4","18","63.21","ea7402da-a367-4076-b3dd-1878939addfe","2022-02-07 12:38:56.929"
"AA","63.360","5","63.390","1","18","63.21","bb895072-5349-402d-b9b5-9154ea340f47","2022-02-07 12:38:56.929"
"AA","63.340","2","63.360","2","18","63.21","d58c888c-903f-4a65-962a-df465c8e5ce9","2022-02-07 12:38:56.929"
"AA","63.260","5","63.290","1","18","63.21","a0bb021f-ab12-4213-8897-0b3181912495","2022-02-07 12:38:56.929"
"AA","63.270","4","63.300","1","18","63.21","a0d52912-aedb-4f27-babe-4f5ded89999e","2022-02-07 12:38:56.929"
"AA","63.320","5","63.340","3","18","63.18","fa1daa01-9f71-4675-bee2-5a7bdcc5301d","2022-02-07 12:39:05.119"
"AA","63.250","4","63.270","1","18","63.16","478f6050-9a41-4941-b2ef-cae6e3542841","2022-02-07 12:39:08.266"
"AA","63.270","5","63.290","2","18","63.16","7dd02fe7-2006-471b-a3ee-12942f5ca7c6","2022-02-07 12:39:08.266"
"AA","63.320","7","63.340","1","18","63.16","362081c6-085f-46d7-b4d5-0ab00b2405c4","2022-02-07 12:39:08.266"
"AA","63.340","1","63.360","1","18","63.16","59270d84-ac40-41ed-996f-6ddc925214cc","2022-02-07 12:39:08.266"
"AA","63.320","1","63.350","2","18","63.16","982a7c3a-151a-49cf-9b6f-47da37da7f88","2022-02-07 12:39:08.266"
"AA","63.130","6","63.160","1","-18","63.16","e33fee1b-11e8-4222-be1d-248974c7e094","2022-02-07 12:39:20.076"
"AA","63.130","6","63.160","1","-18","63.16","99b7c7dc-ad95-4bbf-95f2-774f1e73fe29","2022-02-07 12:39:20.076"
"AA","63.130","6","63.160","1","-18","63.16","7a31ed3b-9db6-4c7d-af0b-9c4536d08d4e","2022-02-07 12:39:20.076"
"AA","63.130","6","63.160","1","-18","63.16","ff4c4633-35de-4537-9025-a94548210368","2022-02-07 12:39:20.076"
"AA","63.130","6","63.160","1","-18","63.16","cef9fa7c-ee92-4fe6-bfd1-e0ef53eed526","2022-02-07 12:39:20.076"
"AA","63.110","1","63.130","1","-18","63.13","a32c98c2-aeac-40fb-8861-5be8d3703565","2022-02-07 12:39:44.899"
"AA","63.110","1","63.130","1","-18","63.13","e3be9ae5-e979-4362-aaf7-ebe8386448e2","2022-02-07 12:39:44.899"
"AA","63.120","1","63.130","1","-18","63.13","8ad121a5-9c8c-4414-b2e8-0907422d77df","2022-02-07 12:39:50.272"
"AA","63.140","1","63.150","2","-18","63.15","461c2ebf-dca6-4c5d-a1f1-9f5d864b4808","2022-02-07 12:40:01.593"
"AA","63.160","1","63.190","6","-18","63.19","75953c81-2c3b-4c23-ba84-5b3c4be20c79","2022-02-07 12:40:10.443"
"AA","63.160","1","63.190","6","-18","63.19","02109899-337c-4c07-ba8c-a8e31e062088","2022-02-07 12:40:10.443"
"AA","63.160","1","63.190","6","-18","63.19","4773699e-4ca0-4abe-9933-8475c0eb062b","2022-02-07 12:40:10.443"
"AA","63.200","16","63.230","1","-18","63.23","3f7fed88-37f5-4153-9ed1-7ecf9a4c4c16","2022-02-07 12:40:24.769"
"AA","63.200","14","63.230","1","-18","63.23","7162e246-0132-46a8-b496-505eb4551acd","2022-02-07 12:40:47.551"
"AA","63.280","1","63.300","1","18","63.22","97133b46-c39d-449b-b9c7-6f15127bb4f4","2022-02-07 12:45:11.772"
"AA","63.280","5","63.310","1","18","63.22","17b2a37d-17c1-4a5d-b6b8-9b6863eb9f71","2022-02-07 12:45:11.772"
"AA","63.280","5","63.310","1","18","63.22","9de964c5-d952-47ce-8a97-27dad66340e2","2022-02-07 12:45:11.772"
"AA","63.320","1","63.340","1","18","63.22","4750d65e-f5d0-4d59-93a5-f382e5ea1f5a","2022-02-07 12:45:11.772"
"AA","63.300","3","63.330","2","-18","63.33","62890094-8a7e-4228-bcc4-fb067bfdc515","2022-02-07 12:46:29.756"
"AA","63.300","3","63.330","2","-18","63.33","76e40c5f-dba0-4497-afc4-060e1ed3016b","2022-02-07 12:46:29.756"
"AA","63.310","1","63.330","1","-18","63.33","e9bd67f6-78e0-4360-95cc-d66ccb8847a9","2022-02-07 12:46:35.737"
"AA","63.360","9","63.380","3","-18","63.38","5374f269-1044-429f-93cd-6f36a15e8fef","2022-02-07 12:46:40.667"
"AA","63.910","6","63.940","1","18","63.77","f9f25878-5bf8-428b-841e-b37a795cfc1a","2022-02-07 13:34:23.710"
"AA","63.920","6","63.950","1","18","63.77","6c04207d-2b29-4c7f-ace1-eac580110362","2022-02-07 13:34:23.710"
"AA","63.910","1","63.950","2","18","63.77","8e0a84ea-ee0b-474c-96a7-e1083e9f6702","2022-02-07 13:34:23.710"
"AA","63.900","2","63.940","4","18","63.77","e4e86d64-d628-44c5-b531-35dfca3f5879","2022-02-07 13:34:23.710"
"AA","63.840","2","63.870","2","18","63.77","c16a3b94-81ae-42f3-89d5-39a92ea6c64a","2022-02-07 13:34:23.710"
"AA","63.850","6","63.890","3","18","63.77","ed635156-8e31-4c88-a6b1-5431a3daedf9","2022-02-07 13:34:23.710"
"AA","63.860","5","63.890","1","18","63.77","75825c09-f437-4342-a797-7dd8318356f6","2022-02-07 13:34:23.710"
"AA","63.860","5","63.890","1","18","63.77","a9fece2f-3b4c-4c5d-afa3-d662c9d16c51","2022-02-07 13:34:23.710"
"AA","63.730","5","63.760","1","-18","63.76","616bbd01-df44-4977-9d7d-854d5d308011","2022-02-07 13:35:45.497"
"AA","63.740","1","63.770","1","-18","63.78","530e4023-55e8-49f9-ba45-baa9e93372a0","2022-02-07 13:35:47.838"
"AA","63.740","1","63.770","1","-18","63.78","65f1bedf-a25a-48f6-8a75-db7415175e61","2022-02-07 13:35:47.838"
"AA","63.740","1","63.770","1","-18","63.78","ddbb7e17-d549-4124-b78e-d02f74823b38","2022-02-07 13:35:47.838"
"AA","63.740","1","63.770","1","-18","63.78","223f8603-2906-41d8-92a9-b7cb8adef3f4","2022-02-07 13:35:47.838"
"AA","63.740","1","63.770","1","-18","63.78","cd57fc21-16be-43c5-8764-b95a09d5336f","2022-02-07 13:35:47.838"
"AA","63.740","1","63.770","1","-18","63.78","1a339b45-5f88-4a0a-9ec2-ed4c24b64614","2022-02-07 13:35:47.838"
"AA","63.750","1","63.780","1","-18","63.78","2755227c-f422-461d-96b0-b10e1a43d0cc","2022-02-07 13:35:52.370"
"AA","63.820","6","63.850","1","18","63.76","0adb5812-d8be-4f01-87ca-2ccd3c702bef","2022-02-07 13:48:08.119"
"AA","63.810","5","63.840","1","18","63.76","49a352ce-aa27-478e-a24a-172ccb2e23a6","2022-02-07 13:48:08.119"
"AA","63.790","4","63.820","3","18","63.76","015092b5-cec3-4c8a-b977-cdf7f646f12e","2022-02-07 13:48:08.119"
"AA","63.820","4","63.860","1","18","63.76","3ead2cd4-aba1-4645-b1e1-a0a58874e2f9","2022-02-07 13:48:08.119"
"AA","63.900","1","63.930","3","18","63.75","54ce873c-7a22-4ea2-bb28-e326e30fc6e7","2022-02-07 13:48:58.874"
"AA","63.750","3","63.790","1","-18","63.80","f5fc5bce-4e4b-483a-b361-bff2ea883787","2022-02-07 13:49:07.957"
"AA","63.750","1","63.780","2","-18","63.78","43db572c-4768-44a7-9ada-1daf96cc3726","2022-02-07 13:49:28.047"
"AA","63.750","1","63.780","2","-18","63.78","eac3b2cf-51ab-400e-9b4a-1f62186516e4","2022-02-07 13:49:28.047"
"AA","63.760","4","63.780","1","-18","63.78","fea7b389-3a5e-474b-b56f-f34fa836cc65","2022-02-07 13:50:19.091"
"AA","63.800","8","63.830","1","-18","63.83","b020e34f-1220-44e8-94bf-1f3d27532283","2022-02-07 13:50:44.941"
"AA","64.720","1","64.730","1","18","64.58","232ff847-b2a8-485b-856b-1a689010a056","2022-02-07 15:07:05.526"
"AA","64.700","3","64.720","1","18","64.58","5dda3316-80e0-481b-bedd-5f2817f8b944","2022-02-07 15:07:05.526"
"AA","64.640","5","64.660","2","18","64.58","a2129267-8d40-4f7f-9635-b39b11c0ac8c","2022-02-07 15:07:05.526"
"AA","64.620","5","64.650","2","18","64.58","a4c9f181-084a-4560-a8c1-ef8f393fe8e3","2022-02-07 15:07:05.526"
"AA","64.620","3","64.650","6","18","64.58","b9e05faf-9fcb-4698-bef8-f724fd43beeb","2022-02-07 15:07:05.526"
"AA","64.710","1","64.730","1","18","64.53","192407f0-fe45-41f9-af15-cad73e7c6510","2022-02-07 15:07:08.964"
"AA","64.720","6","64.750","10","18","64.53","0d34824c-cfa1-48fe-8c52-3316e70c7e51","2022-02-07 15:07:08.964"
"AA","64.600","1","64.620","1","-18","64.62","54e18a6c-e2f0-448d-998c-e475c0d65653","2022-02-07 15:08:03.623"
"AA","64.600","1","64.620","1","-18","64.62","7d698470-6106-4c5b-81f1-6d57ac1656d5","2022-02-07 15:08:03.623"
"AA","64.600","1","64.620","1","-18","64.62","4e2652b6-4579-4e89-bdbf-8ba782257fc4","2022-02-07 15:08:03.623"
"AA","64.600","1","64.620","1","-18","64.62","6531a78d-feac-447b-8c99-bac05fb58305","2022-02-07 15:08:03.623"
"AA","64.560","2","64.580","1","-18","64.60","b0ae4c9e-8f06-4446-ac54-6997d77c3b44","2022-02-07 15:08:20.986"
"AA","64.560","2","64.580","1","-18","64.60","7203a3db-832e-46cc-a586-8a1c724623de","2022-02-07 15:08:20.986"
"AA","64.560","1","64.570","1","-18","64.60","68655f5c-d7c7-4f28-af63-1c4a213a9819","2022-02-07 15:08:20.986"
"AA","64.630","6","64.650","1","18","64.60","dd2a413d-2fa4-4198-8431-54e3a0bba181","2022-02-07 15:18:01.138"
"AA","64.640","1","64.660","8","18","64.60","1892cf3e-552c-4c75-83c9-b3debd6e9dd1","2022-02-07 15:18:01.138"
"AA","64.590","3","64.620","6","-18","64.62","e4f02d49-3e8a-4111-b908-358454e7ce0d","2022-02-07 15:19:18.821"
"AA","64.550","1","64.580","2","-18","64.58","7de100a8-4d8e-4513-bb67-20157068d8c6","2022-02-07 15:22:40.544"
"AA","64.580","2","64.620","5","18","64.49","14e5ba67-baaf-4aef-8080-971de04d92a0","2022-02-07 15:26:45.895"
"AA","64.590","1","64.610","3","18","64.44","c767585d-f063-4623-bc25-d3a7355f9008","2022-02-07 15:27:03.098"
"AA","64.560","3","64.600","1","18","64.44","5322dda5-c712-48f2-8015-d169e536a4c4","2022-02-07 15:27:03.098"
"AA","64.580","1","64.620","2","18","64.44","710f3515-0dfd-41a8-b4f1-2cc2e78a09ef","2022-02-07 15:27:03.098"
"AA","64.580","1","64.620","2","18","64.44","0d793459-dab4-468e-aba3-d1220869d384","2022-02-07 15:27:03.098"
"AA","64.480","1","64.500","2","-18","64.50","93572be0-2a23-4bbb-986c-5002bdd2b088","2022-02-07 15:27:30.620"
"AA","64.390","3","64.410","1","-18","64.41","7957e11f-934e-4c7b-b501-5ee0f785937d","2022-02-07 15:28:13.515"
"AA","64.400","6","64.420","1","-18","64.42","a6495279-2c62-4b24-b3ae-446a5ab515f9","2022-02-07 15:28:20.426"
"AA","64.400","6","64.420","1","-18","64.42","48218de6-54cc-4583-a460-05ceafe47400","2022-02-07 15:28:20.426"
"AA","64.350","1","64.380","4","-18","64.38","d3c1db4a-782f-4b73-ac76-326892db5e04","2022-02-07 15:29:37.400"
"AG","10.230","25","10.240","34","121","10.24","0258006c-ca76-47b9-962a-c6903ef89058","2022-02-07 10:21:20.006"
"AG","10.260","36","10.270","21","-121","10.27","252dbc29-fb20-4a80-aad4-a6bb5dbf8e70","2022-02-07 10:21:45.278"
"AG","10.400","24","10.400","1","121","10.38","e511eda2-e59b-4c1a-a6dc-81f045e68b37","2022-02-07 11:43:11.986"
"AG","10.400","60","10.410","14","121","10.38","a054e540-964d-4c75-9d01-39a5f74aa307","2022-02-07 11:43:11.986"
"AG","10.410","177","10.420","23","121","10.37","e95cff76-1bfb-4970-ac59-2a7873fcc571","2022-02-07 11:43:36.970"
"AG","10.410","23","10.420","46","121","10.37","183d164d-0162-459d-a924-19c61de4176c","2022-02-07 11:43:36.970"
"AG","10.410","13","10.420","42","121","10.37","1fd8066c-41a4-4503-bef7-63cac5a206a0","2022-02-07 11:43:36.970"
"AG","10.400","20","10.410","41","121","10.37","f8401cc8-f0ca-478d-8240-9a0f758f13b4","2022-02-07 11:43:36.970"
"AG","10.410","175","10.420","16","121","10.36","68d06fb4-ef8d-4bce-aaaf-67b9a3fc3fac","2022-02-07 11:43:36.972"
"AG","10.360","24","10.370","32","-121","10.37","b4f507b9-fd6f-4965-89e3-5f34d9984b94","2022-02-07 11:44:03.447"
"AG","10.360","24","10.370","32","-121","10.37","a9597522-e812-452d-ad3c-d9e061c7d6c9","2022-02-07 11:44:03.447"
"AG","10.360","24","10.370","32","-121","10.37","efa32d34-d8e1-4003-8509-fa6bf4fb5689","2022-02-07 11:44:03.447"
"AG","10.360","24","10.370","32","-121","10.37","a9cab1ad-1bdc-4ec2-8de7-e3749d232037","2022-02-07 11:44:03.447"
"AG","10.360","27","10.370","46","-121","10.37","f4d0ca53-f753-4fd2-9d30-5fa58967e527","2022-02-07 11:44:11.302"
"AG","10.360","27","10.370","46","-121","10.37","7708da29-9090-42b6-9061-232885cccfb8","2022-02-07 11:44:11.302"
"AG","10.360","30","10.370","13","-121","10.37","e2878372-aa32-456c-964d-98fbb767ea83","2022-02-07 11:44:46.087"
"AG","10.360","29","10.370","33","121","10.37","aa0b2607-3b4e-471e-9e66-0ff57410cfc3","2022-02-07 11:52:30.006"
"AG","10.390","75","10.400","6","-121","10.40","820ea13b-c47e-4de0-addd-f25b2715266c","2022-02-07 11:59:24.187"
"AG","10.390","35","10.400","26","121","10.36","8ccafc81-e447-46d1-aab4-2094352740a4","2022-02-07 12:10:55.661"
"AG","10.360","64","10.370","17","-121","10.37","ae1cd2ae-34f0-496b-9c15-019fbc7b38da","2022-02-07 12:11:10.764"
"AG","10.390","50","10.400","51","121","10.39","81a43e83-7087-4265-853a-44fe20150232","2022-02-07 12:24:12.793"
"AG","10.390","50","10.400","39","121","10.39","f3557a45-93d0-4002-ba9f-dcd868227780","2022-02-07 12:24:12.793"
"AG","10.400","35","10.410","39","-121","10.41","f59ea4ae-5ecd-4d5a-8b78-5c6cdcf2c999","2022-02-07 12:25:57.169"
"AG","10.410","64","10.410","1","-121","10.41","9adc2e64-5bc3-4457-998f-6488c64ebc58","2022-02-07 12:26:00.006"
"AG","10.530","29","10.540","32","121","10.51","529584c1-4c16-46e4-b2c4-574bca574ba7","2022-02-07 13:34:37.175"
"AG","10.530","16","10.540","41","121","10.51","ca2a1cbd-1cc2-4665-b030-a8d6d4c57c29","2022-02-07 13:34:37.175"
"AG","10.530","14","10.540","52","121","10.51","3bc049ed-e05b-4179-a584-6eef26b53e4e","2022-02-07 13:34:37.175"
"AG","10.530","2","10.530","36","121","10.51","486b41e1-cf27-4c5a-8ba7-33c08f91f7fa","2022-02-07 13:34:37.175"
"AG","10.520","18","10.530","42","-121","10.53","df573ba8-46aa-4623-b19b-2501989e4cbe","2022-02-07 13:36:27.671"
"AG","10.520","18","10.530","42","-121","10.53","11462092-6ffc-4250-8a8e-7521ced12791","2022-02-07 13:36:27.671"
"AG","10.520","35","10.530","28","-121","10.53","c6a78a34-53a2-4fc0-bc3d-b08e1e8de117","2022-02-07 13:36:35.784"
"AG","10.520","48","10.530","26","-121","10.53","e1dcbdda-0dc9-4248-92e1-187400611742","2022-02-07 13:37:00.302"
"AG","10.540","38","10.550","17","121","10.51","a58cf627-2caa-4351-a5b6-0ad29e5c9d19","2022-02-07 13:49:23.652"
"AG","10.540","36","10.550","20","121","10.51","62160b6e-ce3a-4e76-a0a7-371d6367fd87","2022-02-07 13:49:23.652"
"AG","10.540","25","10.550","34","121","10.51","4d0e887d-c4ff-4e71-8b39-4bd83a6a7320","2022-02-07 13:49:23.652"
"AG","10.550","30","10.560","51","121","10.51","7b0704e8-b76b-4f6a-ab44-f0a0d0ea0cfc","2022-02-07 13:49:23.652"
"AG","10.550","30","10.560","51","121","10.51","26698e72-1802-4236-baf7-82dd88204927","2022-02-07 13:49:23.652"
"AG","10.550","15","10.560","53","121","10.51","8739dbb3-af1d-4fd0-8afc-ad46c0b9f700","2022-02-07 13:49:23.652"
"AG","10.550","34","10.560","51","121","10.51","83a1ac2e-679f-46a8-91d9-cbd7986b7f14","2022-02-07 13:49:23.652"
"AG","10.550","3","10.560","73","121","10.51","baa278ca-dd82-435c-a459-e017f6701b9a","2022-02-07 13:49:23.652"
"AG","10.530","35","10.540","51","121","10.51","76732f86-fe11-4917-8971-eaa3574d32c4","2022-02-07 13:49:23.652"
"AG","10.530","23","10.540","41","121","10.51","a4cfd074-79d1-40ac-ade5-ff8e25888984","2022-02-07 13:49:23.652"
"AG","10.530","12","10.540","67","121","10.51","99e1d2ad-6385-4747-a975-5bca61f75b63","2022-02-07 13:49:23.652"
"AG","10.530","12","10.540","67","121","10.51","cf4e2de0-a657-4874-a0b3-ae082e39de15","2022-02-07 13:49:23.652"
"AG","10.500","43","10.510","19","-121","10.51","2bf02b81-74d1-4f31-b97a-5e2da387884b","2022-02-07 13:50:37.890"
"AG","10.500","43","10.510","19","-121","10.51","12a74801-d693-40f7-acdc-6cc2cc145e40","2022-02-07 13:50:37.890"
"AG","10.510","24","10.520","34","-121","10.52","43e9d8b9-d506-4992-87d5-421d53eb9190","2022-02-07 13:52:06.045"
"AG","10.510","24","10.520","34","-121","10.52","d62f42b4-c6d7-4188-a867-c5208431bff0","2022-02-07 13:52:06.045"
"AG","10.510","24","10.520","34","-121","10.52","6ebfa7aa-aa93-49a5-ac49-67a2cadda8c9","2022-02-07 13:52:06.045"
"AG","10.510","24","10.520","34","-121","10.52","d79a196c-4bc5-48ca-8cd7-7a5f9b8f71ce","2022-02-07 13:52:06.045"
"AG","10.510","16","10.520","35","-121","10.52","a66aed4b-c25f-45f7-884d-d40639b12b9e","2022-02-07 13:52:06.045"
"AG","10.510","16","10.520","35","-121","10.52","fad4d512-735f-42c0-a885-640350b20be3","2022-02-07 13:52:06.045"
"AG","10.510","16","10.520","35","-121","10.52","322e760e-c75b-4d67-baa3-1384bfbb88c5","2022-02-07 13:52:06.045"
"AG","10.510","16","10.520","35","-121","10.52","5c124c27-d842-43f3-8dd1-b9eb7704aba2","2022-02-07 13:52:06.045"
"AG","10.510","16","10.520","35","-121","10.52","5deaad43-2f27-4900-9dcd-c1f4cbbd95e2","2022-02-07 13:52:06.045"
"AG","10.510","16","10.520","35","-121","10.52","c2170b1b-f927-4c0f-818a-513c4dbb68f4","2022-02-07 13:52:06.045"
"AG","10.530","60","10.540","17","121","10.53","6df50a64-8935-4df5-a7f9-96ac96762a38","2022-02-07 14:00:04.490"
"AG","10.530","41","10.540","22","121","10.53","ab7e4754-55a8-4f97-89d9-135ef47015d9","2022-02-07 14:00:04.490"
"AG","10.530","39","10.540","22","-121","10.54","a4537eaf-84bc-4029-b87b-a99a0895b042","2022-02-07 14:01:22.671"
"AG","10.530","40","10.540","21","-121","10.54","8c06bdc6-aadb-41f3-93d3-6e5662354c1f","2022-02-07 14:01:30.010"
"AG","10.540","29","10.550","33","121","10.53","3b4f7488-a49b-47ff-8b3e-8d52a96355f2","2022-02-07 14:07:47.202"
"AG","10.540","30","10.550","33","121","10.53","07f8620f-7e19-428d-b49d-9d73dd15b632","2022-02-07 14:07:47.202"
"AG","10.540","30","10.550","33","121","10.53","7c4fee10-eef7-4fc2-98ba-d763144f82f9","2022-02-07 14:07:47.202"
"AG","10.540","17","10.550","46","121","10.53","bba659fb-c973-43e4-b5d0-2ed321ad06af","2022-02-07 14:07:47.202"
"AG","10.540","22","10.550","36","121","10.53","ee9dd6c1-5681-47d8-8b71-116ed5d9bdc4","2022-02-07 14:07:47.202"
"AG","10.540","27","10.550","36","121","10.53","400485f6-ed71-4da8-b055-9f0518a7ae0f","2022-02-07 14:07:47.202"
"AG","10.540","26","10.550","50","121","10.53","2cc85922-436e-4adc-8874-a01ad8a29592","2022-02-07 14:07:47.202"
"AG","10.540","15","10.550","66","121","10.53","e48a33b1-3bcf-4947-a307-7a88a51c4a42","2022-02-07 14:07:47.202"
"AG","10.540","12","10.550","56","121","10.53","5f3c2fc4-212d-4ba6-bf26-55f6cd56d9f0","2022-02-07 14:07:47.202"
"AG","10.520","23","10.530","45","-121","10.53","1164b67f-9f0a-4c1b-a731-8e2c3d1b2e44","2022-02-07 14:10:04.864"
"AG","10.520","23","10.530","45","-121","10.53","55a088c9-1dcc-4ff0-a600-b51058cc5f73","2022-02-07 14:10:04.864"
"AG","10.520","23","10.530","45","-121","10.53","640b972c-7041-4cfb-9011-32008127a194","2022-02-07 14:10:04.864"
"AG","10.520","23","10.530","45","-121","10.53","bd2aa66d-7e99-4c19-a1cc-42ebb5bd31dd","2022-02-07 14:10:04.864"
"AG","10.520","23","10.530","45","-121","10.53","3238969c-7c1f-484e-a990-6207696c7e6c","2022-02-07 14:10:04.864"
"AG","10.520","18","10.530","41","-121","10.53","139d22b3-0860-44e5-a616-b408256030df","2022-02-07 14:10:04.864"
"AG","10.520","18","10.530","41","-121","10.53","a6c177b1-1ce7-43bb-ad9f-37058f05b6d4","2022-02-07 14:10:04.864"
"AG","10.520","18","10.530","41","-121","10.53","f5d7244f-5bf4-4b25-8ee5-d80fce96631b","2022-02-07 14:10:04.864"
"AG","10.520","31","10.530","42","-121","10.53","7de510a9-6ade-4b1c-aa21-d96dbbc46a5e","2022-02-07 14:10:04.864"
"AG","10.540","23","10.550","41","121","10.53","a32272be-b5c3-4156-8354-a50085556bd0","2022-02-07 14:23:05.264"
"AG","10.540","23","10.550","41","121","10.53","44de632c-4a4b-40cb-b76e-1e3e32fe7d9a","2022-02-07 14:23:05.264"
"AG","10.540","7","10.550","77","121","10.53","62c23cde-8e4a-4cce-9c78-4b32948a3ed3","2022-02-07 14:23:05.264"
"AG","10.540","29","10.550","53","121","10.53","8487262e-2412-4d31-be42-c364bf225d00","2022-02-07 14:23:05.264"
"AG","10.540","21","10.550","53","121","10.53","d0574fe8-388a-454b-a1b2-7264d62eb4b3","2022-02-07 14:23:05.264"
"AG","10.530","88","10.540","9","-121","10.55","6864cc93-9237-4937-9a8a-97e69bb655e3","2022-02-07 14:24:39.639"
"AG","10.530","88","10.540","9","-121","10.55","4f13b631-2e72-4dad-bc17-c99edcaf56e7","2022-02-07 14:24:39.639"
"AG","10.530","88","10.540","9","-121","10.55","0ea71661-1324-4610-bdd2-5ba3a49cfe2b","2022-02-07 14:24:39.639"
"AG","10.540","30","10.550","31","-121","10.55","a853b91c-d3f9-4181-b6e6-bf7c2494451a","2022-02-07 14:24:46.965"
"AG","10.540","14","10.550","51","-121","10.55","e880d808-20a7-404b-9770-3210e5020f56","2022-02-07 14:27:07.099"
"AG","10.580","36","10.590","52","121","10.56","ab69030a-64d5-4a7f-ba60-9964eaa3ebf5","2022-02-07 15:12:26.411"
"AG","10.570","43","10.580","26","121","10.56","0bc09c0a-64b8-4e3b-a420-fc1ed876b4ef","2022-02-07 15:12:26.411"
"AG","10.600","41","10.610","48","121","10.55","cd37b0da-06e7-4b65-b305-11c9feba0a21","2022-02-07 15:14:01.129"
"AG","10.600","30","10.610","47","121","10.55","5d56efcb-10bf-47be-8da0-13fbb73e84be","2022-02-07 15:14:01.129"
"AG","10.600","22","10.610","45","121","10.55","733c3c69-f42c-499a-9337-b8ae9968cc5e","2022-02-07 15:14:01.129"
"AG","10.600","21","10.610","36","121","10.55","60cf4c9d-3cfe-451f-83ee-0f5e65db0907","2022-02-07 15:14:01.129"
"AG","10.600","30","10.610","43","121","10.55","2c142aa5-4257-468b-ace8-683a00af295d","2022-02-07 15:14:01.129"
"AG","10.590","48","10.600","53","121","10.55","7ca152e1-a710-4cc2-a517-a3063d14a9d8","2022-02-07 15:14:01.129"
"AG","10.590","48","10.600","53","121","10.55","9570b47c-a66e-4e40-aed0-cc78ca39d1a1","2022-02-07 15:14:01.129"
"AG","10.560","27","10.570","30","-121","10.57","2435fb8a-36b2-480a-a354-4b916653d3fc","2022-02-07 15:14:50.850"
"AG","10.560","27","10.570","30","-121","10.57","af23d45d-85e3-44dd-90c5-15bf691bd619","2022-02-07 15:14:50.850"
"AG","10.570","17","10.580","63","-121","10.58","b978c337-2826-4967-b6f6-046ad3f39e74","2022-02-07 15:15:19.584"
"AG","10.570","17","10.580","63","-121","10.58","03fc58e3-3810-4838-b8e8-8a9feeeb8e80","2022-02-07 15:15:19.584"
"AG","10.570","34","10.580","39","-121","10.58","257f5e66-0efe-47ea-b16c-69027472df04","2022-02-07 15:15:42.887"
"AG","10.570","34","10.580","39","-121","10.58","e280a6c9-1640-43dd-b783-62e16d848a5f","2022-02-07 15:15:42.887"
"AG","10.570","35","10.580","19","-121","10.58","e913b06e-2358-4786-a51e-efebd63c7f47","2022-02-07 15:15:51.784"
"AG","10.570","35","10.580","19","-121","10.58","e8ce0f72-670c-491c-ac1c-de0e13397753","2022-02-07 15:15:51.784"
"AG","10.570","34","10.580","37","-121","10.58","5bb0434c-9ade-4774-8150-caca55914eb0","2022-02-07 15:18:42.145"
"AG","10.580","1","10.580","71","121","10.56","c5ec3c18-2ea3-4bd3-b2cc-6b6a8fbb0e4f","2022-02-07 15:21:29.462"
"AG","10.570","25","10.580","47","121","10.56","4d091f2c-e1ff-4d46-8936-b973c77e7aa1","2022-02-07 15:21:29.462"
"AG","10.560","4","10.560","46","-121","10.56","9be26110-aa1a-48b2-9af5-a686fedae034","2022-02-07 15:22:00.006"
"AG","10.540","5","10.550","85","-121","10.55","0828e5d4-4099-43f1-8411-33fec5d48d9b","2022-02-07 15:22:40.518"
"ABB","34.870","50","34.880","11","33","34.88","40f0d07d-29fd-4b12-8b2e-4a4a0a66276a","2022-02-07 10:54:00.006"
"ABB","34.850","1","34.860","35","-33","34.86","c556c226-ea84-489f-842c-5f2c722f084f","2022-02-07 10:56:11.059"
"ABB","34.890","50","34.900","9","33","34.82","496be8f1-7f6c-4b4d-a167-2cd8ef2b028e","2022-02-07 11:04:33.555"
"ABB","34.890","50","34.900","24","33","34.82","1eed280c-2920-43ca-8cd6-d5b08b102e31","2022-02-07 11:04:33.555"
"ABB","34.900","48","34.910","24","33","34.82","10289bbd-127b-43ff-a35c-4b5cf85a6c0d","2022-02-07 11:04:33.555"
"ABB","34.880","52","34.890","3","33","34.82","10ddef31-d495-46b6-996d-521595351f3e","2022-02-07 11:04:33.555"
"ABB","34.890","28","34.900","26","33","34.82","4be12435-2311-4595-960a-bebb5a61c104","2022-02-07 11:04:33.555"
"ABB","34.890","17","34.900","38","33","34.82","392ec062-3b2a-4870-b572-52fd6a3ef650","2022-02-07 11:04:33.555"
"ABB","34.890","17","34.900","38","33","34.82","b3e2633f-310f-4d81-bd77-20ba4fe2426d","2022-02-07 11:04:33.555"
"ABB","34.890","17","34.900","25","33","34.82","3875d270-c0db-4a8a-abf8-b1e4fa8e0b0b","2022-02-07 11:04:33.555"
"ABB","34.880","19","34.890","18","33","34.82","759bf19f-2fed-46a9-bd4f-134cfcbc4ca8","2022-02-07 11:04:33.555"
"ABB","34.870","8","34.880","42","33","34.82","a3f2ab45-3195-4ff3-9e90-2a98b06da083","2022-02-07 11:04:33.555"
"ABB","34.860","23","34.870","8","33","34.82","700f27c4-66b2-42b8-b223-5d608cf0dfca","2022-02-07 11:04:33.555"
"ABB","34.820","23","34.830","11","-33","34.83","1e890606-41ba-4097-baa4-6364dacfed89","2022-02-07 11:05:19.548"
"ABB","34.820","23","34.830","11","-33","34.83","14fc9696-ed35-4cc6-8b7d-3c77fa01ec1a","2022-02-07 11:05:19.548"
"ABB","34.820","23","34.830","11","-33","34.83","6b4e60d0-a043-4bee-8998-a7b1a5e0adf1","2022-02-07 11:05:19.548"
"ABB","34.820","23","34.830","11","-33","34.83","f77de988-6922-43e3-9712-e14b7a3ae3f6","2022-02-07 11:05:19.548"
"ABB","34.820","23","34.830","11","-33","34.83","74345a22-6f69-4f3d-899f-e87918e5ed04","2022-02-07 11:05:19.548"
"ABB","34.820","23","34.830","11","-33","34.83","ba4bfa00-0dca-4fcc-a32d-c8982df16fe5","2022-02-07 11:05:19.548"
"ABB","34.820","23","34.830","11","-33","34.83","92f88989-9e98-430d-baae-0c0dd6b8cfb1","2022-02-07 11:05:19.548"
"ABB","34.820","23","34.830","11","-33","34.83","ff199758-1b5f-44d5-aa22-574a592a5146","2022-02-07 11:05:19.548"
"ABB","34.820","23","34.830","11","-33","34.83","da3f3938-3b1d-429e-8311-de59383af469","2022-02-07 11:05:19.548"
"ABB","34.820","30","34.830","1","-33","34.83","b32aaa83-676c-473e-afcd-366bedce980c","2022-02-07 11:05:20.384"
"ABB","34.810","33","34.820","1","-33","34.83","3b96fb02-db9e-4756-8fc8-b0ac627678d7","2022-02-07 11:06:05.161"
"ABB","34.850","28","34.860","17","33","34.79","f8aa945f-5b50-4856-a157-7d82c9b50d52","2022-02-07 11:09:13.286"
"ABB","34.770","26","34.780","22","-33","34.79","a4c03efb-b817-45d1-8589-b70282180c83","2022-02-07 11:10:28.935"
"ABB","34.820","49","34.830","21","33","34.81","830b77d3-4bcc-4fb4-aa15-813f10d35f6a","2022-02-07 11:24:04.388"
"ABB","34.820","16","34.830","21","-33","34.83","3eeed643-1b86-4dbb-afc4-83fdc9c5d477","2022-02-07 11:25:37.768"
"ABB","34.830","27","34.840","3","33","34.78","5893f51b-827b-4527-844d-dbae12a45c47","2022-02-07 11:29:47.400"
"ABB","34.830","27","34.840","3","33","34.78","677e07f2-c0c8-427e-9168-2e39a3817fac","2022-02-07 11:29:47.400"
"ABB","34.840","22","34.850","24","33","34.78","8b0edcd9-4e41-4f62-a305-0f3d85946338","2022-02-07 11:29:47.400"
"ABB","34.850","28","34.860","13","33","34.78","3725c790-944c-4bb6-bcfd-f593c01c1294","2022-02-07 11:29:47.400"
"ABB","34.860","1","34.870","34","33","34.78","efdf8364-8a72-4e40-a58f-7c48f4b2010e","2022-02-07 11:29:47.400"
"ABB","34.850","27","34.860","18","33","34.78","023cfc67-9ef1-49b6-8d46-309b8005c40a","2022-02-07 11:29:47.400"
"ABB","34.840","15","34.850","44","33","34.77","2132a4fe-e431-4f3b-89b8-cba2429098b7","2022-02-07 11:29:52.503"
"ABB","34.820","20","34.830","31","33","34.77","4509f91c-9571-4f89-befb-20141125194d","2022-02-07 11:29:52.503"
"ABB","34.760","17","34.770","19","-33","34.77","94c451de-003a-40cc-8aa2-e2767e692370","2022-02-07 11:31:33.116"
"ABB","34.760","17","34.770","19","-33","34.77","7b106e30-77b1-4536-94db-347728f87b88","2022-02-07 11:31:33.116"
"ABB","34.760","17","34.770","19","-33","34.77","288550e4-1345-40ac-a7a9-cc70a184f17a","2022-02-07 11:31:33.116"
"ABB","34.760","17","34.770","19","-33","34.77","85aa910a-f1f0-4773-84b0-901df7cbce27","2022-02-07 11:31:33.116"
"ABB","34.760","17","34.770","19","-33","34.77","fee9d6bf-de86-4a52-a7ef-62b447c5574e","2022-02-07 11:31:33.116"
"ABB","34.760","17","34.770","19","-33","34.77","0e6be644-c2c5-424e-834e-7f58dd0a67ee","2022-02-07 11:31:33.116"
"ABB","34.770","25","34.780","15","-33","34.78","a9601b4b-040a-4b10-ae56-49144b56ed77","2022-02-07 11:31:52.973"
"ABB","34.770","20","34.780","13","-33","34.78","aa624844-fbe0-4242-b7b7-2c8a19c472e9","2022-02-07 11:31:52.973"
"ABB","34.680","9","34.690","13","33","34.63","4ea79b16-1032-47dc-83a2-3944342a013f","2022-02-07 12:01:43.452"
"ABB","34.680","9","34.690","13","33","34.63","cf1edd83-ab0c-4cff-a4bb-77ec8446b7cd","2022-02-07 12:01:43.452"
"ABB","34.670","22","34.680","9","33","34.63","54b13af2-1104-4dda-b590-6ca63e1a0168","2022-02-07 12:01:43.452"
"ABB","34.670","26","34.680","8","33","34.63","016c34fb-7a29-4738-b755-b19ff5d8d188","2022-02-07 12:01:43.452"
"ABB","34.650","13","34.660","12","33","34.63","331b648f-2a65-4eaf-a3f3-819cc6d3e52c","2022-02-07 12:01:43.452"
"ABB","34.630","3","34.640","29","-33","34.64","be131933-1e93-4276-96f5-c31407909484","2022-02-07 12:02:23.393"
"ABB","34.630","3","34.640","29","-33","34.64","bb750c05-0df1-4aba-a596-42ce92aa1faf","2022-02-07 12:02:23.393"
"ABB","34.630","3","34.640","29","-33","34.64","7c60f4a6-ea07-4b03-a3bc-bc82e6631088","2022-02-07 12:02:23.393"
"ABB","34.630","28","34.640","7","-33","34.64","7bd70cf2-8726-412a-9f24-614d26afa6aa","2022-02-07 12:02:46.392"
"ABB","34.630","28","34.640","7","-33","34.64","feb3b29f-f0a2-49ba-8afe-ae20fc6844fd","2022-02-07 12:02:46.392"
"ABB","34.660","27","34.670","6","33","34.63","7fe7751f-8bf2-458e-883b-a4a7b8c4e19b","2022-02-07 12:09:55.085"
"ABB","34.660","27","34.670","6","33","34.63","0d238a01-5912-4f04-8bb5-fd723d303032","2022-02-07 12:09:55.085"
"ABB","34.660","27","34.670","6","33","34.63","bc565871-bbdf-4523-9be0-51fb533065d3","2022-02-07 12:09:55.085"
"ABB","34.660","9","34.670","16","33","34.63","944169a0-6315-4532-9a68-1d3bb636cfd7","2022-02-07 12:09:55.085"
"ABB","34.660","13","34.670","10","33","34.63","1d075cb6-5fff-4b62-abfe-7d7503596af9","2022-02-07 12:09:55.085"
"ABB","34.660","10","34.670","10","33","34.63","f83ab654-5e50-4664-b8ef-baca58289602","2022-02-07 12:09:55.085"
"ABB","34.660","10","34.670","10","33","34.63","144cd9b5-0480-4215-812a-eda38a74898e","2022-02-07 12:09:55.085"
"ABB","34.650","2","34.660","32","33","34.63","9a8febc3-405d-4abe-a584-b9f5d7c0643c","2022-02-07 12:09:55.085"
"ABB","34.650","2","34.660","33","33","34.63","97ef0b12-dba0-4f95-88e1-188e527742cd","2022-02-07 12:09:55.085"
"ABB","34.640","14","34.650","18","33","34.63","d39747d4-a5c0-40e0-924a-e04fa2b74af3","2022-02-07 12:09:55.085"
"ABB","34.640","12","34.650","13","33","34.63","049249c8-5210-4a94-b84c-5a18d0910b0a","2022-02-07 12:09:55.085"
"ABB","34.620","17","34.630","14","-33","34.63","219ee572-b96b-4739-80e4-e085bf73f43b","2022-02-07 12:11:00.728"
"ABB","34.620","17","34.630","14","-33","34.63","f7543b1a-7098-4077-b698-7e91854dcbce","2022-02-07 12:11:00.728"
"ABB","34.620","17","34.630","14","-33","34.63","66e0d254-1142-42e2-83f8-6342a9e9505d","2022-02-07 12:11:00.728"
"ABB","34.620","17","34.630","14","-33","34.63","88d98e81-7dc9-4f90-a794-574249ddd118","2022-02-07 12:11:00.728"
"ABB","34.620","10","34.630","18","-33","34.63","4d4b8ff6-f59d-4e72-8249-d84b28c6e41e","2022-02-07 12:11:00.728"
"ABB","34.620","10","34.630","18","-33","34.63","54d25d47-6332-4235-9d8d-b43f2221ac3c","2022-02-07 12:11:00.728"
"ABB","34.630","29","34.640","21","-33","34.64","eea6fca1-9748-49e3-b3c0-0d4dcb0037a8","2022-02-07 12:11:24.306"
"ABB","34.630","29","34.640","21","-33","34.64","eda80911-df8f-411d-898d-b7edff08c08c","2022-02-07 12:11:24.306"
"ABB","34.630","29","34.640","21","-33","34.64","e64cbf9f-e756-4d8c-ba66-43bbfc477141","2022-02-07 12:11:24.306"
"ABB","34.630","13","34.640","13","-33","34.64","52676098-5082-4ebd-88f8-d3d44ab0d0aa","2022-02-07 12:11:37.237"
"ABB","34.620","12","34.630","19","-33","34.63","c3bda61c-e410-493c-8f95-b52606632a7f","2022-02-07 12:13:01.128"
"ABB","34.640","16","34.650","8","33","34.63","f95a7b05-df08-4663-a23b-c806edce3cba","2022-02-07 12:26:42.678"
"ABB","34.690","19","34.700","15","33","34.60","fcfcda64-5c59-4ae2-a243-87314bc265a5","2022-02-07 12:27:29.006"
"ABB","34.700","16","34.710","22","33","34.59","cdc9b179-3297-4f61-bbaa-79be72f3eaa5","2022-02-07 12:28:36.709"
"ABB","34.680","49","34.690","3","33","34.59","e4a0bf90-243c-4bf0-a7f5-100afaa305e9","2022-02-07 12:28:36.709"
"ABB","34.690","49","34.700","12","33","34.59","8787f260-9bdd-4d21-b25b-135e619fc916","2022-02-07 12:28:36.709"
"ABB","34.680","14","34.690","2","33","34.59","6f181c7f-8d20-4c27-9558-1cb404ddc8b2","2022-02-07 12:28:36.709"
"ABB","34.680","1","34.690","15","33","34.58","709cfc55-2d8c-47c5-aa37-cf835bc96b2f","2022-02-07 12:28:59.771"
"ABB","34.680","20","34.690","20","33","34.58","a5ce2769-3bc0-4352-8c6a-5a72de0fbaef","2022-02-07 12:28:59.771"
"ABB","34.690","53","34.700","4","33","34.58","1050d652-3fdd-47dc-ba73-4460c0a4af2f","2022-02-07 12:28:59.771"
"ABB","34.690","1","34.700","19","33","34.58","f75cbdd2-602b-4e8d-ab98-ca6186b359a0","2022-02-07 12:28:59.771"
"ABB","34.660","38","34.670","11","33","34.58","99e52e80-99ff-481e-bb45-918e9aac15d0","2022-02-07 12:28:59.771"
"ABB","34.660","46","34.670","19","33","34.58","534d5266-d450-4ec7-b597-d03daa8d508b","2022-02-07 12:28:59.771"
"ABB","34.560","14","34.570","8","-33","34.57","ad687543-7d1a-42a5-9443-ae337fff67ab","2022-02-07 12:30:35.009"
"ABB","34.560","14","34.570","8","-33","34.57","5999b26b-cf22-419d-875c-04538157a261","2022-02-07 12:30:35.009"
"ABB","34.560","14","34.570","8","-33","34.57","0d3c13c6-82dc-45b3-a91d-bfaf3a53884b","2022-02-07 12:30:35.009"
"ABB","34.560","14","34.570","8","-33","34.57","0c7832e3-010e-4a8e-8886-e4d95be75593","2022-02-07 12:30:35.009"
"ABB","34.560","14","34.570","8","-33","34.57","343b6e5d-2ef8-4c05-b674-7cfc8fb29bcd","2022-02-07 12:30:35.009"
"ABB","34.570","32","34.580","9","-33","34.58","28e040d4-0dae-4fb4-9cea-908d53a68ece","2022-02-07 12:30:42.425"
"ABB","34.570","32","34.580","9","-33","34.58","3f78213b-4561-4ed7-a780-2dd2199c90df","2022-02-07 12:30:42.425"
"ABB","34.570","32","34.580","9","-33","34.58","5ffe68a3-766d-492b-8b49-e3a0cf5384c8","2022-02-07 12:30:42.425"
"ABB","34.570","32","34.580","9","-33","34.58","50cd8866-894d-41af-b9f5-6975ce9e2cd0","2022-02-07 12:30:42.425"
"ABB","34.580","24","34.590","18","-33","34.59","b9924120-0d64-48f7-97d9-d8b2be3cc6d7","2022-02-07 12:31:03.435"
"ABB","34.590","32","34.600","1","-33","34.60","c3b9c045-5504-4996-bdfa-9ac39622e533","2022-02-07 12:31:14.031"
"ABB","34.590","16","34.600","24","-33","34.60","92c980bb-c683-4d5f-a56d-fe2faf113829","2022-02-07 12:31:23.723"
"ABB","34.600","33","34.610","1","33","34.61","3c116623-44b0-4fb0-9410-9916e32c9b51","2022-02-07 12:42:00.006"
"ABB","34.640","37","34.640","1","-33","34.64","3d4bfeab-8e04-4aeb-84a0-00a7de13615a","2022-02-07 12:47:10.006"
"ABB","34.840","12","34.850","12","33","34.82","50fc1bbd-ab28-43a5-a78f-1f8808c9469a","2022-02-07 14:13:44.935"
"ABB","34.840","10","34.850","25","33","34.82","71321d54-5237-4580-9214-d9c96de5b654","2022-02-07 14:13:44.935"
"ABB","34.840","11","34.850","12","33","34.82","402a34aa-fc16-45aa-91d9-8bf22587825b","2022-02-07 14:13:44.935"
"ABB","34.830","24","34.840","10","-33","34.84","f837e97a-9e39-46cd-a6f4-a55e1e5b9e0a","2022-02-07 14:16:29.027"
"ABB","34.830","24","34.840","10","-33","34.84","9b74c157-48be-4e0b-9b3a-d4f202867ba7","2022-02-07 14:16:29.027"
"ABB","34.830","24","34.840","10","-33","34.84","b9d9f297-f299-4d59-af3f-43c26cb5a055","2022-02-07 14:16:29.027"
"ABB","34.910","18","34.920","8","33","34.88","ceec80db-d89f-4d82-b0c3-5b0adb280b9a","2022-02-07 15:00:42.516"
"ABB","34.910","18","34.920","2","33","34.88","a4c16cec-baf5-44c0-84de-e68d1730082d","2022-02-07 15:00:42.516"
"ABB","34.910","9","34.920","9","33","34.88","599c4c84-d5eb-4db7-9497-4febc8d449a9","2022-02-07 15:00:42.516"
"ABB","34.880","2","34.890","19","-33","34.89","94ff382e-a55f-4953-bb81-554d07f82171","2022-02-07 15:01:14.806"
"ABB","34.880","2","34.890","19","-33","34.89","afdabcf8-b374-4f2a-8d3b-e9c3b9abe513","2022-02-07 15:01:14.806"
"ABB","34.880","4","34.890","10","-33","34.89","40c4459a-9230-4dab-8e50-9f98c9ca8015","2022-02-07 15:01:14.806"
"ABB","34.930","16","34.940","16","33","34.90","12a87b0c-6b61-44e1-a166-a594d8dccc94","2022-02-07 15:20:27.698"
"ABB","34.930","9","34.940","26","33","34.90","6e6518f9-446e-40f0-8453-8c802a87af77","2022-02-07 15:20:27.698"
"ABB","34.940","19","34.950","25","33","34.90","212d9bd2-d9ad-4e60-891d-397f2d911f29","2022-02-07 15:20:27.698"
"ABB","34.940","14","34.950","16","33","34.90","5c55e698-5621-4e79-beee-9112fbdd066d","2022-02-07 15:20:27.698"
"ABB","34.940","5","34.950","28","33","34.90","938b033d-b16c-4571-8e4b-2e4c3ab96b33","2022-02-07 15:20:27.698"
"ABB","34.930","25","34.940","11","33","34.90","c424b789-a0d7-4ea1-836d-6577b3d9efaf","2022-02-07 15:20:27.698"
"ABB","34.900","23","34.910","25","-33","34.91","941b5159-59dc-4efe-910d-d699f571e9f4","2022-02-07 15:21:06.101"
"ABB","34.900","23","34.910","25","-33","34.91","18a1d2b3-8e7d-4e20-9cf8-9ea971c91457","2022-02-07 15:21:06.101"
"ABB","34.890","28","34.900","12","-33","34.90","cbf42e06-e276-4c10-990d-4d5d0ea5c6d4","2022-02-07 15:21:33.761"
"ABB","34.930","21","34.940","7","33","34.89","409ac6d2-e5eb-4dce-8a41-a92e7a63311a","2022-02-07 15:21:53.648"
"ABB","34.940","13","34.950","25","33","34.89","005e583a-bd88-4e97-9da5-062fea1d9c40","2022-02-07 15:21:53.648"
"ABB","34.930","30","34.940","12","33","34.88","861ce83f-ba62-430d-a6da-664d97bc0f5d","2022-02-07 15:22:05.901"
"ABB","34.930","30","34.940","10","33","34.88","5719c371-5d02-4377-ba71-bcbcd88f100a","2022-02-07 15:22:05.901"
"ABB","34.930","18","34.940","13","33","34.88","4bb70b29-d4b3-4d4b-8d29-26d630c3182e","2022-02-07 15:22:05.901"
"ABB","34.930","18","34.940","15","33","34.88","2bd1cacc-eb7b-4fb9-822c-3146116f9aea","2022-02-07 15:22:05.901"
"ABB","34.930","18","34.940","15","33","34.88","902bfd60-8093-4086-a9b7-27b2c1896341","2022-02-07 15:22:05.901"
"ABB","34.910","20","34.920","16","33","34.88","1010792d-28bf-4200-be3f-9b78704ff83a","2022-02-07 15:22:05.901"
"ABB","34.910","17","34.920","11","33","34.87","89e0104a-0dea-4504-a1f5-ef9933c4478c","2022-02-07 15:22:09.638"
"ABB","34.870","51","34.870","1","-33","34.87","9c219f90-eccd-4086-9772-500838034a41","2022-02-07 15:22:10.006"
"ABB","34.870","51","34.870","1","-33","34.87","ae077374-3d94-4e62-a6cf-73095680414e","2022-02-07 15:22:10.006"
"ABB","34.870","42","34.880","2","-33","34.89","d38b8e11-c3a9-4601-bed2-287939d699a5","2022-02-07 15:22:28.774"
"ABB","34.870","42","34.880","2","-33","34.89","b874060e-3dfa-4140-a671-cb20d2681198","2022-02-07 15:22:28.774"
"ABB","34.870","42","34.880","2","-33","34.89","d5da5f21-1ff9-41eb-9bb0-26de1e7856ac","2022-02-07 15:22:28.774"
"ABB","34.870","42","34.880","2","-33","34.89","bc2b81bb-a5d1-4f75-b33f-930a3522ac34","2022-02-07 15:22:28.774"
"ABB","34.870","42","34.880","2","-33","34.89","cf848a28-a321-4246-a356-85148f5e5db5","2022-02-07 15:22:28.774"
"ABB","34.880","12","34.890","20","-33","34.89","9383c399-ffe0-476d-897b-77235b0023c6","2022-02-07 15:22:40.564"
"ABB","34.880","12","34.890","20","-33","34.89","a342af4f-7dd1-4287-9beb-c68a0517892e","2022-02-07 15:22:40.564"
"ABB","34.880","12","34.890","20","-33","34.89","ad499ff2-5230-430c-8104-e2a63fd1a209","2022-02-07 15:22:40.564"
"ABB","34.880","12","34.890","20","-33","34.89","ac0b8a57-133f-4bff-899c-76ee15d9d6d7","2022-02-07 15:22:40.564"
"ABB","34.880","35","34.890","8","-33","34.89","a24629cd-4e2b-433e-bb46-186b8d079e26","2022-02-07 15:23:01.218"
"ALB","222.990","1","223.270","3","6","222.49","16dce943-65d0-4bb4-9ef4-c12f6eedca52","2022-02-07 11:17:58.915"
"ALB","223.060","1","223.270","1","6","222.49","4aa46f79-b3d8-40b5-833f-0baed099ce3c","2022-02-07 11:17:58.915"
"ALB","222.250","1","222.690","10","-6","222.69","02315781-d843-4dce-a61e-bc425026cc7e","2022-02-07 11:20:09.940"
"ALB","222.260","1","222.690","9","-6","222.69","15ab5551-f913-40ca-8712-b8ccc84590c7","2022-02-07 11:20:09.940"
"ALB","222.660","1","223.110","5","6","222.40","aa731ae3-5759-4bf5-9713-ad1551fa1edf","2022-02-07 11:32:42.476"
"ALB","222.660","1","223.110","5","6","222.40","1334a8ae-67d8-482d-8cd6-b0e1de785baa","2022-02-07 11:32:42.476"
"ALB","222.670","1","223.110","5","6","222.40","c12ca234-f651-41ba-b8f5-c3124e2d6a3d","2022-02-07 11:32:42.476"
"ALB","222.710","1","223.110","5","6","222.40","48defd22-f5c6-49de-9607-3b0d5a85a574","2022-02-07 11:32:42.476"
"ALB","222.760","1","223.110","5","6","222.40","2b51aa5f-350c-486e-8015-45d56596d5d0","2022-02-07 11:32:42.476"
"ALB","222.830","1","223.110","6","6","222.40","efaba409-a8d4-4a85-a68b-5ea22f5a0e19","2022-02-07 11:32:42.476"
"ALB","222.950","1","223.150","1","6","222.40","882be03b-6d7b-4234-a882-abe3d6193bf5","2022-02-07 11:32:42.476"
"ALB","223.040","1","223.360","1","6","222.40","b9994d67-36e7-4bd9-90cb-f2883e614f5c","2022-02-07 11:32:42.476"
"ALB","223.390","1","223.810","2","6","222.40","cc13aabf-7b30-4f70-8e5a-ae18961b85e7","2022-02-07 11:32:42.476"
"ALB","223.560","1","223.920","2","6","222.40","cbee8308-1657-4937-8f15-064c136210ea","2022-02-07 11:32:42.476"
"ALB","223.490","1","223.750","2","6","222.40","48a9f648-0d77-41af-923f-887c53e38aa1","2022-02-07 11:32:42.476"
"ALB","223.470","1","223.740","1","6","222.40","2d1b5c94-cb59-40f1-b1a4-c8582e95bf51","2022-02-07 11:32:42.476"
"ALB","223.050","1","223.410","1","6","222.40","7da1179f-d4ba-4684-8eb7-5a0231876d16","2022-02-07 11:32:42.476"
"ALB","223.050","1","223.400","2","6","222.40","58d67a7c-2361-4287-bc15-fd7af70f5cd9","2022-02-07 11:32:42.476"
"ALB","222.990","1","223.190","1","6","222.40","8036e467-6f3c-445d-9e65-00a264d84c83","2022-02-07 11:32:42.476"
"ALB","222.990","1","223.190","10","6","222.40","d9f0cf32-1346-4208-b127-47b744dc900d","2022-02-07 11:32:42.476"
"ALB","222.900","1","223.410","3","6","221.83","d3fa2479-1914-49b8-8080-95ba0a1eb983","2022-02-07 11:33:56.588"
"ALB","222.020","1","222.290","3","-6","222.29","4cb17b35-0d3f-4c6d-9170-95bc0a2b3c58","2022-02-07 11:34:33.524"
"ALB","222.020","1","222.290","3","-6","222.29","43190efb-6096-440b-9952-df732e3e4c64","2022-02-07 11:34:33.524"
"ALB","222.020","1","222.290","3","-6","222.29","969ee611-bb60-4cbb-9416-d23943172bd0","2022-02-07 11:34:33.524"
"ALB","222.020","1","222.290","3","-6","222.29","c9be1c84-e2df-4642-b857-a62591c5a63e","2022-02-07 11:34:33.524"
"ALB","222.020","1","222.290","3","-6","222.29","17cad39f-f0d0-433b-a0e9-9d5f76cbbe42","2022-02-07 11:34:33.524"
"ALB","222.020","1","222.290","3","-6","222.29","ccff47d1-c250-4de3-851e-f8fd9913aa2c","2022-02-07 11:34:33.524"
"ALB","222.020","1","222.290","3","-6","222.29","b434b745-725a-4d95-80fd-7d5de68d9b92","2022-02-07 11:34:33.524"
"ALB","222.020","1","222.290","3","-6","222.29","52a36e20-54f6-4fff-984b-7ad1e204495c","2022-02-07 11:34:33.524"
"ALB","222.050","1","222.290","2","-6","222.29","06555f51-f3d5-4e59-8be7-4a82fabd359c","2022-02-07 11:34:33.524"
"ALB","222.050","1","222.290","2","-6","222.29","5fc77478-cfa4-4646-922a-edf348153ccb","2022-02-07 11:34:33.524"
"ALB","222.050","1","222.290","2","-6","222.29","316e6edd-3125-4b98-a7b2-abef8c1beeb5","2022-02-07 11:34:33.524"
"ALB","222.050","1","222.290","2","-6","222.29","6358d536-f3eb-494b-b7aa-c091326ac9e8","2022-02-07 11:34:33.524"
"ALB","222.050","1","222.290","2","-6","222.29","f8e2d3af-08e5-4c6a-9fc4-de1a38e8dc37","2022-02-07 11:34:33.524"
"ALB","221.900","1","222.130","1","-6","222.13","e9a7f776-ee12-4f8a-afe5-8249d6e82ef5","2022-02-07 11:36:49.207"
"ALB","221.900","1","222.220","1","-6","222.31","f050fe13-2a0b-4c92-ae26-78756e7b1eb1","2022-02-07 11:36:49.208"
"ALB","221.900","1","222.220","1","-6","222.31","b9918253-52b6-43f1-890a-14c47f80e979","2022-02-07 11:36:49.208"
"ALB","221.900","1","222.220","1","-6","222.31","b7c13035-9faf-4c40-ac60-1702e4551bb7","2022-02-07 11:36:49.208"
"ALB","221.000","10","221.550","1","6","219.50","05ecdea7-2714-4178-b611-4258e11d7963","2022-02-07 11:43:47.005"
"ALB","221.040","1","221.680","2","6","219.50","bdda8da0-391b-4631-9b05-7d514583f462","2022-02-07 11:43:47.005"
"ALB","221.160","2","221.830","1","6","219.10","5c261114-0bfc-413d-a2d1-a119c10a2d75","2022-02-07 11:44:45.980"
"ALB","220.630","1","221.310","2","6","219.10","7c2acd65-40c5-41a2-a7b7-bba492c448cb","2022-02-07 11:44:45.980"
"ALB","220.750","10","221.310","2","6","219.10","abbc4327-fc56-4604-a681-c85b96a975cf","2022-02-07 11:44:45.980"
"ALB","219.100","1","219.410","1","-6","219.41","c64e696d-f0c2-41d2-bf10-ff0505ae8c14","2022-02-07 11:45:15.221"
"ALB","219.100","1","219.410","1","-6","219.41","39577e96-136a-4449-a630-43ccb89738e6","2022-02-07 11:45:15.221"
"ALB","219.100","1","219.410","1","-6","219.41","b5ba5257-e368-4bc9-ae93-2a51c831875b","2022-02-07 11:45:15.221"
"ALB","219.120","1","219.570","1","-6","219.57","dc75f385-e3a5-4035-af84-52cd73906a6d","2022-02-07 11:45:37.344"
"ALB","219.120","2","219.570","1","-6","219.57","47479121-0954-4d90-8045-778a068734d1","2022-02-07 11:45:37.344"
"ALB","220.210","1","220.590","2","6","220.59","4e4a347c-79e0-4f4a-9ab0-f40d9c3cc038","2022-02-07 11:56:10.006"
"ALB","219.920","1","220.290","1","-6","220.29","a54cb432-fef6-485b-aa48-59f9971c95a2","2022-02-07 12:02:23.278"
"ALB","220.790","1","221.240","2","6","220.01","1dd06c32-4007-4fbe-a135-4fcd22c95368","2022-02-07 12:28:56.302"
"ALB","220.820","1","221.190","2","6","220.01","28ef1181-cd0c-4306-9438-ba10396eab95","2022-02-07 12:28:56.302"
"ALB","220.810","1","221.190","3","6","220.01","4b52bd46-8c77-40f8-abb8-e961cee022f2","2022-02-07 12:28:56.302"
"ALB","220.830","1","221.190","2","6","220.01","538f0c39-f099-4462-800e-10be94db35d2","2022-02-07 12:28:56.302"
"ALB","220.810","1","221.190","3","6","220.01","6f3806b5-a115-40c2-96b3-31ecdc5350a3","2022-02-07 12:28:56.302"
"ALB","220.810","1","221.190","3","6","220.01","fab3bfe0-a4b3-41f9-86b2-a1baf38a274b","2022-02-07 12:28:56.302"
"ALB","220.790","1","221.140","1","6","220.01","f8e74f5f-6ca7-4679-90d6-f633fa70e692","2022-02-07 12:28:56.302"
"ALB","220.780","1","221.080","1","6","220.01","c5b23b95-51fc-49db-903a-4d459ca054bf","2022-02-07 12:28:56.302"
"ALB","220.640","3","221.030","1","6","220.01","71ff0c9d-2bcd-4abe-99b1-b98242adfb02","2022-02-07 12:28:56.302"
"ALB","220.920","1","221.100","1","6","220.01","f63e5c66-33d2-452f-92d5-380f1fe2d420","2022-02-07 12:28:56.302"
"ALB","220.790","1","221.110","1","6","220.01","fc66c636-b458-4269-8325-6114368d278e","2022-02-07 12:28:56.302"
"ALB","220.800","1","221.060","1","6","220.01","a9d881e4-0c55-4e26-9994-27f8ca14a4e8","2022-02-07 12:28:56.302"
"ALB","220.800","1","221.040","1","6","220.01","83833010-82ee-456f-96d6-682e479987f6","2022-02-07 12:28:56.302"
"ALB","220.810","1","221.040","2","6","220.01","97b91318-7ec7-4f0b-9218-5d27dcadf041","2022-02-07 12:28:56.302"
"ALB","220.810","1","221.040","1","6","220.01","be338278-5ceb-41ba-bd19-0f93affa079b","2022-02-07 12:28:56.302"
"ALB","220.810","1","221.040","1","6","220.01","24ccb0d9-cd11-42b7-a0c6-dd8ba61af98a","2022-02-07 12:28:56.302"
"ALB","220.650","1","221.030","4","6","220.01","4bfce942-ac51-4a05-981e-9f1edb4b86cc","2022-02-07 12:28:56.302"
"ALB","220.000","1","220.340","1","-6","220.34","fe01ae49-e0b5-440c-8e7d-b5c8222181c3","2022-02-07 12:29:40.758"
"ALB","220.000","1","220.340","1","-6","220.34","1b805e1e-6f3d-4392-a89f-bbb1e447db09","2022-02-07 12:29:40.758"
"ALB","220.000","1","220.340","1","-6","220.34","f02705f0-7d26-479b-8873-9aee6c5b4eff","2022-02-07 12:29:40.758"
"ALB","220.000","1","220.340","1","-6","220.34","cad09bc6-65e6-445f-966f-9137a83f5c2b","2022-02-07 12:29:40.758"
"ALB","220.000","1","220.340","1","-6","220.34","6c808bb0-2641-4b2c-b0b9-26243141b1e2","2022-02-07 12:29:40.758"
"ALB","220.000","1","220.340","1","-6","220.34","ffa947dd-a620-4ebe-a3cf-77d8cdd509ad","2022-02-07 12:29:40.758"
"ALB","220.000","1","220.340","1","-6","220.34","5eb0143d-b3a0-4ebd-a1d2-b447379c8ff7","2022-02-07 12:29:40.758"
"ALB","220.000","1","220.340","1","-6","220.34","c54c1e6e-759b-4137-9247-3a16d9836aea","2022-02-07 12:29:40.758"
"ALB","220.140","2","220.760","1","6","219.26","83627dbd-bbbf-4c5d-81e2-31932900639f","2022-02-07 12:30:17.444"
"ALB","220.140","2","220.750","1","6","219.26","1b790e2e-58a5-41ec-b6de-e3f368bf820d","2022-02-07 12:30:17.444"
"ALB","220.140","2","220.750","1","6","219.26","20a52ba5-8e73-44cc-98cf-00e91df5ae73","2022-02-07 12:30:17.444"
"ALB","220.140","2","220.750","1","6","219.26","01bf9891-411c-4c38-841f-6a8517703f24","2022-02-07 12:30:17.444"
"ALB","220.140","2","220.740","1","6","219.26","ceae13ec-d5d1-4c77-8ad7-49fece1ef04d","2022-02-07 12:30:17.444"
"ALB","219.380","1","219.740","1","-6","219.74","dc65a82c-3ea9-41ad-979e-e823b7b2df12","2022-02-07 12:30:44.639"
"ALB","219.380","1","219.740","1","-6","219.74","b36adc65-dc1e-4a04-81b6-0ba320d2fc85","2022-02-07 12:30:44.639"
"ALB","219.380","1","219.740","1","-6","219.74","e4eb108c-ce33-4c4c-bb9b-2d1b0979fa59","2022-02-07 12:30:44.639"
"ALB","219.380","1","219.740","1","-6","219.74","897895f0-f37a-4818-b0d8-1851835fa76a","2022-02-07 12:30:44.639"
"ALB","219.380","1","219.740","1","-6","219.74","3a0a21d9-dc67-4038-872a-63672482520b","2022-02-07 12:30:44.639"
"ALB","219.380","1","219.740","1","-6","219.74","6ddb1c06-78b0-4734-9301-e1c387ab19bc","2022-02-07 12:30:44.639"
"ALB","219.380","1","219.740","1","-6","219.74","89a97570-9446-4513-af13-39ce8a22ce09","2022-02-07 12:30:44.639"
"ALB","219.300","2","219.890","1","-6","219.91","8d5da0e6-82fc-476f-ad83-a2112102c4f8","2022-02-07 12:30:51.949"
"ALB","219.300","2","219.890","1","-6","219.91","15586a2b-7415-4b34-9a89-2511d84de5a1","2022-02-07 12:30:51.949"
"ALB","219.300","2","219.890","1","-6","219.91","3345f554-dead-4956-8521-3d540966c94d","2022-02-07 12:30:51.949"
"ALB","219.300","2","219.890","1","-6","219.91","b19fc2b8-0c93-4a88-b730-f52c73ceb891","2022-02-07 12:30:51.949"
"ALB","219.660","2","220.510","1","-6","220.51","65152852-727d-4ecd-a95a-1e8efb571caf","2022-02-07 12:32:01.598"
"ALB","220.430","2","220.840","1","-6","220.84","15f44eed-1191-492f-8686-3508beb9f903","2022-02-07 12:37:23.562"
"ALB","220.320","1","220.840","1","-6","220.84","87a30f3f-9c23-4a56-bf54-2c5acccd71ea","2022-02-07 12:40:34.758"
"ALB","220.900","2","221.440","2","6","220.90","7c214d85-eda7-4705-b70b-e3ca38c3060f","2022-02-07 13:10:32.459"
"ALB","221.310","1","221.440","2","6","220.90","63b3f3a0-d567-411b-a7a7-222622aefb10","2022-02-07 13:10:32.459"
"ALB","221.190","1","221.440","2","6","220.90","58423631-a5be-4f66-81d8-229422070a7a","2022-02-07 13:10:32.459"
"ALB","221.190","1","221.440","2","6","220.90","e98dfc7a-9a28-40fa-a6ff-b1813b28c588","2022-02-07 13:10:32.459"
"ALB","221.330","3","221.660","1","6","220.90","025e96d6-2cea-4749-ae36-694fcb04d57a","2022-02-07 13:10:32.459"
"ALB","221.300","2","221.660","2","6","220.90","e870d47d-9235-4a49-a29b-e47503b8c53c","2022-02-07 13:10:32.459"
"ALB","220.930","1","221.280","1","6","220.90","da49a983-d976-46e2-8b63-dae5c4161977","2022-02-07 13:10:32.459"
"ALB","220.930","1","221.280","1","6","220.90","3599ae79-750c-4ef4-960d-e84ca0dc797c","2022-02-07 13:10:32.459"
"ALB","221.210","1","221.510","1","-6","221.51","b5389e4e-83c5-417c-8e69-a3c7d2041de0","2022-02-07 13:11:14.293"
"ALB","221.210","1","221.510","1","-6","221.51","646b94d2-c051-4a7f-a00c-007ca8ae36f9","2022-02-07 13:11:14.293"
"ALB","221.210","1","221.510","1","-6","221.51","136da94a-f766-4819-9a1d-7f8114971753","2022-02-07 13:11:14.293"
"ALB","221.210","1","221.510","1","-6","221.51","720328a6-4e8c-470b-943c-739a7832cbc3","2022-02-07 13:11:14.293"
"ALB","221.260","1","221.650","1","-6","221.66","050e295e-a1a1-44bc-8927-cb6ed6dd3407","2022-02-07 13:12:04.224"
"ALB","221.260","1","221.650","1","-6","221.66","8f124ce6-ebd9-4517-847e-27a312985682","2022-02-07 13:12:04.224"
"ALB","221.410","1","221.660","2","-6","221.66","062573a1-501d-401d-99b4-e607948fc1eb","2022-02-07 13:13:06.401"
"ALB","221.620","1","221.870","1","-6","221.99","8946c2b4-3790-431f-8884-331f74be8bbf","2022-02-07 13:14:18.068"
"ALB","221.270","1","221.560","1","6","221.13","8afcb492-8d2a-426c-bce5-1756115aef31","2022-02-07 13:22:38.123"
"ALB","221.270","1","221.580","2","6","221.02","f59cba5b-d02b-4a07-abf1-e3909e6393ba","2022-02-07 13:24:45.171"
"ALB","221.270","1","221.580","2","6","221.02","6fb886c0-c889-4f83-8791-87c013ababe2","2022-02-07 13:24:45.171"
"ALB","221.270","2","221.580","2","6","221.02","54c2251a-dd81-46ce-9753-e32c283ee939","2022-02-07 13:24:45.171"
"ALB","221.270","2","221.580","2","6","221.02","b941e60f-b99b-4703-a961-08459d8fa974","2022-02-07 13:24:45.171"
"ALB","220.970","1","221.280","1","-6","221.29","226721c5-4972-4771-bed2-67821c2432ab","2022-02-07 13:26:26.023"
"ALB","220.960","2","221.290","1","-6","221.29","3a9b0511-77ac-4e60-a7aa-e37f7b8f8a98","2022-02-07 13:28:26.913"
"ALB","220.960","2","221.290","1","-6","221.29","87e194dc-fd89-42fd-b980-26cbce80f957","2022-02-07 13:28:26.913"
"ALB","220.960","2","221.290","1","-6","221.29","95863994-98a2-4436-9dc8-6b95a2352823","2022-02-07 13:28:26.913"
"ALB","221.000","1","221.290","1","-6","221.29","8b5e7470-9c5c-4ddb-8919-09649d6f5c09","2022-02-07 13:28:26.913"
"ALB","221.330","1","221.620","2","6","221.33","7c391012-b429-4070-aa7d-beaf6e7a769d","2022-02-07 13:33:48.473"
"ALB","221.320","2","221.620","2","6","221.33","36efd072-0198-412a-b52b-d1802380e88a","2022-02-07 13:33:48.473"
"ALB","221.330","1","221.620","2","6","221.33","66fa5586-0925-4c43-abc5-62be676d680f","2022-02-07 13:33:48.473"
"ALB","221.550","1","221.880","2","-6","221.88","8f3ca572-7e25-4455-aa60-7fd34b473f89","2022-02-07 13:36:20.924"
"ALB","221.570","1","221.880","1","-6","221.88","53b53db8-7ff9-41ce-ab32-3b77caf4ecc1","2022-02-07 13:36:51.764"
"ALB","221.480","1","221.740","1","-6","221.89","d32bd8c2-a74b-452c-ad40-6f47785be3fc","2022-02-07 13:38:26.721"
"ALB","221.620","2","221.950","1","6","220.97","6135aebf-d3f4-4c0e-8c4c-e24d607341d0","2022-02-07 13:50:59.110"
"ALB","221.630","2","221.950","1","6","220.97","3ca447b8-e1fa-4145-a16b-aa3c88a4e4ea","2022-02-07 13:50:59.110"
"ALB","221.630","1","221.930","1","6","220.97","d71d23b5-be12-42d6-a4b1-62c198f51b30","2022-02-07 13:50:59.110"
"ALB","221.100","2","221.530","1","-6","221.53","224ff6c0-4e6b-4652-922a-93fc891aa819","2022-02-07 13:52:08.930"
"ALB","221.350","1","221.590","1","-6","221.59","e5d82215-e322-48f5-98e2-343665c94fd4","2022-02-07 13:54:15.275"
"ALB","221.410","1","221.710","10","-6","221.71","375bca5a-abc8-4719-a36b-712a0dc548ee","2022-02-07 13:55:48.051"
"ALB","221.700","4","222.100","1","6","221.52","08335ccf-d3c1-4a1f-9286-64eb837562f0","2022-02-07 14:06:18.479"
"ALB","221.640","1","222.100","2","6","221.02","f1652748-1a4b-4a22-8677-a93268b58cc3","2022-02-07 14:10:44.930"
"ALB","221.010","2","221.510","1","-6","221.51","ada3d586-b240-4004-92b4-dca78de06608","2022-02-07 14:16:46.645"
"ALB","221.300","1","221.620","1","-6","221.62","69c9e512-8dea-4db5-bc86-23be10ca1cef","2022-02-07 14:20:31.688"
"ALB","222.040","1","222.410","2","6","221.95","85d03fe6-8248-4ff4-bf73-9a32411d4996","2022-02-07 15:00:40.651"
"ALB","222.040","1","222.400","2","6","221.95","06259b7d-caf0-4f99-815a-19502ed1ba3f","2022-02-07 15:00:40.651"
"ALB","222.080","1","222.400","2","6","221.95","386f8f5a-4dc3-481c-966b-8c6b44c571c4","2022-02-07 15:00:40.651"
"ALB","221.800","1","222.050","1","-6","222.05","99e27ac9-976e-49ed-9e85-6322fa6c195b","2022-02-07 15:01:14.876"
"ALB","221.800","1","222.050","1","-6","222.05","db907e09-dd41-4fd0-a1e3-006e7e24bb1d","2022-02-07 15:01:14.876"
"ALB","221.800","1","222.050","1","-6","222.05","bd35d199-8847-46f2-98ca-daf13a51bc3f","2022-02-07 15:01:14.876"
"ALB","222.280","1","222.640","1","6","222.36","016ea8cb-0c18-4860-b08a-81354d8e3c4c","2022-02-07 15:08:09.082"
"ALB","222.280","1","222.700","1","6","222.36","b6410849-e7f1-4f6d-801e-ea60ba96016a","2022-02-07 15:08:09.082"
"ALB","222.330","1","222.700","2","6","222.36","f64a11db-3dcc-4f57-b7e2-3709dbf3e0e6","2022-02-07 15:08:09.082"
"ALB","222.340","1","222.700","2","6","222.36","f7a2294b-2418-4f60-9f68-1e50cf86681d","2022-02-07 15:08:09.082"
"ALB","222.510","3","222.750","1","6","222.14","aede9871-e3b3-41e0-93f4-398f7cf4a0c5","2022-02-07 15:08:09.993"
"ALB","222.510","2","222.740","1","6","222.14","a87b5899-0dab-479e-a55d-0370bbe21e90","2022-02-07 15:08:09.993"
"ALB","222.510","2","222.740","1","6","222.14","a9f08c78-5a66-4dd2-882c-316c9746b99d","2022-02-07 15:08:09.993"
"ALB","222.260","1","222.550","1","-6","222.55","ece96799-84bb-4b8b-8d4c-48227ed48ee5","2022-02-07 15:08:46.771"
"ALB","222.260","1","222.550","1","-6","222.55","174ceb1f-f475-47e8-884b-4c2a23ab5a1d","2022-02-07 15:08:46.771"
"ALB","222.260","1","222.550","1","-6","222.55","6506ec05-1db3-42b6-a5ee-5533f1e634d9","2022-02-07 15:08:46.771"
"ALB","222.260","1","222.550","1","-6","222.55","c2801817-9f9b-4c10-86ef-057c9d8e962f","2022-02-07 15:08:46.771"
"ALB","222.150","1","222.420","1","-6","222.43","4b36de53-d8dc-4178-bcc7-9d3c4e045701","2022-02-07 15:10:36.500"
"ALB","222.190","1","222.460","1","-6","222.48","ebb48008-07dc-464a-a435-c277d1b9cbc0","2022-02-07 15:10:38.047"
"ALB","222.280","1","222.620","2","-6","222.62","d2a6170f-e5ea-4493-a6eb-12948a17dece","2022-02-07 15:11:16.091"
"ALB","222.460","2","222.740","1","6","222.20","3b7718ad-1f83-486e-946f-fbdc827122ba","2022-02-07 15:24:35.231"
"ALB","222.310","1","222.550","1","6","222.03","42feb5d7-6cc3-42ab-a104-63b5590aaf69","2022-02-07 15:24:50.703"
"ALB","222.220","1","222.490","1","-6","222.49","4eb8bc3b-69c5-44cf-b382-10537001e3a0","2022-02-07 15:25:13.465"
"ALB","222.620","1","222.930","1","6","222.00","210001c6-f6b5-474f-b64a-7c8c8c505d0f","2022-02-07 15:26:26.498"
"ALB","222.730","2","222.930","1","6","222.00","0c0e564c-cd2f-4d4f-85a3-93d372903a3e","2022-02-07 15:26:26.498"
"ALB","222.530","2","222.710","1","6","222.00","631451e8-53d1-4827-b3c2-bdf47daa841c","2022-02-07 15:26:26.498"
"ALB","222.720","3","223.060","2","6","221.83","7d446e18-24b2-48cd-a22f-913a4d616579","2022-02-07 15:27:07.067"
"ALB","222.720","1","223.030","2","6","221.83","022fb826-ef9f-4594-a6ec-97e060951b1e","2022-02-07 15:27:07.067"
"ALB","222.760","2","223.070","2","6","221.83","d949a822-c003-4e4c-9d49-f2d31078b9f5","2022-02-07 15:27:07.067"
"ALB","222.790","1","223.070","2","6","221.83","6d1c72f8-2431-4983-b97a-654311218b8b","2022-02-07 15:27:07.067"
"ALB","222.770","1","222.980","2","6","221.83","479a7429-bf9b-43de-9e46-22b392a31626","2022-02-07 15:27:07.067"
"ALB","222.700","1","223.000","1","6","221.83","c71a097c-fdd4-424d-9cc5-77230ceb8b7c","2022-02-07 15:27:07.067"
"ALB","222.710","1","223.000","2","6","221.83","2f130869-d55f-4ce9-a11a-f132388ed141","2022-02-07 15:27:07.067"
"ALB","222.700","1","222.960","1","6","221.83","d62e4497-7a82-49d7-a4d5-11c769402fed","2022-02-07 15:27:07.067"
"ALB","222.650","1","222.930","1","6","221.83","d00cb286-3929-48d8-b881-83fa0c3994d7","2022-02-07 15:27:07.067"
"ALB","222.620","2","222.920","1","6","221.83","ff11d710-45df-4f88-9d98-7506ce3db71b","2022-02-07 15:27:07.067"
"ALB","221.200","2","221.560","1","-6","221.56","00ff9f50-e28f-43d7-bc71-f180a04d6077","2022-02-07 15:29:35.230"
"ALB","221.200","2","221.600","1","-6","221.60","7d669836-1417-4cc4-b9a9-571fec10dcaf","2022-02-07 15:29:35.442"
"ALB","221.200","2","221.600","1","-6","221.60","79c22b5d-0957-4f25-8615-e2c8b3b77fbd","2022-02-07 15:29:35.442"
"ALB","221.200","2","221.600","1","-6","221.60","e6d719d9-d7bc-46a7-add9-8b9f514fc706","2022-02-07 15:29:35.442"
"ALB","221.200","2","221.600","1","-6","221.60","c4814a57-9a4b-494a-af5d-72df80216405","2022-02-07 15:29:35.442"
"ALB","221.200","2","221.600","1","-6","221.60","09048918-7a6a-4a69-9b95-cc042db3f97e","2022-02-07 15:29:35.442"
"ALB","221.200","2","221.600","1","-6","221.60","95185e08-9a4f-4424-ba23-454662c9721c","2022-02-07 15:29:35.442"
"ALB","221.200","2","221.600","1","-6","221.60","ecf8ba38-ed2b-40c3-8303-552e1295fede","2022-02-07 15:29:35.442"
"ALB","221.300","1","221.600","1","-6","221.60","d4498d4c-d23e-4376-8ced-05150f4afe46","2022-02-07 15:29:35.442"
"ALB","221.300","1","221.600","1","-6","221.60","f8032e7f-d137-40fe-b32c-51ad0bcbc231","2022-02-07 15:29:35.442"
"ALB","221.300","1","221.600","1","-6","221.60","182cbdae-16e8-4f07-aa17-6bd31b4de129","2022-02-07 15:29:35.442"
"ALB","221.300","1","221.600","1","-6","221.60","86e91817-4328-4f45-ae12-7d7dcdfad5cc","2022-02-07 15:29:35.442"
"ALB","221.200","2","221.590","1","-6","221.60","3bbd4191-f6cf-48e6-90b5-58c1a6210531","2022-02-07 15:29:35.442"
"ALB","221.200","2","221.590","1","-6","221.60","ace948c8-2958-4c92-b251-2866861afd5d","2022-02-07 15:29:35.442"
"ALC","76.930","1","77.000","7","15","76.90","00f3b3ae-04ae-4129-9fd8-d9db0270b215","2022-02-07 10:13:31.089"
"ALC","76.930","1","77.000","7","15","76.90","a0a95f42-36d2-4479-9b88-0bd685143044","2022-02-07 10:13:31.089"
"ALC","76.880","8","76.960","7","-15","76.96","798b7681-3f4a-4938-8ab1-d78143489af3","2022-02-07 10:14:52.969"
"ALC","76.880","8","76.960","7","-15","76.96","317e6c21-b062-4661-a57e-5411450ea40e","2022-02-07 10:14:52.969"
"ALC","76.940","8","77.000","7","15","76.92","41b58e76-9369-4732-b973-f02bc10dc92a","2022-02-07 10:25:23.745"
"ALC","76.940","1","76.980","7","15","76.92","0c530b14-8c95-43cd-a13f-1a9d9ab39c25","2022-02-07 10:25:23.745"
"ALC","76.980","1","77.000","1","-15","77.00","ce609af6-70e1-41c2-b45b-813bedd079fb","2022-02-07 10:28:31.202"
"ALC","77.000","2","77.020","7","-15","77.02","34e2d4d9-f565-4bc7-89c3-37f27e178561","2022-02-07 10:28:40.275"
"ALC","76.980","1","77.020","7","15","76.93","35c8a7d2-0669-47bf-af1d-945277545906","2022-02-07 10:30:38.792"
"ALC","76.800","2","76.850","3","-15","76.85","8fcdb0be-3636-4df4-8210-9ecf86962781","2022-02-07 10:42:10.314"
"ALC","77.000","7","77.060","7","15","76.82","f0225583-0094-442b-bfd6-d3bb163b4864","2022-02-07 10:44:25.777"
"ALC","77.000","7","77.060","7","15","76.82","920d0517-3f8f-40f5-9315-44a084ec9238","2022-02-07 10:44:25.777"
"ALC","76.960","1","77.020","9","15","76.82","5547ef7f-4e44-4477-bef5-006ea08295e7","2022-02-07 10:44:25.777"
"ALC","76.800","9","76.860","7","-15","76.89","4fca3d10-b452-4380-9155-7f07c5a11612","2022-02-07 10:44:48.274"
"ALC","76.800","9","76.860","7","-15","76.89","41f79a82-b8ef-4531-8d66-627ee592b647","2022-02-07 10:44:48.274"
"ALC","76.830","3","76.900","7","-15","76.90","79c6c2e1-8111-4da1-b68a-50c2b74f8a9f","2022-02-07 10:46:57.397"
"ALC","76.990","2","77.040","7","15","76.77","98713821-9ecb-4a6f-81f4-4f974a2f4330","2022-02-07 10:49:15.197"
"ALC","76.990","2","77.040","7","15","76.77","37bbfb68-07c3-41bf-aaee-cf65f7d333de","2022-02-07 10:49:15.197"
"ALC","76.990","2","77.040","7","15","76.77","5f0f5acc-b785-4c20-a630-b01ece961bb2","2022-02-07 10:49:15.197"
"ALC","77.000","7","77.060","7","15","76.77","8dd6ed51-549b-41b7-bc73-10caf20b95d8","2022-02-07 10:49:15.197"
"ALC","77.000","7","77.060","7","15","76.77","19efe91a-9ae8-4000-ae83-cb6129215c2c","2022-02-07 10:49:15.197"
"ALC","77.010","3","77.080","9","15","76.75","03ca907a-8ce4-4c56-9d31-34bc7ede7e2f","2022-02-07 10:50:36.874"
"ALC","76.940","7","77.020","7","15","76.75","efdd32c8-c1f9-4efa-a78f-c54043948fc8","2022-02-07 10:50:36.874"
"ALC","76.960","7","77.020","7","15","76.75","a2c27db8-ee38-417e-a2cc-f2b0fa79e4c7","2022-02-07 10:50:36.874"
"ALC","76.740","10","76.830","1","-15","76.85","27651718-1a5a-41f3-8d76-bf5f9e717131","2022-02-07 10:51:52.587"
"ALC","76.740","10","76.830","1","-15","76.85","ca424f15-f4df-4ce1-b412-21cd7b3cd431","2022-02-07 10:51:52.587"
"ALC","76.800","7","76.860","2","-15","76.87","79a82958-c6f4-4067-a41d-bded8bc4706e","2022-02-07 10:52:00.578"
"ALC","76.800","7","76.860","2","-15","76.87","01a35ebc-a080-4639-bc10-12e19524e78d","2022-02-07 10:52:00.578"
"ALC","76.800","7","76.860","2","-15","76.87","6d751502-6d44-42bc-bc43-6596c98af9ef","2022-02-07 10:52:00.578"
"ALC","76.850","1","76.900","7","-15","76.92","bc9fab1f-b49f-4542-b5a2-f80a6378645f","2022-02-07 10:52:13.561"
"ALC","76.850","1","76.900","7","-15","76.92","89f54be6-41a0-424f-a79c-cf1fdd41dec5","2022-02-07 10:52:13.561"
"ALC","76.820","9","76.900","7","-15","76.90","36f1cbab-d13a-4872-9ecc-20039319d5fd","2022-02-07 10:55:33.748"
"ALC","76.980","1","77.050","7","15","76.89","e7a9438d-5216-4753-849d-14d78d927f2e","2022-02-07 11:24:59.162"
"ALC","76.980","1","77.050","7","15","76.89","a84d7e32-45a5-4a27-82ef-20196217645a","2022-02-07 11:24:59.162"
"ALC","76.890","3","76.970","1","-15","77.00","b278d4f5-ead3-4a51-87e8-99ae73fae188","2022-02-07 11:25:41.565"
"ALC","76.890","3","76.970","1","-15","77.00","e7550de5-1ea2-4289-aaca-bd56062b9415","2022-02-07 11:25:41.565"
"ALC","76.940","2","77.020","3","15","76.95","cd0f3ed8-ce53-4fb6-b695-3e7d70d94595","2022-02-07 11:29:49.463"
"ALC","76.950","1","77.030","1","15","76.95","c62a9d9c-e0ed-47c3-9a88-3cf516dcdf1f","2022-02-07 11:29:49.463"
"ALC","76.970","5","77.030","2","15","76.95","619c6362-bade-4ff7-b2e8-00b1b4d61e59","2022-02-07 11:29:49.463"
"ALC","76.980","6","77.050","1","15","76.95","e6e80507-7f70-414e-8c5e-e4d0d34c7d5f","2022-02-07 11:29:49.463"
"ALC","76.920","1","76.970","1","-15","76.97","29eb65c1-82f0-456b-99c5-a42a64cd1829","2022-02-07 11:31:20.551"
"ALC","76.920","1","76.970","1","-15","76.97","b942ab94-3ece-4f15-9fda-50751e8a82bd","2022-02-07 11:31:20.551"
"ALC","76.930","1","76.960","1","-15","76.96","277d2426-00e4-4abe-8cd9-59d6ed35d2ce","2022-02-07 11:33:46.462"
"ALC","76.930","1","76.960","1","-15","76.96","0a89b116-0352-44bc-b2c4-d0a845524460","2022-02-07 11:33:46.462"
"ALC","77.000","7","77.080","8","15","76.81","66736ef1-b37e-41eb-8b10-4934342b8a35","2022-02-07 11:40:40.960"
"ALC","77.000","1","77.050","1","15","76.81","36959e0c-f494-473f-8d5a-423cca3fd433","2022-02-07 11:40:40.960"
"ALC","76.980","2","77.030","1","15","76.81","93471e01-39bf-4948-b42d-512a08e26208","2022-02-07 11:40:40.960"
"ALC","76.980","2","77.030","1","15","76.81","f604e8f6-7d46-43c8-9520-94f50ca80e16","2022-02-07 11:40:40.960"
"ALC","76.980","2","77.030","1","15","76.81","6a935a71-47fe-49b1-bbce-a48d5005430b","2022-02-07 11:40:40.960"
"ALC","76.980","7","77.060","7","15","76.81","8f7719e0-4cd1-4030-aaa7-6d9b429461e9","2022-02-07 11:40:40.960"
"ALC","76.980","7","77.060","7","15","76.81","44451f4c-04a5-4beb-bb89-1a1e6a382037","2022-02-07 11:40:40.960"
"ALC","76.980","7","77.060","7","15","76.81","da9ef8a2-e7be-4abe-bac2-dc53245fed36","2022-02-07 11:40:40.960"
"ALC","76.980","7","77.060","7","15","76.81","c6f6f074-3ce1-4f95-9db9-e6f9088f7a81","2022-02-07 11:40:40.960"
"ALC","76.510","2","76.670","1","-15","76.67","4b018d0b-e4b8-468e-8983-e54fcaae322e","2022-02-07 11:47:00.043"
"ALC","76.510","2","76.670","1","-15","76.67","a229061b-b5ec-40a0-9bf8-c25d9694fcb4","2022-02-07 11:47:00.043"
"ALC","76.510","2","76.670","1","-15","76.67","0c6d0de4-0df8-4d25-8bbb-2a0656f41510","2022-02-07 11:47:00.043"
"ALC","76.510","2","76.670","1","-15","76.67","42277e10-3c6a-4775-be1d-11dbd939c404","2022-02-07 11:47:00.043"
"ALC","76.590","2","76.670","1","-15","76.67","02876e32-8a46-4f02-a354-4ee6b92b2414","2022-02-07 11:47:45.294"
"ALC","76.590","2","76.670","1","-15","76.67","ae50bd2a-0718-42b6-9cac-263dee45e2b8","2022-02-07 11:47:45.294"
"ALC","76.590","2","76.670","1","-15","76.67","a3583d37-c496-45b2-83b1-66f621f37a7e","2022-02-07 11:47:45.294"
"ALC","76.590","2","76.670","1","-15","76.67","b59d7def-80d0-4001-b753-f33c5eb4e71d","2022-02-07 11:47:45.294"
"ALC","76.590","2","76.690","1","-15","76.69","8f7ece41-938b-42f3-80af-fdb66011425e","2022-02-07 11:48:01.459"
"ALC","76.630","3","76.730","1","15","76.73","944fc683-dda6-41cb-bf35-de2ad1b5f31e","2022-02-07 11:51:10.006"
"ALC","76.800","2","76.860","7","15","76.54","d8dcf5a7-b441-466f-a0a3-bca24de97028","2022-02-07 12:16:12.429"
"ALC","76.860","1","76.880","1","15","76.54","884442aa-c293-47fd-9e4f-bf18d8c72431","2022-02-07 12:16:12.429"
"ALC","76.860","1","76.880","1","15","76.54","705da014-d29d-455b-a27c-883200b2478a","2022-02-07 12:16:12.429"
"ALC","76.870","1","76.900","7","15","76.54","d744196a-3236-4537-a85a-4cbb4d6d4177","2022-02-07 12:16:12.429"
"ALC","76.880","1","76.900","7","15","76.54","bb0ec0b2-8cf4-409e-8498-b9a48e16ed37","2022-02-07 12:16:12.429"
"ALC","76.890","2","76.920","7","15","76.54","65d720b3-8a4a-43b9-806d-3e488d2f5928","2022-02-07 12:16:12.429"
"ALC","76.890","3","76.920","7","15","76.54","484350d1-4145-4629-902d-1c9522d1ea6a","2022-02-07 12:16:12.429"
"ALC","76.890","3","76.920","7","15","76.54","5d530540-2b25-4a73-9885-c480f29f1409","2022-02-07 12:16:12.429"
"ALC","76.890","3","76.900","5","15","76.54","ad088b85-dfae-416b-a0a6-a3050f94d12e","2022-02-07 12:16:12.429"
"ALC","76.890","3","76.900","5","15","76.54","a74d8ff8-5e82-49aa-9df8-a2e3ee3629a1","2022-02-07 12:16:12.429"
"ALC","76.930","2","76.960","6","15","76.54","64196db6-7e31-4e1d-883e-3828820236a3","2022-02-07 12:16:12.429"
"ALC","76.530","2","76.610","4","-15","76.61","8393e6df-2c96-4fc7-b2c6-9faa4ce207e0","2022-02-07 12:17:07.691"
"ALC","76.560","1","76.600","1","-15","76.60","b6e93819-6e68-45c7-aa92-35e23655c9b6","2022-02-07 12:20:00.189"
"ALC","76.560","1","76.600","1","-15","76.60","3d3c51c3-f859-42e6-a543-7a44a155abbc","2022-02-07 12:20:00.189"
"ALC","76.560","1","76.600","1","-15","76.60","746ab9d6-9378-4ac9-a965-d3eb5b2d449e","2022-02-07 12:20:00.189"
"ALC","76.560","1","76.600","1","-15","76.60","34c557e9-38d5-48c4-ace7-7e587982ab8f","2022-02-07 12:20:00.189"
"ALC","76.560","1","76.600","1","-15","76.65","69c22cf6-a54a-4df3-9ab6-ca37e8eadc73","2022-02-07 12:20:36.422"
"ALC","76.560","1","76.600","1","-15","76.65","c04a069e-e920-4e4f-937f-cf354b94a82c","2022-02-07 12:20:36.422"
"ALC","76.560","1","76.600","1","-15","76.65","e82a31bc-fe2a-4031-82b9-07db64e6168d","2022-02-07 12:20:36.422"
"ALC","76.650","2","76.690","1","-15","76.69","f2be75b2-0ee7-45b8-8ca2-068d414cc26c","2022-02-07 12:21:31.318"
"ALC","76.650","2","76.690","1","-15","76.69","c66e4ed5-62a2-40a4-b0b6-0e8f346a63cb","2022-02-07 12:22:02.806"
"ALC","76.650","3","76.710","1","-15","76.71","6f1dacd8-e657-4d25-b675-9baccadb1677","2022-02-07 12:23:20.081"
"ALC","76.650","3","76.710","1","-15","76.71","ccc6f450-59e9-4005-85a0-6d4a8c175cc0","2022-02-07 12:23:56.833"
"ALC","76.680","2","76.730","1","15","76.66","5f955e74-30b4-45b2-9055-7b417c59efb9","2022-02-07 12:25:08.931"
"ALC","76.660","2","76.730","1","15","76.66","3277800b-c8f0-42cb-a3e3-48469045a41e","2022-02-07 12:25:08.931"
"ALC","76.490","3","76.540","5","-15","76.54","95f3ef80-421d-438b-a375-00f877354e52","2022-02-07 12:30:30.252"
"ALC","76.490","2","76.570","3","-15","76.57","477a966b-8150-466b-a4b0-7401727d1517","2022-02-07 12:31:02.446"
"ALC","76.590","1","76.670","1","15","76.58","087ff75b-1b33-4f6a-b12a-76fa40697d58","2022-02-07 12:38:20.365"
"ALC","76.590","1","76.670","1","15","76.58","a433f85c-281d-4867-9d3d-08a316835dce","2022-02-07 12:38:20.365"
"ALC","76.590","2","76.680","2","15","76.56","f9313b4e-c457-410c-a4d1-8a991b751c4e","2022-02-07 12:38:32.002"
"ALC","76.590","2","76.680","2","15","76.56","ea41ba06-25f5-4187-8e8d-8a00215ad987","2022-02-07 12:38:32.002"
"ALC","76.590","2","76.680","2","15","76.56","b56d4c57-9355-47f8-b295-b31befa2868d","2022-02-07 12:38:32.002"
"ALC","76.590","2","76.680","2","15","76.56","b06c78dd-705e-4b60-bcae-e5482d75b6a0","2022-02-07 12:38:32.002"
"ALC","76.590","2","76.680","2","15","76.56","62342877-e708-49e7-bac5-34862967770c","2022-02-07 12:38:32.002"
"ALC","76.590","2","76.680","2","15","76.56","07032bf5-408a-4ee6-8bbc-57b045f4fa23","2022-02-07 12:38:32.002"
"ALC","76.590","1","76.680","2","15","76.56","cf3e77b1-911a-4661-9d45-83b4fcacb01d","2022-02-07 12:38:32.002"
"ALC","76.590","1","76.680","2","15","76.56","6d909ec6-5e7b-4263-92d5-dc39bee833dc","2022-02-07 12:38:32.002"
"ALC","76.590","1","76.680","2","15","76.56","3c0cff17-7a99-4cf1-9022-591fb48d495b","2022-02-07 12:38:32.002"
"ALC","76.590","1","76.670","1","15","76.56","db4f73d7-ecae-4e54-a3be-81b4610c4bb6","2022-02-07 12:38:32.002"
"ALC","76.590","1","76.670","1","15","76.56","a1b641cc-effd-4690-adeb-bb2d91c5e311","2022-02-07 12:38:32.002"
"ALC","76.490","1","76.560","4","-15","76.56","01067cd6-4c22-4e94-a859-ede0adce6400","2022-02-07 12:40:03.530"
"ALC","76.510","3","76.640","1","-15","76.64","7894d83a-60c7-49f0-b28a-9cd7993a50a2","2022-02-07 12:46:41.155"
"ALC","76.510","3","76.640","1","-15","76.64","2cb0d3b3-4895-4864-9712-9a7ee3910694","2022-02-07 12:46:41.155"
"ALC","76.510","3","76.640","1","-15","76.64","3198448e-d163-4fec-9ec9-0bedb061d60d","2022-02-07 12:46:41.155"
"ALC","76.510","3","76.640","1","-15","76.64","7fd1f681-3335-46d1-a192-9650d1621607","2022-02-07 12:46:41.155"
"ALC","76.510","3","76.640","1","-15","76.64","a0a1bbaa-5eec-4606-bdf9-bd5f5b4058dc","2022-02-07 12:46:41.155"
"ALC","76.510","3","76.640","1","-15","76.64","f39531a6-72fd-4df0-ab45-bfc2d526d2a9","2022-02-07 12:46:41.155"
"ALC","76.510","3","76.640","1","-15","76.64","a43f9066-ab09-4e83-ada1-502d498d09c5","2022-02-07 12:46:41.155"
"ALC","76.510","3","76.640","1","-15","76.64","788b642b-09fb-42da-9d50-26ca0537a19f","2022-02-07 12:46:41.155"
"ALC","76.510","3","76.640","1","-15","76.64","63a0495f-30ae-4229-873e-746db2e7fb70","2022-02-07 12:46:41.155"
"ALC","76.510","3","76.640","1","-15","76.64","04d55bbf-66d1-46de-afb5-c4310da4c94e","2022-02-07 12:46:41.155"
"ALC","76.510","3","76.640","1","-15","76.64","4d0775a6-df6b-47d8-9a6b-b0dd8b769a48","2022-02-07 12:46:41.155"
"ALC","76.510","3","76.640","1","-15","76.64","5300a133-0537-4bdb-91c4-900997ff1de2","2022-02-07 12:46:41.155"
"ALC","77.150","2","77.210","12","15","77.09","d0fd270a-f83c-489d-89db-9845edf04ade","2022-02-07 13:45:45.880"
"ALC","77.150","3","77.220","8","15","77.01","a8227c64-714d-4a16-837a-87acd6791d41","2022-02-07 13:50:03.236"
"ALC","77.000","1","77.060","3","-15","77.06","ff663cda-2c37-4012-99c3-a0bd5c1d381f","2022-02-07 13:54:06.511"
"ALC","77.000","2","77.060","3","-15","77.06","ca95e02a-456e-450c-9bbf-ffe5708ebf50","2022-02-07 13:54:06.511"
"ALC","77.050","5","77.150","3","15","77.06","43f39961-95c6-464c-b786-ceccaeaff3b7","2022-02-07 13:56:32.010"
"ALC","77.050","2","77.140","3","-15","77.14","90a50046-344f-4230-95be-879116301ecd","2022-02-07 13:58:10.732"
"ALC","77.380","1","77.470","1","15","77.30","db81baee-a427-43b0-a5fd-9468dc9400ea","2022-02-07 14:50:07.361"
"ALC","77.390","1","77.490","2","15","77.26","522f4507-9a5d-42e3-be86-b571ebe5847e","2022-02-07 14:50:21.161"
"ALC","77.400","1","77.480","1","15","77.26","e73f4b3b-52d6-47a5-8b37-646e1afd9b5d","2022-02-07 14:50:21.161"
"ALC","77.390","1","77.480","2","15","77.26","794a3069-a29c-429d-a8f3-2d066c7a076a","2022-02-07 14:50:21.161"
"ALC","77.390","1","77.480","2","15","77.26","6e0d8619-8dc4-4965-91d2-66f30da94091","2022-02-07 14:50:21.161"
"ALC","77.380","2","77.470","1","15","77.26","87de4215-d470-4143-9c54-14dd196e51bf","2022-02-07 14:50:21.161"
"ALC","77.380","2","77.470","1","15","77.26","442826d9-6ef7-4a2b-b60a-0e5276a3e8be","2022-02-07 14:50:21.161"
"ALC","77.380","1","77.470","3","15","77.26","37d10b38-f055-4161-abd9-43b113f1cbac","2022-02-07 14:50:21.161"
"ALC","77.380","1","77.470","3","15","77.26","3c1296bc-5207-4adb-8115-22a06f46739c","2022-02-07 14:50:21.161"
"ALC","77.380","1","77.470","1","15","77.26","08f7368d-9525-4fe4-9bb4-d793ff85ba3a","2022-02-07 14:50:21.161"
"ALC","77.350","2","77.400","1","15","77.25","0d965637-6f10-4437-ad87-213821117ddd","2022-02-07 14:50:25.562"
"ALC","77.350","2","77.400","1","15","77.25","cfb7a0e4-45af-4959-b41d-a26e228608af","2022-02-07 14:50:25.562"
"ALC","77.360","2","77.430","1","15","77.25","a5c4670b-7ed8-4a72-9855-d68302220cc8","2022-02-07 14:50:25.562"
"ALC","77.360","3","77.450","1","15","77.25","59586049-8478-421b-8034-d7ec4420b246","2022-02-07 14:50:25.562"
"ALC","77.360","3","77.450","1","15","77.25","274db15e-1861-402d-b002-e93387d05bf2","2022-02-07 14:50:25.562"
"ALC","77.390","1","77.480","2","15","77.25","57b10765-81fc-411b-b227-58647e0683b3","2022-02-07 14:50:25.562"
"ALC","77.390","1","77.480","2","15","77.25","fe19ef59-c989-4229-bd17-09b9e24aa3bf","2022-02-07 14:50:25.562"
"ALC","77.250","2","77.340","1","-15","77.35","6eec9d55-867b-4311-af76-f102b2dfdddf","2022-02-07 14:51:46.460"
"ALC","77.250","2","77.340","1","-15","77.35","31999047-6039-4ca7-933e-68e492a56dbb","2022-02-07 14:51:46.460"
"ALC","77.250","2","77.340","1","-15","77.35","eba7aa50-bb64-4169-b023-7a6a0911340a","2022-02-07 14:51:46.460"
"ALC","77.250","2","77.340","1","-15","77.35","3fb7de53-c1e9-45f1-8cda-4891e6593d40","2022-02-07 14:51:46.460"
"ALC","77.250","2","77.340","1","-15","77.35","13be186a-9613-4ca8-bb96-70797395b584","2022-02-07 14:51:46.460"
"ALC","77.250","2","77.340","1","-15","77.35","7503a50a-a43e-4f37-b8a6-94cb1de75392","2022-02-07 14:51:46.460"
"ALC","77.250","2","77.340","1","-15","77.35","cb147500-ce87-44b1-883f-68d419c09641","2022-02-07 14:51:46.460"
"ALC","77.250","2","77.340","1","-15","77.35","0dc37ea1-06df-444b-b617-a2253a1b6976","2022-02-07 14:51:46.460"
"ALC","77.250","2","77.340","1","-15","77.35","c48434a0-b85a-48a8-8f27-4a7fec27a2cc","2022-02-07 14:51:46.460"
"ALC","77.250","2","77.340","1","-15","77.35","5c04cf25-9a19-40fc-8e8f-91a0af362cd8","2022-02-07 14:51:46.460"
"ALC","77.250","2","77.340","1","-15","77.35","dc54fdc9-0495-4c67-bb33-1136a65b8665","2022-02-07 14:51:46.460"
"ALC","77.250","2","77.340","1","-15","77.35","505a1851-6a3b-40da-8bdb-e664e9c2ea17","2022-02-07 14:51:46.460"
"ALC","77.250","2","77.340","1","-15","77.35","f018c7b4-0c9f-4135-b918-b5f325dfeaed","2022-02-07 14:51:46.460"
"ALC","77.250","2","77.340","1","-15","77.35","9fad8f5e-0f3d-4662-88b8-f0c7f803c85c","2022-02-07 14:51:46.460"
"ALC","77.250","2","77.340","1","-15","77.35","cc4d90cb-e01e-4830-8e32-641bdae9b5f5","2022-02-07 14:51:46.460"
"ALC","77.270","1","77.320","3","-15","77.35","e4f203ff-fe5e-4652-963c-0b987da94fda","2022-02-07 14:54:03.963"
"ALC","77.280","1","77.360","3","-15","77.36","8800ef26-a98f-4ddd-8359-5efd2a53b84e","2022-02-07 15:02:03.599"
"ALC","77.330","2","77.400","3","15","77.27","6237bd96-ffbc-45c0-bb80-cf37a91c3b80","2022-02-07 15:20:26.289"
"ALC","77.330","2","77.400","3","15","77.27","20640dcd-818d-4a41-9800-c0ed77af2e3d","2022-02-07 15:20:26.289"
"ALC","77.310","2","77.390","2","15","77.27","752113cf-0b06-4578-a732-454a1a8b7c22","2022-02-07 15:20:26.289"
"ALC","77.320","5","77.380","1","15","77.27","2d2b596f-0ae5-4bad-9e57-daabd6d2eda5","2022-02-07 15:20:26.289"
"ALC","77.330","2","77.380","1","15","77.27","b16547f3-8683-4dbc-8f97-d729e23ad5ab","2022-02-07 15:20:26.289"
"ALC","77.330","2","77.380","1","15","77.27","ee82624d-82d8-4589-b255-b68711cd5cb2","2022-02-07 15:20:26.289"
"ALC","77.330","2","77.380","1","15","77.27","e4a72b58-6168-4d8a-99a0-923b94b6e30f","2022-02-07 15:20:26.289"
"ALC","77.330","2","77.380","1","15","77.27","d5fc1654-3094-425b-8117-cb3d9861a975","2022-02-07 15:20:26.289"
"ALC","77.300","1","77.330","1","-15","77.33","651ed50d-9c44-47cc-804b-055d88dfa464","2022-02-07 15:21:50.808"
"ALC","77.300","1","77.330","1","-15","77.33","65ef2ae0-0a46-43c0-b225-6c61b8c9c76f","2022-02-07 15:21:50.808"
"ALC","77.300","1","77.330","1","-15","77.33","2ebd14f0-92b1-4d33-a045-ea7b2e7d26ae","2022-02-07 15:21:50.808"
"ALC","77.300","1","77.330","1","-15","77.33","187070dd-a2c3-4cbf-a69e-4630875a570d","2022-02-07 15:21:50.808"
"ALC","77.150","2","77.230","2","-15","77.23","58bcd4a6-4b5f-4d56-a567-2c2e4c1f7887","2022-02-07 15:25:20.757"
"ALC","77.150","2","77.230","2","-15","77.23","ad2d6b1c-d6dc-4860-a3c9-511a476e6eab","2022-02-07 15:25:20.757"
"ALC","77.150","5","77.250","2","-15","77.25","e866b2bf-3241-420e-a88f-e1f1db41fe4b","2022-02-07 15:25:21.103"
"ALC","77.150","5","77.250","2","-15","77.25","217f3ffc-d339-4b83-a4a3-68fe7c04a126","2022-02-07 15:25:21.103"
"AEE","86.650","1","86.720","1","13","86.37","65e3e220-6a4a-471c-84ff-c048f523b6f8","2022-02-07 09:58:16.061"
"AEE","86.650","1","86.720","1","13","86.37","5b9c1d71-4acc-4172-bfe4-ed3428fadb95","2022-02-07 09:58:16.061"
"AEE","86.660","1","86.720","2","13","86.37","f810a966-2a85-48fa-a07c-b6e02bbd1b6a","2022-02-07 09:58:16.061"
"AEE","86.620","3","86.700","1","13","86.37","fdc80284-7ebb-4bb6-8e40-f5edd2b47427","2022-02-07 09:58:16.061"
"AEE","86.670","1","86.740","2","13","86.37","95e8fc1f-88c3-4e51-a994-cd0856b6dbed","2022-02-07 09:58:16.061"
"AEE","86.630","1","86.690","4","13","86.37","dfab6cd0-d339-4e16-bcbe-e95ea8719c2d","2022-02-07 09:58:16.061"
"AEE","86.490","1","86.550","1","-13","86.55","420f0764-ca0c-44a8-9eda-e4c647ce5822","2022-02-07 10:00:05.250"
"AEE","86.490","1","86.550","1","-13","86.55","441c6494-78b5-44a5-99a3-5f600b7100ab","2022-02-07 10:00:05.250"
"AEE","86.500","1","86.600","1","-13","86.60","8520c6de-9aa7-4ccb-acc1-27ea66578464","2022-02-07 10:00:14.512"
"AEE","86.500","1","86.600","1","-13","86.60","b8028b6e-201e-46e6-bf34-3344b316386a","2022-02-07 10:00:14.512"
"AEE","86.550","1","86.640","1","-13","86.64","206b6823-5295-4995-a1aa-ea01a954cff8","2022-02-07 10:00:24.725"
"AEE","86.550","1","86.650","1","-13","86.65","3f123d61-6ea6-4fcc-b18d-9487dcb0e80e","2022-02-07 10:00:39.577"
"AEE","86.980","3","87.020","2","13","86.88","b7cef717-0d53-4d83-bcac-5e3adab60675","2022-02-07 10:43:12.029"
"AEE","86.990","2","87.020","2","13","86.88","066eb278-85b7-4710-aa61-a099c98badff","2022-02-07 10:43:12.029"
"AEE","86.980","2","87.020","2","13","86.88","a3160030-bd63-4598-bf65-9d9870c276f6","2022-02-07 10:43:12.029"
"AEE","86.980","1","87.020","2","13","86.88","90ab8026-1f89-455a-9ba7-f7a8ef77a398","2022-02-07 10:43:12.029"
"AEE","87.010","1","87.020","2","13","86.88","5b85da3b-f494-427c-9852-1ee7f8650804","2022-02-07 10:43:12.029"
"AEE","86.980","5","87.020","1","13","86.88","6c166478-af59-4349-8592-9e224db133d1","2022-02-07 10:43:12.029"
"AEE","86.990","2","87.030","4","13","86.88","f0c0d2c0-be4d-4d02-8582-3e517d3e9f68","2022-02-07 10:43:12.029"
"AEE","86.970","2","87.010","2","13","86.88","dee228cd-cb4a-478d-b717-8355e1a9f1d5","2022-02-07 10:43:12.029"
"AEE","86.980","3","87.010","1","13","86.88","3fef2dc5-e4d6-426b-9072-7c94e61f426d","2022-02-07 10:43:12.029"
"AEE","86.990","3","87.030","2","13","86.88","5208d26a-2502-463b-8997-62c832ec2fef","2022-02-07 10:43:12.029"
"AEE","86.980","4","87.030","4","13","86.88","60a28f50-dc3f-4288-9d6c-fc78059274b1","2022-02-07 10:43:12.029"
"AEE","86.960","4","87.020","4","13","86.83","95d62e6f-f575-40cd-8acf-2d788d42ba24","2022-02-07 10:44:03.743"
"AEE","86.830","1","86.860","1","-13","86.86","664c700b-05ec-4910-932a-68856f316375","2022-02-07 10:44:55.055"
"AEE","86.830","1","86.860","1","-13","86.86","7a08b1df-5998-48c4-a85a-f39be2541c1f","2022-02-07 10:44:55.055"
"AEE","86.840","2","86.870","2","-13","86.87","db526eb7-0127-4ccb-8c0e-ca373c265df4","2022-02-07 10:45:05.597"
"AEE","86.840","2","86.870","2","-13","86.87","f6c1b946-b7c2-4e35-9afc-72e98dc41054","2022-02-07 10:45:05.597"
"AEE","86.840","2","86.870","2","-13","86.87","fc644c7a-a762-4ce8-90b9-08cd7b41085a","2022-02-07 10:45:05.597"
"AEE","86.840","2","86.870","2","-13","86.87","f0d86c95-78b3-4360-bf24-799a063b4f2f","2022-02-07 10:45:05.597"
"AEE","86.840","2","86.870","2","-13","86.87","db36b369-470e-4ee6-bc68-236d2593837a","2022-02-07 10:45:05.597"
"AEE","86.870","1","86.900","1","-13","86.90","5ac87b7e-8079-4173-aa28-ab2d3ab3c99a","2022-02-07 10:45:14.687"
"AEE","86.870","1","86.900","1","-13","86.90","0005e951-83ba-45c4-91a1-7b2c90c3e066","2022-02-07 10:45:14.687"
"AEE","86.870","1","86.900","1","-13","86.90","55494d98-5f66-4942-a2b7-82ad67a3b23f","2022-02-07 10:45:14.687"
"AEE","86.870","1","86.890","2","-13","86.89","f1183596-f752-49e5-97e7-a83a4eb5f3d1","2022-02-07 10:45:34.560"
"AEE","86.860","8","86.890","1","-13","86.89","56b5d430-8b91-4a45-841d-3972ece9b081","2022-02-07 10:47:00.724"
"AEE","86.990","2","87.030","1","13","86.78","f3022a90-c955-435c-a2cc-401767a20e95","2022-02-07 10:51:03.902"
"AEE","86.960","1","87.010","1","13","86.76","18d5ca4b-5a80-4562-aa0c-c4a6c06a5f69","2022-02-07 10:51:59.610"
"AEE","86.690","3","86.760","1","-13","86.76","a9a199c6-7fe8-4f6c-b214-2448257ca847","2022-02-07 10:56:32.826"
"AEE","86.690","2","86.760","2","-13","86.76","a01fe8ab-c818-47d7-be9a-c0465764f96e","2022-02-07 10:56:32.826"
"AEE","86.660","2","86.740","4","13","86.53","ff1f5a0d-fd32-45d0-80af-1bdcf64e532a","2022-02-07 11:02:38.556"
"AEE","86.660","2","86.740","4","13","86.53","bc53912e-a355-4124-9031-fa0fdd362dce","2022-02-07 11:02:38.556"
"AEE","86.710","2","86.770","1","13","86.53","681ad410-a620-49b7-a309-b5cfef324983","2022-02-07 11:02:38.556"
"AEE","86.730","1","86.810","1","13","86.53","998fd5fc-7d9f-4445-846b-91c93b146b56","2022-02-07 11:02:38.556"
"AEE","86.770","1","86.840","2","13","86.51","4d8dfdfd-e295-46b4-b254-bc8d775d387d","2022-02-07 11:03:06.311"
"AEE","86.770","1","86.840","2","13","86.51","84d0f647-a23a-42ff-867d-21c8860ce2ee","2022-02-07 11:03:06.311"
"AEE","86.760","2","86.840","1","13","86.51","6e936ef2-846f-4b84-9d3a-ab035a335a86","2022-02-07 11:03:06.311"
"AEE","86.810","1","86.860","1","13","86.51","e68e04f6-a825-4986-9d09-bb852af4a112","2022-02-07 11:03:06.311"
"AEE","86.760","1","86.840","2","13","86.51","6ed57ebc-ac61-44da-936e-16cb7508d5d1","2022-02-07 11:03:06.311"
"AEE","86.570","1","86.600","1","-13","86.60","de4a8f0e-df83-43f5-bd00-9dfea68e009c","2022-02-07 11:04:46.686"
"AEE","86.570","1","86.600","1","-13","86.60","7341fc2a-9602-4946-8cf7-3ae8d995755c","2022-02-07 11:04:46.686"
"AEE","86.570","1","86.600","1","-13","86.60","702f63a8-c5ea-428a-98c5-554caacb8613","2022-02-07 11:04:46.686"
"AEE","86.460","1","86.490","2","-13","86.50","96e69a6c-73a9-4302-ab67-65e0dc4910a0","2022-02-07 11:09:39.795"
"AEE","86.460","1","86.490","2","-13","86.50","7ab51ebe-e999-45cd-ae16-0ca701d054ea","2022-02-07 11:09:39.795"
"AEE","86.460","1","86.490","2","-13","86.50","150890d9-92bc-40dd-a467-6bef111898a3","2022-02-07 11:09:39.795"
"AEE","86.470","3","86.510","1","-13","86.51","9e6dc99b-7b81-4390-9ba7-4a021d7d77d6","2022-02-07 11:09:40.857"
"AEE","86.470","3","86.510","1","-13","86.51","cb3980d0-9586-4bd7-bf82-3d16b7405bd7","2022-02-07 11:09:40.857"
"AEE","86.460","1","86.500","2","-13","86.50","ee788568-ba14-4c4a-9aa3-bb110f3398b8","2022-02-07 11:10:35.404"
"AEE","86.590","3","86.650","2","13","86.60","683c1886-dae8-4f7e-aab9-dec7f0ac1f58","2022-02-07 11:16:10.907"
"AEE","86.610","3","86.650","1","-13","86.65","5411e04a-a96e-409c-9c18-571b55f53f50","2022-02-07 11:17:12.262"
"AEE","87.120","1","87.160","1","13","87.13","8811f8bc-421d-458b-a7a0-416c6c5447c3","2022-02-07 12:12:22.065"
"AEE","87.120","1","87.160","3","-13","87.16","5771e8af-0e64-49d8-b6bf-3176f5364d7c","2022-02-07 12:14:07.916"
"AEE","87.100","2","87.130","1","13","87.11","9238164b-f108-4925-b73b-53be611ff815","2022-02-07 12:14:31.642"
"AEE","87.150","3","87.180","1","13","87.11","35c670de-14c8-493c-9321-9c8ba2d51eb4","2022-02-07 12:14:31.642"
"AEE","87.100","4","87.140","1","-13","87.16","1319febf-83bb-4bae-87e0-c13477e20378","2022-02-07 12:15:57.918"
"AEE","87.100","4","87.140","1","-13","87.16","6530c16f-c0f1-414a-9bee-8af15b408de6","2022-02-07 12:15:57.918"
"AEE","87.170","3","87.180","4","13","87.06","938e2cd8-915a-4289-929f-2a7b45d06ffd","2022-02-07 12:56:42.781"
"AEE","87.170","3","87.180","4","13","87.06","dcfba7dd-9d47-46bb-ad1a-d6a2eb4a93aa","2022-02-07 12:56:42.781"
"AEE","87.200","2","87.210","1","13","87.06","f960deb1-7ff6-40ef-9f10-cadb985b3fa5","2022-02-07 12:56:42.781"
"AEE","87.190","2","87.210","3","13","87.06","fb012fb1-5c44-4e6d-9eeb-75f1dda89754","2022-02-07 12:56:42.781"
"AEE","87.190","2","87.210","3","13","87.06","fe1cf7d4-c305-4e62-9ff0-7830f86405df","2022-02-07 12:56:42.781"
"AEE","87.200","2","87.210","1","13","87.06","c02e8485-a3eb-4ab5-9f1d-9afd9e9d2762","2022-02-07 12:56:42.781"
"AEE","87.200","2","87.220","1","13","87.06","c598f457-bf1a-4ed5-842a-c2628dbc7586","2022-02-07 12:56:42.781"
"AEE","87.090","2","87.120","2","-13","87.12","adff5c09-c916-4aa8-8912-be9e360e54b1","2022-02-07 13:00:14.158"
"AEE","87.090","2","87.120","2","-13","87.12","f65a487d-e5bd-4431-99a4-170a69e06f07","2022-02-07 13:00:14.158"
"AEE","87.090","2","87.120","2","-13","87.12","8d5dae65-798d-47f3-944e-eb41bd0948c0","2022-02-07 13:00:14.158"
"AEE","87.070","2","87.100","1","-13","87.10","5f8180b8-9efc-4557-b29b-03d6e0814119","2022-02-07 13:01:32.495"
"AEE","87.070","2","87.100","1","-13","87.10","c5ab7ffc-f7f2-4d5e-a862-a54ed74b86e8","2022-02-07 13:01:32.495"
"AEE","87.060","4","87.100","1","-13","87.10","e59a6331-eec5-4855-8717-41df6677e529","2022-02-07 13:01:32.495"
"AEE","87.100","2","87.130","4","-13","87.13","bd1073d1-0125-47ab-bf99-1df0edf34839","2022-02-07 13:02:16.800"
"AEE","87.220","3","87.260","3","13","87.14","29d66b03-49a9-4864-91ff-2d0226824aa4","2022-02-07 13:16:19.341"
"AEE","87.220","3","87.260","3","13","87.14","eb06c812-fd82-49c6-b8fe-fde99b34470b","2022-02-07 13:16:19.341"
"AEE","87.220","3","87.260","3","13","87.14","23f4baf4-c9ee-4673-bc45-ba75461cd8d9","2022-02-07 13:16:19.341"
"AEE","87.220","1","87.240","5","13","87.14","d7243807-877e-4b25-92c0-b9fd340a392e","2022-02-07 13:16:19.341"
