"Symbol","Bid","Bid Sz","Ask","Ask Sz","Shares","Price","Order ID","Timestamp"
"AA","62.310","1","62.390","11","18","61.84","3d340b6a-a04d-4c0e-91bf-750ff541f4aa","2022-01-26 10:16:10.464"
"AA","62.470","1","62.510","3","18","61.82","915fe0a3-a1b0-4cc6-97ed-274159fa44bd","2022-01-26 10:16:11.363"
"AA","62.330","2","62.400","1","18","61.82","bc9cf952-5bf7-4e99-9634-f6b0472159de","2022-01-26 10:16:11.363"
"AA","62.370","1","62.390","1","18","61.82","c39b35ba-f9b5-4405-ad05-a77e6630eee4","2022-01-26 10:16:11.363"
"AA","62.380","1","62.440","5","18","61.82","a92e3cf3-3b4d-492f-a77f-1687c0ad2b77","2022-01-26 10:16:11.363"
"AA","61.880","8","61.910","2","-18","61.91","0c6b701c-5e40-4d16-81e0-e779a4fd9680","2022-01-26 10:16:33.331"
"AA","61.880","8","61.910","2","-18","61.91","20f86691-3178-4617-ad0a-d26e8c0114fe","2022-01-26 10:16:33.331"
"AA","61.880","8","61.910","2","-18","61.91","08498d4e-cacb-44cd-a83f-7710c379c9db","2022-01-26 10:16:33.331"
"AA","61.910","1","61.950","3","-18","61.95","79a11c42-fc21-4d73-89c9-1f713ef3a55d","2022-01-26 10:16:45.844"
"AA","61.960","1","62.000","1","-18","62.00","a4615cc7-c3ae-4983-83ae-c2a5ced175d7","2022-01-26 10:16:51.036"
"AA","62.380","7","62.400","1","18","62.29","444bec3e-1769-4e5f-8862-1a3df68f36f6","2022-01-26 10:24:16.444"
"AA","62.350","3","62.410","1","-18","62.42","78fb5e8d-1252-47de-b382-a2cd9d75e348","2022-01-26 10:24:43.010"
"AA","62.510","9","62.560","5","18","62.15","d2e41b9b-2b2c-4d78-85dd-fadb9dda8e2f","2022-01-26 10:25:28.135"
"AA","62.440","9","62.510","3","18","62.15","0fa1861b-adb2-4335-aba4-ff3c80c3545f","2022-01-26 10:25:28.135"
"AA","62.440","1","62.480","2","18","62.15","959590f3-e618-4e22-a159-a91098ddf33e","2022-01-26 10:25:28.135"
"AA","62.540","1","62.580","1","18","62.02","cc21d7a8-8d61-4872-bfae-610cea2eb2de","2022-01-26 10:25:40.347"
"AA","62.020","2","62.080","3","-18","62.09","bf88561e-7675-493c-805d-b42f64f9eca6","2022-01-26 10:25:43.483"
"AA","62.020","2","62.080","3","-18","62.09","5ddee484-dba5-4a9c-b491-7ab01f0fa93b","2022-01-26 10:25:43.483"
"AA","62.080","1","62.140","1","-18","62.15","e4c44ea3-467b-4686-9599-e0bd70338976","2022-01-26 10:25:52.257"
"AA","62.110","3","62.160","1","-18","62.16","d5427aaf-216c-4360-a193-a35ec7f0cd9a","2022-01-26 10:26:10.420"
"AA","62.600","3","62.630","2","18","61.92","79bd0196-c681-4670-8156-ece91de510f2","2022-01-26 10:27:11.444"
"AA","62.530","1","62.570","1","18","61.92","c0c0eb1b-1a4e-4013-97f7-9d23c2e71e1e","2022-01-26 10:27:11.444"
"AA","62.460","1","62.510","1","18","61.92","729d5fd3-2282-4c7a-995d-42078d1a8013","2022-01-26 10:27:11.444"
"AA","62.480","1","62.530","1","18","61.92","13324011-1775-4995-bf58-39de7ca053ce","2022-01-26 10:27:11.444"
"AA","62.490","3","62.520","1","18","61.92","dc4a90ef-653c-4f25-93f9-bac2927113d6","2022-01-26 10:27:11.444"
"AA","62.490","1","62.550","5","18","61.92","efb6fb4c-0627-4a88-abb3-927f32856e82","2022-01-26 10:27:11.444"
"AA","61.960","6","62.010","4","-18","62.01","c0402bd0-2d3e-4aa6-a3b2-ed38fbe6e92d","2022-01-26 10:27:31.613"
"AA","61.960","6","62.010","4","-18","62.01","30e5f702-c22e-46a4-829a-963510441525","2022-01-26 10:27:31.613"
"AA","61.960","6","62.010","4","-18","62.01","0b3da696-e0fc-4d5b-b6ad-bedbd81a2916","2022-01-26 10:27:31.613"
"AA","62.200","4","62.220","1","18","61.77","020b1452-f905-4549-8a44-e10915eeedde","2022-01-26 10:28:01.238"
"AA","62.170","8","62.220","1","18","61.77","c0edea22-ea93-4f99-8acb-c1d507f074fc","2022-01-26 10:28:01.238"
"AA","62.180","8","62.220","1","18","61.77","75b2c7c5-d874-4fc8-9fb8-ee5f7f9c2521","2022-01-26 10:28:01.238"
"AA","62.510","1","62.560","5","18","61.66","19dbfc25-98a1-4776-aa16-2e74798fb434","2022-01-26 10:28:52.628"
"AA","61.620","1","61.660","2","-18","61.66","359f61d4-cb59-4079-9713-ebebcdf73607","2022-01-26 10:29:06.132"
"AA","61.620","1","61.660","2","-18","61.66","913ce467-5505-4e45-a4c9-f9ea7bfa7b51","2022-01-26 10:29:06.132"
"AA","61.660","8","61.710","2","-18","61.71","8a154a10-f371-4c72-b66d-91eeb6d78ff6","2022-01-26 10:29:21.209"
"AA","61.700","1","61.740","1","-18","61.74","7443b853-b76e-4839-923d-ae58a38ccc57","2022-01-26 10:29:33.239"
"AA","61.700","1","61.740","1","-18","61.74","bf863ebf-8223-4411-a571-ad08101e9b33","2022-01-26 10:29:33.239"
"AA","61.630","2","61.670","4","-18","61.67","99f6e859-9e3f-4d70-8a31-7187bffd511a","2022-01-26 10:29:56.787"
"AA","61.540","1","61.600","4","-18","61.60","c9b9bc89-4996-4b92-9295-26f606facb09","2022-01-26 10:30:29.156"
"AA","62.030","2","62.070","8","18","62.07","36de9f53-aa35-4a20-adb2-ef7eb8515ae1","2022-01-26 10:40:50.006"
"AA","62.060","1","62.100","1","-18","62.11","a0f007e2-ea63-4559-8dfd-67faed11dad7","2022-01-26 10:41:49.722"
"AA","62.060","9","62.120","2","18","62.10","3f462e13-ad7c-4dc4-861a-89cd5774ae71","2022-01-26 10:42:12.997"
"AA","62.070","63","62.120","22","-18","62.12","6082a242-cc2e-4032-ba06-8ac43dc2db13","2022-01-26 10:42:39.758"
"AA","62.140","1","62.180","17","18","61.85","62fcb92e-b090-4a22-ba3f-b1abebc148c1","2022-01-26 10:47:01.458"
"AA","61.670","10","61.720","1","-18","61.72","f956f329-78aa-4ce4-a291-8feabf264ac2","2022-01-26 10:48:06.032"
"AA","61.970","1","62.010","4","18","61.61","0fe60c61-a07c-4c32-9091-a8821bfbaf8e","2022-01-26 10:50:58.591"
"AA","62.020","4","62.070","1","18","61.61","e81f30cf-2e8a-4434-a404-7aa437318866","2022-01-26 10:50:58.591"
"AA","61.440","5","61.520","5","-18","61.53","4ca7ee02-bff8-41d8-a8ea-5521cbbc7b70","2022-01-26 10:52:32.277"
"AA","61.520","2","61.580","7","-18","61.58","9d36c52b-09a8-4854-8a15-2828b3249c43","2022-01-26 10:52:37.676"
"AA","62.330","1","62.380","3","18","62.21","97aa2097-521f-4044-82da-48942ad20972","2022-01-26 11:32:45.281"
"AA","62.340","1","62.390","1","18","62.21","8ae621c4-1dd0-4900-8861-aa16fa9e8481","2022-01-26 11:32:45.281"
"AA","62.330","1","62.380","2","18","62.21","0643a201-7b6f-42f7-b530-39984504413f","2022-01-26 11:32:45.281"
"AA","62.190","2","62.250","1","-18","62.27","3bae5676-d27e-4a80-bd8c-cf1fe5c6bb33","2022-01-26 11:33:54.971"
"AA","62.240","1","62.280","2","-18","62.28","de1ff7f9-2329-45b0-af48-4adbd787c8e9","2022-01-26 11:33:55.709"
"AA","62.240","1","62.280","2","-18","62.28","3bdcbdec-7478-431f-8c17-6ae21b0d4747","2022-01-26 11:33:55.709"
"AA","63.200","4","63.210","8","18","63.03","0ac31a27-a857-4819-8b67-cdc63fa16c64","2022-01-26 12:57:29.878"
"AA","63.220","2","63.230","1","18","63.03","6e31eb8b-bc5e-4684-964d-87086ef836ab","2022-01-26 12:57:29.878"
"AA","63.210","1","63.230","2","18","63.03","bc1fa7cf-ccac-4c2c-b2c4-6e7239271c90","2022-01-26 12:57:29.878"
"AA","63.190","2","63.220","4","18","63.03","79c963ba-e9ab-4355-88c5-6ef0fa5f819a","2022-01-26 12:57:29.878"
"AA","63.190","1","63.210","1","18","63.03","d2498908-d691-49c5-b064-972567361411","2022-01-26 12:57:29.878"
"AA","63.260","1","63.280","5","18","63.01","5dff0fbe-e930-4da1-8238-371593d242b9","2022-01-26 12:57:32.779"
"AA","63.270","1","63.290","2","18","63.01","4f38fe4a-3f3f-4402-9c53-8b2486630e2a","2022-01-26 12:57:32.779"
"AA","63.260","1","63.280","2","18","63.01","82b0fc8c-6e74-497d-81ba-143ac2b0ca09","2022-01-26 12:57:32.779"
"AA","63.190","3","63.210","11","18","63.01","7e6bbbf8-5acb-4bc1-afd2-9db412a7a592","2022-01-26 12:57:32.779"
"AA","63.270","1","63.290","2","18","62.98","4e0ed599-e248-4b4a-831b-119f6ffa6118","2022-01-26 12:57:53.174"
"AA","63.250","2","63.280","5","18","62.98","3de618ae-c408-487f-9efe-6b4099aa03ff","2022-01-26 12:57:53.174"
"AA","63.280","1","63.300","15","18","62.98","c55af543-7c22-4106-b2da-f08f6847c690","2022-01-26 12:57:53.174"
"AA","63.240","1","63.260","1","18","62.98","7c73a6f2-1c44-4359-b342-f27d6967f0ee","2022-01-26 12:57:53.174"
"AA","63.250","1","63.270","2","18","62.98","164b996c-2bbf-4d9a-bbae-3b45ec880857","2022-01-26 12:57:53.174"
"AA","63.250","1","63.280","9","18","62.98","b4455f96-0c95-43aa-aa00-4d4c41b97554","2022-01-26 12:57:53.174"
"AA","63.250","2","63.280","3","18","62.98","ff5eeaab-0ce9-42d0-a1ed-f03615fbec26","2022-01-26 12:57:53.174"
"AA","63.240","2","63.280","2","18","62.98","b01cb2e2-a31b-476c-a7ed-38bb041e890b","2022-01-26 12:57:53.174"
"AA","63.020","2","63.050","2","-18","63.05","dbe12f4e-2859-4a3e-8856-3114667d8e94","2022-01-26 12:58:02.876"
"AA","63.020","2","63.050","2","-18","63.05","79e6e6c6-21df-4db0-8d01-ffb94404d56f","2022-01-26 12:58:02.876"
"AA","63.070","2","63.100","15","-18","63.10","bec86883-e9c4-453e-bbf8-4a99d9633b03","2022-01-26 12:58:10.823"
"AA","63.070","2","63.100","15","-18","63.10","9c82b368-464e-4b7a-a9e1-c73ea069f212","2022-01-26 12:58:10.823"
"AA","63.070","2","63.100","15","-18","63.10","47296427-ddb1-45a4-9109-d6de4589b7c7","2022-01-26 12:58:10.823"
"AA","63.070","2","63.100","15","-18","63.10","0d059c7b-1bc8-4ef7-8529-c572b4204d38","2022-01-26 12:58:10.823"
"AA","63.070","2","63.100","15","-18","63.10","a4429ec5-36cc-4a0a-b231-54b04783c518","2022-01-26 12:58:10.823"
"AA","63.070","2","63.100","15","-18","63.10","75e43e1f-6537-4e37-9eb5-53e29327ac9f","2022-01-26 12:58:10.823"
"AA","63.070","2","63.100","15","-18","63.10","5ce3052c-138d-4961-91a0-84f94f287e4f","2022-01-26 12:58:10.823"
"AA","63.070","2","63.100","15","-18","63.10","3705aef2-9763-40f9-9ea4-cd59b23931d6","2022-01-26 12:58:10.823"
"AA","63.060","2","63.080","1","-18","63.08","ccde5d7f-001b-40ae-81dc-e332f1c3c19b","2022-01-26 12:58:30.641"
"AA","63.060","2","63.080","1","-18","63.08","96f84568-1672-46a1-8786-b5eaabc6a026","2022-01-26 12:58:30.641"
"AA","63.060","2","63.080","2","-18","63.09","52418a3a-7801-4cac-bf7f-c7de117e8981","2022-01-26 12:58:47.392"
"AA","63.060","2","63.080","2","-18","63.09","c55e7d9c-9398-42bb-9b29-e21b918dcc0f","2022-01-26 12:58:47.392"
"AA","63.060","2","63.080","2","-18","63.09","5ed8c441-081c-4760-b1a1-f3c05fefb989","2022-01-26 12:58:47.392"
"AA","63.070","1","63.090","1","-18","63.09","fa4c9a5c-2b3c-468b-8c92-18a4450f45ba","2022-01-26 12:58:53.205"
"AA","63.060","2","63.090","4","-18","63.09","fb202647-4feb-4c32-8020-d65d0a675492","2022-01-26 12:59:03.411"
"AA","63.190","1","63.210","2","18","62.89","10469138-f133-49e5-8871-62af85b89076","2022-01-26 13:00:18.689"
"AA","62.530","3","62.570","3","-18","62.57","eb38c082-b1ee-43a6-bf9f-c64a63ea960f","2022-01-26 13:03:35.805"
"AA","62.690","1","62.710","1","18","62.71","f686f09a-068d-4005-9ea5-1fcc79a9e6b0","2022-01-26 13:16:40.006"
"AA","62.440","1","62.460","1","-18","62.46","cc9aa267-25a6-4987-8fa1-0aa58b997bfd","2022-01-26 13:23:30.904"
"AA","63.180","1","63.230","2","18","63.15","2f0daca2-93c8-426d-8a60-9e7bcfc6025f","2022-01-26 13:58:52.888"
"AA","63.200","11","63.260","2","18","63.15","72158706-54a4-4b68-9ddd-dad3b1a9483e","2022-01-26 13:58:52.888"
"AA","63.200","1","63.260","4","18","63.15","4533eb89-ab6d-4068-a267-aad3972aa5e9","2022-01-26 13:58:52.888"
"AA","63.290","2","63.320","1","18","63.04","f1b130f6-c9b6-40e6-a8be-b4b1778b015a","2022-01-26 13:59:06.199"
"AA","63.290","2","63.320","1","18","63.04","fae817cf-b2fa-43d6-9e60-0be7c36cc688","2022-01-26 13:59:06.199"
"AA","63.290","2","63.320","2","18","63.04","a65f29e8-b02d-4b77-81ac-84e6c841201d","2022-01-26 13:59:06.199"
"AA","63.310","2","63.340","3","18","63.04","71b08634-a426-46d3-bcf7-1c9545dce1ce","2022-01-26 13:59:06.199"
"AA","63.390","3","63.400","9","18","63.02","0a235505-ae7d-4706-b837-cb74b27f62e5","2022-01-26 13:59:12.617"
"AA","63.370","2","63.400","9","18","63.02","a46cc57a-21cf-483b-9b72-91ab8ac8fe5f","2022-01-26 13:59:12.617"
"AA","63.370","6","63.400","11","18","63.02","674c7589-0fd0-426b-9482-556448408a77","2022-01-26 13:59:12.617"
"AA","63.420","3","63.450","21","18","63.02","f48561bc-05c0-4a54-9da0-9bc51a6e2bec","2022-01-26 13:59:12.617"
"AA","63.410","1","63.440","3","18","63.02","158966e9-c009-4ab6-a2c0-9bb2361ba74a","2022-01-26 13:59:12.617"
"AA","63.330","1","63.360","2","18","63.02","ca190388-ff77-426f-aa7b-c3b78d8c89fd","2022-01-26 13:59:12.617"
"AA","63.340","2","63.380","2","18","63.02","4d2f0f92-d1eb-4586-8cbf-23426c1d21fa","2022-01-26 13:59:12.617"
"AA","63.020","3","63.090","3","-18","63.09","6df2df29-14eb-4b06-aab3-ca45857923ca","2022-01-26 13:59:17.189"
"AA","63.020","3","63.090","3","-18","63.09","3c2c22eb-632c-4b12-b8ad-7ba8d07bfeef","2022-01-26 13:59:17.189"
"AA","63.060","1","63.100","1","-18","63.10","f57a8ac9-86f0-4e8c-93ef-e22556acc954","2022-01-26 13:59:20.456"
"AA","63.060","1","63.100","1","-18","63.10","39ced334-4a79-4e64-bc19-943afc348fa7","2022-01-26 13:59:20.456"
"AA","63.060","1","63.100","1","-18","63.10","6789816d-1765-409e-984c-8228d7e3988a","2022-01-26 13:59:20.456"
"AA","63.120","1","63.140","1","-18","63.16","535f7542-8132-4409-9968-bc1f409f2d15","2022-01-26 13:59:35.050"
"AA","63.120","1","63.140","1","-18","63.16","f0226b45-3834-4ee3-a3b9-8e213ab28823","2022-01-26 13:59:35.050"
"AA","63.120","1","63.140","1","-18","63.16","64a3c081-ade8-47db-a2a3-ff4ad9115e86","2022-01-26 13:59:35.050"
"AA","63.120","1","63.140","1","-18","63.16","52d7dbe1-9882-4622-801c-72c296a3ab7d","2022-01-26 13:59:35.050"
"AA","63.120","1","63.140","1","-18","63.16","e1d5d6a7-14f4-4f4b-8de3-1c9fe1a6fa33","2022-01-26 13:59:35.050"
"AA","63.160","1","63.250","5","-18","63.27","04b548ee-1ce4-4d8b-b0b5-0831e906ac96","2022-01-26 13:59:43.944"
"AA","63.160","1","63.250","5","-18","63.27","4a158e02-5539-4131-a964-7d8693a1d9ff","2022-01-26 13:59:43.944"
"AA","63.160","3","63.240","1","-18","63.24","e30ac3b6-17b8-4549-bd66-83fc8dfe8597","2022-01-26 13:59:53.961"
"AA","63.160","2","63.240","5","-18","63.24","cd14cec4-0c1c-4aca-a28c-e193a3cd8262","2022-01-26 14:00:05.305"
"AA","63.390","1","63.440","1","18","63.16","d091d647-224a-4ec7-bfa8-2941424a7d05","2022-01-26 14:03:33.966"
"AA","63.390","1","63.460","3","18","63.16","92156775-c816-4e01-b5b8-802642f8cf90","2022-01-26 14:03:33.966"
"AA","63.500","2","63.550","2","18","63.16","7fb37420-00ac-4db3-ab35-712c10cd0ab3","2022-01-26 14:03:33.966"
"AA","63.510","2","63.590","1","18","63.16","5068c6b5-8e0f-4f86-8720-9d9208d91055","2022-01-26 14:03:33.966"
"AA","63.530","1","63.600","1","18","63.16","715a9699-b39b-4fa4-b068-d56c8e2367d3","2022-01-26 14:03:33.966"
"AA","63.410","1","63.510","10","18","63.16","275be5b6-b21a-4f19-8148-20fb766c95c6","2022-01-26 14:03:33.966"
"AA","63.310","3","63.360","2","18","63.16","d83163cc-9d63-45d9-8cd7-1ce0b029f4b8","2022-01-26 14:03:33.966"
"AA","63.270","2","63.340","1","-18","63.34","18dad7c0-7731-47c8-9d45-4f5b21804216","2022-01-26 14:03:50.210"
"AA","63.270","2","63.340","1","-18","63.34","d1b39400-4596-4607-82f1-5fabd7c900b7","2022-01-26 14:03:50.210"
"AA","63.270","2","63.340","1","-18","63.34","9b27d278-1eab-4fd5-a89d-352b2b71fbbd","2022-01-26 14:03:50.210"
"AA","63.270","2","63.340","1","-18","63.34","de1ad128-3c18-488b-bdbb-d27058bdb5f6","2022-01-26 14:03:50.210"
"AA","63.110","2","63.170","3","-18","63.17","9a710722-e588-4954-85c0-b7803b60ce5c","2022-01-26 14:04:21.595"
"AA","63.050","2","63.090","1","-18","63.09","cb39f2ba-59ad-455d-b797-870cd18fcb18","2022-01-26 14:04:40.573"
"AA","63.150","1","63.200","6","-18","63.20","b0ff0923-b2d6-4144-bb1b-7dcc20fbaf78","2022-01-26 14:05:53.513"
"AA","63.390","1","63.400","1","18","62.85","bcd0a698-a6e5-4768-a480-9b6051166e1a","2022-01-26 14:11:44.347"
"AA","62.840","2","62.880","1","-18","62.88","f1fb9ece-a0f6-498e-92c8-48e07dedfeeb","2022-01-26 14:12:00.896"
"AA","63.240","2","63.330","2","18","62.58","3966e0d5-2c4a-48f6-8e4c-6a8f2bbf23f6","2022-01-26 14:36:36.529"
"AA","63.190","3","63.240","2","18","62.58","00d3bc84-d655-41fa-8517-1aba1eb09b89","2022-01-26 14:36:36.529"
"AA","63.140","1","63.200","2","18","62.58","b3eb12b0-4ea9-478e-af47-506f1f4d76bf","2022-01-26 14:36:36.529"
"AA","63.110","3","63.160","1","18","62.58","96342dd6-1990-44ba-984e-b29f685208ff","2022-01-26 14:36:36.529"
"AA","63.020","2","63.080","1","18","62.58","8c1a532e-9a98-4469-aed6-27331ae42106","2022-01-26 14:36:36.529"
"AA","63.070","1","63.140","2","18","62.58","db4aab39-132a-4344-a74f-1274c847ac8e","2022-01-26 14:36:36.529"
"AA","62.650","1","62.730","1","-18","62.73","bd336eb2-8a97-424d-abe8-dbdc3113d285","2022-01-26 14:37:03.723"
"AA","62.650","1","62.730","1","-18","62.73","7dc6440f-8e6e-47dc-ae2b-188dbfc081e6","2022-01-26 14:37:03.723"
"AA","62.750","2","62.820","2","-18","62.82","fd38279d-f549-457c-940c-c79a93527254","2022-01-26 14:37:10.913"
"AA","62.750","2","62.820","2","-18","62.82","de3c2ceb-5f3a-4d4c-a3f7-08ac5abe1da1","2022-01-26 14:37:10.913"
"AA","62.740","1","62.840","6","-18","62.84","208d68f2-fe98-4bd6-827a-54925fe48192","2022-01-26 14:37:20.865"
"AA","62.810","2","62.880","2","-18","62.93","25529459-2399-43f2-9343-371fce446cdc","2022-01-26 14:38:17.853"
"AA","63.190","3","63.260","3","18","62.72","a3d49708-91fd-4f5e-bc51-7adc417409e4","2022-01-26 14:43:01.855"
"AA","63.140","1","63.210","1","18","62.72","c5aaf103-9eff-47a7-aeca-8b0e7124af3f","2022-01-26 14:43:01.855"
"AA","63.210","1","63.280","3","18","62.72","bb56d4f6-de34-47ac-bcbe-58063ba67600","2022-01-26 14:43:01.855"
"AA","63.010","1","63.100","1","18","62.72","513094f2-2044-4b47-81ce-1e5bf73d4b82","2022-01-26 14:43:01.855"
"AA","63.060","1","63.130","1","18","62.72","9cf1b708-df10-4901-9c5c-e14377e31d43","2022-01-26 14:43:01.855"
"AA","63.060","1","63.130","1","18","62.72","3915725f-77d2-4d78-a882-6a60ed0b5bae","2022-01-26 14:43:01.855"
"AA","63.070","2","63.180","3","18","62.72","59bd8190-486d-448a-955b-5f0a1856d669","2022-01-26 14:43:01.855"
"AA","62.940","2","63.000","1","18","62.72","ec9ca69a-b949-40d1-985f-75bb6da8808c","2022-01-26 14:43:01.855"
"AA","63.130","1","63.180","2","18","62.68","dda9761f-7a49-4eb3-bfde-4950a8cce366","2022-01-26 14:43:01.857"
"AA","63.270","3","63.360","1","18","62.68","ed5c38f6-3160-473a-b994-5abe85d48ef6","2022-01-26 14:43:01.857"
"AA","63.230","2","63.310","1","18","62.68","5f84acb0-f85a-4b75-846d-4ce5c9ac2bf0","2022-01-26 14:43:01.857"
"AA","63.180","4","63.270","1","18","62.68","63ded7ac-e120-469d-a875-754d1b4534f2","2022-01-26 14:43:01.857"
"AA","63.140","2","63.210","1","18","62.68","263ec927-f500-4b67-8513-bb21ebd2883f","2022-01-26 14:43:01.857"
"AA","62.660","1","62.730","2","-18","62.73","86baa35b-e119-424c-9642-1e2598fa29c4","2022-01-26 14:43:21.760"
"AA","62.660","1","62.730","2","-18","62.73","21c30e49-fad4-4d02-bd40-51da3cf3ac02","2022-01-26 14:43:21.760"
"AA","62.660","1","62.730","2","-18","62.73","d1a01969-e819-4d77-bb66-8da375e6bf69","2022-01-26 14:43:21.760"
"AA","62.660","1","62.730","2","-18","62.73","fd9e6736-da07-4588-bc6c-a9d59f272f7a","2022-01-26 14:43:21.760"
"AA","62.660","1","62.730","2","-18","62.73","d4c88e3a-69b8-4bc3-b4b1-bf3969367aba","2022-01-26 14:43:21.760"
"AA","62.660","1","62.730","2","-18","62.73","0a2b9775-cdb5-42ea-822f-ac942c7ae7c4","2022-01-26 14:43:21.760"
"AA","62.660","1","62.730","2","-18","62.73","e241c799-7d78-4689-a9b7-eb0651f169ef","2022-01-26 14:43:21.760"
"AA","62.620","1","62.660","6","-18","62.70","d91944e3-ed0c-49b3-9c34-c32be98e4edb","2022-01-26 14:43:37.813"
"AA","62.620","1","62.660","6","-18","62.70","f2324269-db27-4be4-8f24-91f24eb7ec29","2022-01-26 14:43:37.813"
"AA","62.620","1","62.660","6","-18","62.70","1b01ca16-2298-425f-b7f8-162add5622c7","2022-01-26 14:43:37.813"
"AA","62.620","2","62.700","5","-18","62.71","1374cc74-b692-4a9a-90f0-329768ef396f","2022-01-26 14:43:47.912"
"AA","62.620","2","62.700","5","-18","62.71","adc401f8-f124-45b7-a456-9b2b45a6d6cc","2022-01-26 14:43:47.912"
"AA","62.700","1","62.760","5","-18","62.77","2b1ae206-3112-4f40-8c48-fbc3f7c71841","2022-01-26 14:43:52.499"
"AA","63.030","1","63.100","1","18","62.50","4f378fc8-5ccb-4c55-b59f-fd7d11994c50","2022-01-26 14:44:59.816"
"AA","62.260","1","62.310","2","-18","62.31","fbd16dad-4743-4775-a3ca-ad16112d0591","2022-01-26 14:45:30.616"
"AA","61.810","1","61.860","1","18","60.90","acdfee49-6a7f-4fe5-822d-1b83a82b9391","2022-01-26 15:07:22.922"
"AA","62.000","10","62.060","1","18","60.86","077fedc4-8151-4bab-9732-12fe9e09c76a","2022-01-26 15:07:29.055"
"AA","61.750","3","61.810","1","18","60.86","d1e95837-e093-48a7-95cc-91d6f48ca1cf","2022-01-26 15:07:29.055"
"AA","60.970","1","61.020","2","-18","61.02","d3e3b276-26a0-4758-bf17-db11d091f96f","2022-01-26 15:07:40.271"
"AA","60.970","1","61.020","2","-18","61.02","fccc3b2a-1b5c-4311-9155-5c1697abeace","2022-01-26 15:07:40.271"
"AA","60.820","2","60.900","1","-18","60.91","bdd6e179-29bf-456c-aef6-5eb1c987f22f","2022-01-26 15:08:26.520"
"AA","62.120","1","62.200","1","18","60.26","52fc021c-0b49-4c91-b313-66edc1698dd1","2022-01-26 15:20:58.587"
"AA","62.230","8","62.290","10","18","60.26","0ffaf919-5bcf-4bb8-ad24-a6b31f755557","2022-01-26 15:20:58.587"
"AA","62.210","8","62.290","2","18","60.26","03ff61ca-42ca-4da3-93ac-2a5fa441413d","2022-01-26 15:20:58.587"
"AA","62.230","1","62.280","20","18","60.26","8a8e0ece-12fa-4079-8f9d-617da2ef24a7","2022-01-26 15:20:58.587"
"AA","62.230","1","62.280","20","18","60.26","ba66ce09-b857-4dc8-802d-bf0549231b86","2022-01-26 15:20:58.587"
"AA","62.110","1","62.200","1","18","60.26","a12d8e00-4b68-41f7-9e4a-d1f878a2b824","2022-01-26 15:20:58.587"
"AA","62.130","4","62.180","2","18","60.26","b98c8a83-f2c1-4bc7-b1dc-ee46d88a5a41","2022-01-26 15:20:58.587"
"AA","61.990","1","62.050","1","18","60.26","922cf108-eee5-4074-94fd-32dc52821eb2","2022-01-26 15:20:58.587"
"AA","60.340","1","60.380","1","-18","60.38","5bb86ccc-83fe-4a69-92c4-b9758d60a3ff","2022-01-26 15:21:20.221"
"AA","60.340","1","60.380","1","-18","60.38","16c5c117-713f-4920-8ac8-04e02b2914d4","2022-01-26 15:21:20.221"
"AA","60.340","1","60.380","1","-18","60.38","c774f29b-1eaa-46f9-aa13-e7d2c322cdcb","2022-01-26 15:21:20.221"
"AA","60.340","1","60.380","1","-18","60.38","5e5d8695-237c-460b-821c-cc5887214578","2022-01-26 15:21:20.221"
"AA","60.250","2","60.310","3","-18","60.31","a05a1e03-a493-4357-8121-e25af018927b","2022-01-26 15:21:30.165"
"AA","60.250","2","60.310","3","-18","60.31","fe5f9f0d-f08f-4b52-8560-5901bcdd02d4","2022-01-26 15:21:30.165"
"AA","60.290","2","60.330","4","-18","60.33","d05a072b-ccbb-4bed-b709-e537bb6a64b9","2022-01-26 15:21:41.424"
"AA","60.300","1","60.340","1","-18","60.34","183273e1-7468-4a8f-af2b-f633933b249b","2022-01-26 15:21:50.453"
"AG","10.720","19","10.730","17","110","10.65","c8ab0d3d-33b4-47a6-bf0b-76922549c991","2022-01-26 10:23:30.573"
"AG","10.700","20","10.710","8","110","10.65","401eed0c-a967-4596-8ca3-fc77af6b096f","2022-01-26 10:23:30.573"
"AG","10.690","26","10.700","15","110","10.65","c910135e-4278-4fe5-9741-a1bb316379b3","2022-01-26 10:23:30.573"
"AG","10.700","37","10.710","5","110","10.65","27ed8142-9990-4389-a028-1e57d7a7e09a","2022-01-26 10:23:30.573"
"AG","10.690","41","10.710","31","110","10.65","dcafdfb1-d036-4025-ac26-7268109355da","2022-01-26 10:23:30.573"
"AG","10.690","23","10.700","7","110","10.65","b2c15d6f-a789-4653-94b8-6114be6be4eb","2022-01-26 10:23:30.573"
"AG","10.680","12","10.690","18","110","10.65","8e9a58e5-2b35-490b-8648-d1e1e617d2a2","2022-01-26 10:23:30.573"
"AG","10.680","1","10.690","46","110","10.65","39ccd69a-d09f-4179-9222-c2bf9be1fb00","2022-01-26 10:23:30.573"
"AG","10.650","1","10.660","49","-110","10.66","16207bae-5215-4127-9300-7be9bb8dc821","2022-01-26 10:24:14.526"
"AG","10.650","1","10.660","49","-110","10.66","1bd2fdc9-faf1-4eb7-aafe-53d2bdbf7916","2022-01-26 10:24:14.526"
"AG","10.630","1","10.640","30","-110","10.64","bb330cf2-d622-478c-a1b5-50d4033e33b6","2022-01-26 10:24:32.910"
"AG","10.630","1","10.640","30","-110","10.64","abff70c2-680d-4e4d-a0eb-efaf3c051322","2022-01-26 10:24:32.910"
"AG","10.630","1","10.640","30","-110","10.64","5699bda0-0ae2-4d2e-aa42-a9c7a1b34608","2022-01-26 10:24:32.910"
"AG","10.630","10","10.640","11","-110","10.64","0f9a1502-a627-4998-8adc-9945e5d589be","2022-01-26 10:24:40.927"
"AG","10.630","10","10.640","11","-110","10.64","6cdb2a0f-6b97-4e2a-b003-211ce02f4c2d","2022-01-26 10:24:40.927"
"AG","10.720","15","10.730","54","110","10.61","6261b9a9-1a86-4821-bbd7-277edcdfa848","2022-01-26 10:25:04.584"
"AG","10.710","16","10.720","30","110","10.61","c663f2b8-aa9c-4eac-8ed2-f9e12441cdcc","2022-01-26 10:25:04.584"
"AG","10.690","26","10.700","4","110","10.59","18418bbe-b4f9-4bf1-9028-67c5da1910a7","2022-01-26 10:25:10.117"
"AG","10.700","22","10.710","6","110","10.58","e290b007-83f0-4cc5-a23a-0a2bd236f8a5","2022-01-26 10:25:17.510"
"AG","10.700","29","10.710","7","110","10.58","a4e18869-9abb-4031-9ec1-24f731c3fb6c","2022-01-26 10:25:17.510"
"AG","10.700","9","10.710","22","110","10.58","52d0694e-169b-4fa3-a2b6-0485f3555530","2022-01-26 10:25:17.510"
"AG","10.710","4","10.720","47","110","10.58","964804c6-ef26-4c58-b27d-2f7d88da1423","2022-01-26 10:25:17.510"
"AG","10.690","26","10.700","4","110","10.58","28c1e333-5f92-4315-bdcc-fed44eda202a","2022-01-26 10:25:17.510"
"AG","10.710","7","10.720","19","110","10.58","906808b2-bff5-42db-8834-3f4c9aff38bc","2022-01-26 10:25:17.510"
"AG","10.570","43","10.590","37","-110","10.59","6e89229b-c5e0-495e-96e1-330b2ca7d1ed","2022-01-26 10:25:21.058"
"AG","10.570","43","10.590","37","-110","10.59","8925c84a-5f36-4b1b-85b3-a634b4c65ca2","2022-01-26 10:25:21.058"
"AG","10.560","2","10.570","22","-110","10.57","1bc7e92b-9f7d-446d-a5a8-31265cc48133","2022-01-26 10:25:52.334"
"AG","10.570","1","10.580","45","-110","10.58","8c2e05af-90e0-40b3-b068-b627a13122c2","2022-01-26 10:25:53.613"
"AG","10.570","1","10.580","45","-110","10.58","6c8266fe-61e1-4f87-acc6-23fe47901646","2022-01-26 10:25:53.613"
"AG","10.580","4","10.590","31","-110","10.59","858f90af-7a09-4992-a8ac-101d2b034274","2022-01-26 10:25:54.614"
"AG","10.580","4","10.590","31","-110","10.59","0cf7e2cc-61ce-47fa-803b-8d71cf57730e","2022-01-26 10:25:54.614"
"AG","10.580","4","10.590","31","-110","10.59","f0438ffe-6f54-4593-adbf-b99d9750f155","2022-01-26 10:25:54.614"
"AG","10.580","4","10.590","31","-110","10.59","d83ba0f6-2e6d-4f83-834f-4c84da3b0d90","2022-01-26 10:25:54.614"
"AG","10.590","17","10.600","15","-110","10.60","f5dda042-3086-4d10-a76a-2972ee28ae9d","2022-01-26 10:26:17.832"
"AG","10.640","30","10.650","14","110","10.51","0faa3a08-6141-41c5-8101-d4c1651eb341","2022-01-26 10:30:04.031"
"AG","10.500","17","10.510","1","-110","10.51","82a46c2e-86cb-4bfd-87f3-98b2326b0bcb","2022-01-26 10:30:22.783"
"AG","10.540","35","10.550","44","110","10.55","52ba8cfb-831e-4544-9a92-9c80e117cad1","2022-01-26 10:42:10.006"
"AG","10.540","42","10.550","7","-110","10.55","d22458e7-cbec-4610-99ed-b3dd9700f5e3","2022-01-26 10:42:31.413"
"AG","10.540","24","10.550","8","110","10.55","b4084cbf-0db0-4b37-b5bf-e3963397595f","2022-01-26 10:43:00.006"
"AG","10.490","14","10.500","18","-110","10.50","a657e2b4-b99f-4faa-aaa4-c3aa6b42ec8f","2022-01-26 10:46:03.730"
"AG","10.540","12","10.550","25","110","10.52","282fddab-b86c-4720-b6e2-2d697cccb736","2022-01-26 11:01:09.573"
"AG","10.550","18","10.560","35","110","10.52","91602bb2-fa65-40ff-bf13-63fe616e0e25","2022-01-26 11:01:09.573"
"AG","10.550","5","10.560","64","110","10.52","6d747882-f5b7-4c47-9629-243636de58d3","2022-01-26 11:01:09.573"
"AG","10.550","5","10.560","57","110","10.52","f912c2ce-5ef3-4158-9d5d-5227ccdf3bb2","2022-01-26 11:01:09.573"
"AG","10.540","27","10.550","15","110","10.52","ad9bfeb1-8fd3-4a17-8018-f1931ed77056","2022-01-26 11:01:09.573"
"AG","10.550","14","10.560","37","110","10.52","f49d6fb4-0f26-410b-822e-d9b03f29fec4","2022-01-26 11:01:09.573"
"AG","10.540","33","10.550","27","110","10.52","a81ecbaf-ef17-4c19-adcf-b7f00d48c3ab","2022-01-26 11:01:09.573"
"AG","10.510","16","10.520","25","-110","10.52","35de1c13-a24c-44aa-89b1-1eabdc2becd1","2022-01-26 11:02:15.119"
"AG","10.510","16","10.520","25","-110","10.52","ac82cd08-11af-4ac2-a182-bd17493d559f","2022-01-26 11:02:15.119"
"AG","10.510","16","10.520","25","-110","10.52","95d6e1ce-6848-4b21-8c14-4319293c1090","2022-01-26 11:02:15.119"
"AG","10.510","16","10.520","25","-110","10.52","a872334a-f98f-4df5-97f9-ea261ece6a8e","2022-01-26 11:02:15.119"
"AG","10.510","14","10.520","30","-110","10.52","4fee2418-70d7-4bb0-9b0f-737938213507","2022-01-26 11:02:15.119"
"AG","10.510","14","10.520","30","-110","10.52","e21876af-6d87-49c2-ae6b-1c4c1252c323","2022-01-26 11:02:15.119"
"AG","10.550","16","10.560","45","110","10.49","03c11bee-9add-486b-b252-50d531639bd9","2022-01-26 11:03:17.165"
"AG","10.550","29","10.560","17","110","10.49","2384d05d-c09c-4cad-82fe-8e43b792760d","2022-01-26 11:03:17.165"
"AG","10.550","16","10.560","24","110","10.49","bb0f8bac-46d7-494b-8b84-6cf6c177ce3f","2022-01-26 11:03:17.165"
"AG","10.530","32","10.540","5","110","10.49","d43e4b4a-024c-4d8e-82f5-e3aaf675be61","2022-01-26 11:03:17.165"
"AG","10.500","20","10.510","19","-110","10.51","26bd2f51-9ca1-4b77-8890-5d6e83e398a3","2022-01-26 11:04:10.051"
"AG","10.500","20","10.510","19","-110","10.51","9436610e-0765-4c8f-9df0-f90ff0d072c3","2022-01-26 11:04:10.051"
"AG","10.500","15","10.510","48","-110","10.51","34d37d3b-0563-4c3b-b289-386972c9991d","2022-01-26 11:04:58.875"
"AG","10.510","17","10.520","21","-110","10.52","4f5424de-c690-4986-ae57-64066703318a","2022-01-26 11:05:07.497"
"AG","10.510","29","10.520","14","-110","10.52","b4a8cc61-2370-4deb-a11e-f6b416f28ee5","2022-01-26 11:06:42.108"
"AG","10.580","45","10.590","15","110","10.52","d273482a-bc7e-474f-ae7c-ad76235b080c","2022-01-26 11:36:06.644"
"AG","10.570","10","10.580","30","110","10.50","1bbb5118-61c2-4b8a-a34b-35475264fc81","2022-01-26 11:36:53.402"
"AG","10.560","27","10.570","6","110","10.50","96769ac5-1130-40d9-b763-5a1db234f291","2022-01-26 11:36:53.402"
"AG","10.540","22","10.550","20","110","10.50","f2ad1b7b-5323-42e6-ae58-f4f950a3424a","2022-01-26 11:36:53.402"
"AG","10.550","40","10.560","47","110","10.50","e14cc74b-3690-4270-92a8-9f99507816a7","2022-01-26 11:36:53.402"
"AG","10.550","9","10.560","37","110","10.50","26887996-579a-4b75-ba0b-a94b263bc0ba","2022-01-26 11:36:53.402"
"AG","10.550","18","10.560","25","110","10.50","1a11631d-78b8-4bc6-9187-d82eafcddcab","2022-01-26 11:36:53.402"
"AG","10.550","9","10.560","29","110","10.50","fb4e9c42-d7a1-4aec-9213-47987529bfd2","2022-01-26 11:36:53.402"
"AG","10.540","56","10.550","13","110","10.50","9037c3d8-b602-4938-8a36-da03362de5b9","2022-01-26 11:36:53.402"
"AG","10.550","24","10.560","15","110","10.50","ddebd77a-3aa1-41bf-8b9b-145776c4c493","2022-01-26 11:36:53.402"
"AG","10.560","17","10.570","26","110","10.50","9c0d7e3f-a764-4929-b6ba-33bcc0019e9d","2022-01-26 11:36:53.402"
"AG","10.560","9","10.570","59","110","10.50","7e0664cc-a018-41e7-bf84-86cc624ab55e","2022-01-26 11:36:53.402"
"AG","10.500","13","10.510","51","-110","10.51","66e13640-67ff-4a7e-8e78-f21d34f05994","2022-01-26 11:37:43.551"
"AG","10.500","13","10.510","51","-110","10.51","953019a3-7624-4917-9a47-3e98db860229","2022-01-26 11:37:43.551"
"AG","10.500","13","10.510","51","-110","10.51","759815a1-0719-4ad3-9fbd-b73a86c738b7","2022-01-26 11:37:43.551"
"AG","10.500","13","10.510","51","-110","10.51","7a8d7431-05dc-4d8c-80ca-cf4210b6ae01","2022-01-26 11:37:43.551"
"AG","10.490","35","10.500","52","-110","10.50","a9abb928-307c-4c26-bfde-622cf03c89ee","2022-01-26 11:37:50.384"
"AG","10.490","35","10.500","52","-110","10.50","fbb93540-4080-4902-b8b7-9164d6e6ac62","2022-01-26 11:37:50.384"
"AG","10.490","35","10.500","52","-110","10.50","78e5f4b0-df2a-4663-bd06-24cbdb422fa9","2022-01-26 11:37:50.384"
"AG","10.490","35","10.500","52","-110","10.50","5ff171dc-f074-48ba-8ac4-d7c358fc62f9","2022-01-26 11:37:50.384"
"AG","10.510","12","10.520","39","-110","10.52","282f9ce7-622f-43bc-b225-0d6f8ac5bf35","2022-01-26 11:38:27.071"
"AG","10.510","12","10.520","39","-110","10.52","96485465-d09d-4822-93c3-ba3e05e0a54e","2022-01-26 11:38:27.071"
"AG","10.510","27","10.520","20","-110","10.52","d68f1d56-b684-4594-9820-a06985a2c9fc","2022-01-26 11:38:39.364"
"AG","10.510","24","10.520","15","-110","10.52","ff9e802f-8b67-4f80-a60d-6db933217a35","2022-01-26 11:38:41.661"
"AG","10.640","28","10.650","13","110","10.62","9b75a9d4-615f-4793-b69f-6d4ffea4f35c","2022-01-26 13:01:44.440"
"AG","10.640","70","10.650","1","110","10.62","ef3191c9-32c8-499f-a4f1-54ee66a8f80e","2022-01-26 13:01:44.440"
"AG","10.650","21","10.660","43","110","10.62","72a2ccb8-056f-482b-959e-f8c4a7f1fb4a","2022-01-26 13:01:44.440"
"AG","10.640","29","10.650","32","110","10.62","c8229961-dba1-497f-b364-aca14aec6a93","2022-01-26 13:01:44.440"
"AG","10.640","27","10.650","19","110","10.62","c79f7ec6-2732-4b2a-8efe-57712a87dd10","2022-01-26 13:01:44.440"
"AG","10.640","30","10.650","12","110","10.62","6f1ab9a2-76e7-4b58-9a95-f2ba6488d9aa","2022-01-26 13:01:44.440"
"AG","10.650","14","10.660","42","110","10.62","ee07ee09-7ae5-438f-98da-867afea26f48","2022-01-26 13:01:44.440"
"AG","10.650","3","10.660","59","110","10.62","b2a5cd29-d4c6-4a06-9d01-a8e708d95535","2022-01-26 13:01:44.440"
"AG","10.650","20","10.660","45","110","10.62","90da575d-110b-4eb5-bb6e-02981643b72f","2022-01-26 13:01:44.440"
"AG","10.650","20","10.660","45","110","10.62","50b8237c-6093-4002-80da-a9fdaacc04ef","2022-01-26 13:01:44.440"
"AG","10.650","20","10.660","44","110","10.61","8838aff0-47b8-4438-829f-348714c46469","2022-01-26 13:01:44.447"
"AG","10.650","15","10.660","66","110","10.61","44fb07df-5a01-4581-ae78-11fd3c2b0c2c","2022-01-26 13:01:44.447"
"AG","10.630","41","10.640","29","110","10.61","413c3849-60be-4405-b317-96944823c111","2022-01-26 13:01:44.447"
"AG","10.630","15","10.640","38","110","10.61","d0b1b7e7-0796-4637-95c4-9badb39c4d85","2022-01-26 13:01:44.447"
"AG","10.630","15","10.640","34","110","10.61","5cedf44b-16b9-481c-a2ef-569796685d04","2022-01-26 13:01:44.447"
"AG","10.610","37","10.620","8","-110","10.62","0e8001ea-1487-4637-aaa4-5568c8ea0fb9","2022-01-26 13:02:41.395"
"AG","10.610","37","10.620","8","-110","10.62","b4846579-6b76-4af1-94c7-3952af558648","2022-01-26 13:02:41.395"
"AG","10.610","37","10.620","8","-110","10.62","81a8572e-ff97-46d9-88e9-e371fb84ac1b","2022-01-26 13:02:41.395"
"AG","10.610","37","10.620","8","-110","10.62","16f65fdd-6c4b-425c-a5bf-36ef8a937c07","2022-01-26 13:02:41.395"
"AG","10.610","37","10.620","8","-110","10.62","06f0c1a4-28a8-4939-9d0a-8ab23841c0e7","2022-01-26 13:02:41.395"
"AG","10.610","37","10.620","8","-110","10.62","67a5684a-4f9a-415d-84f6-6984eaac0c24","2022-01-26 13:02:41.395"
"AG","10.610","17","10.620","33","-110","10.62","91bc12cf-e4c4-4bba-87cc-a46d825ddadb","2022-01-26 13:04:09.674"
"AG","10.610","17","10.620","33","-110","10.62","e64d1cba-a3d4-40f6-9431-5a91add8e51c","2022-01-26 13:04:09.674"
"AG","10.610","17","10.620","33","-110","10.62","ab9211ae-13d9-466d-8938-03f9287c7aa6","2022-01-26 13:04:09.674"
"AG","10.610","17","10.620","33","-110","10.62","8d9db897-ca80-4eb2-a2bc-c3e1be188e15","2022-01-26 13:04:09.674"
"AG","10.610","21","10.620","33","-110","10.62","68034c9c-e438-4989-a841-2e8b5a97b559","2022-01-26 13:04:37.553"
"AG","10.610","21","10.620","33","-110","10.62","8bc142f5-49e8-4d6a-97fe-d13bcaf83706","2022-01-26 13:04:37.553"
"AG","10.610","21","10.620","33","-110","10.62","537dac78-3549-46b5-aa48-4303a473cddd","2022-01-26 13:04:37.553"
"AG","10.610","21","10.620","33","-110","10.62","ba7686cb-c852-4999-b9a0-441c8a0c1b84","2022-01-26 13:04:37.553"
"AG","10.610","21","10.620","33","-110","10.62","6a05a8e5-f802-4201-a3f3-e33f466a4f12","2022-01-26 13:04:37.553"
"AG","10.640","32","10.650","36","110","10.63","b2c737a2-5aab-4421-85ac-827ba6d83efc","2022-01-26 13:30:57.632"
"AG","10.650","1","10.650","20","110","10.63","b9e4d187-8420-47b9-9b1d-45cda8f6a387","2022-01-26 13:30:57.632"
"AG","10.630","27","10.640","29","-110","10.64","37497359-9381-4f6a-8f64-94c29b6dfb39","2022-01-26 13:32:22.970"
"AG","10.640","26","10.650","47","-110","10.65","0be45d81-e76b-4224-81ba-e82975f77c6a","2022-01-26 13:33:28.142"
"AG","10.640","63","10.650","3","110","10.63","d612c75b-db67-4f2a-8c0e-70e5f2dd5da2","2022-01-26 13:37:15.472"
"AG","10.640","63","10.650","3","110","10.63","fbe8f10d-1e0b-46fd-a382-dfeed091e35d","2022-01-26 13:37:15.472"
"AG","10.640","32","10.650","20","110","10.63","495263b1-d5d7-435d-9968-8a411f4133f1","2022-01-26 13:37:15.472"
"AG","10.630","39","10.640","44","-110","10.64","fb5ad70e-66e8-4f0f-8ede-93b3f00fff50","2022-01-26 13:40:50.591"
"AG","10.630","11","10.640","45","-110","10.64","dc2d5352-5c04-48a9-989e-abcb5ec82450","2022-01-26 13:40:50.591"
"AG","10.640","26","10.650","44","-110","10.65","8d6e0e74-4b82-4a46-a776-eacadc4e4b4d","2022-01-26 13:41:47.596"
"AG","10.640","33","10.650","20","110","10.64","2101c8bb-fb5f-4552-870e-12386510c46d","2022-01-26 13:52:51.828"
"AG","10.640","60","10.650","17","110","10.64","e41d68fb-ce3a-41df-94cd-8cbf66cd78d8","2022-01-26 13:52:51.828"
"AG","10.640","60","10.650","17","110","10.64","062d0e6e-fa9a-485f-be62-2a462f7ad5e3","2022-01-26 13:52:51.828"
"AG","10.640","27","10.650","43","-110","10.65","abab611e-c16e-410a-b130-8e0a03626182","2022-01-26 13:54:55.983"
"AG","10.640","16","10.650","38","-110","10.65","28b3b51c-4dbe-4571-adeb-33c2d228f8da","2022-01-26 13:54:55.983"
"AG","10.650","20","10.660","57","-110","10.66","121e5104-0f91-46d0-bf6a-6f18ad19a271","2022-01-26 13:55:19.181"
"AG","10.640","34","10.650","20","110","10.63","d96502d0-6cc4-4a32-9eee-0f1b0b72e4a8","2022-01-26 13:58:08.987"
"AG","10.650","16","10.660","48","110","10.63","7644809e-ea69-43f6-a818-0d71e1252c6b","2022-01-26 13:58:08.987"
"AG","10.640","45","10.650","59","110","10.63","6ab647e6-e3fa-41c1-a092-ed5f74a74c6c","2022-01-26 13:58:08.987"
"AG","10.640","28","10.650","44","110","10.63","1c01df9c-1826-4584-a603-e87addb0cbb2","2022-01-26 13:58:08.987"
"AG","10.640","46","10.650","10","110","10.63","692006c7-6764-41db-8c4e-15e5156ab803","2022-01-26 13:58:08.987"
"AG","10.640","46","10.650","10","110","10.63","279b696c-ffc5-493d-bfdb-00ea68ed17ec","2022-01-26 13:58:08.987"
"AG","10.640","44","10.650","6","110","10.63","76233a6c-5046-4ed9-8e29-215bbbf524e2","2022-01-26 13:58:08.987"
"AG","10.650","28","10.660","36","110","10.63","1c415faa-9b99-473e-bebc-3f8e959446be","2022-01-26 13:58:08.987"
"AG","10.650","44","10.660","58","110","10.63","b6480080-16eb-4178-ac37-a84470cde9cb","2022-01-26 13:58:08.987"
"AG","10.650","4","10.660","67","110","10.63","78c1a014-136e-4a6f-8d20-919e4fa2aeaa","2022-01-26 13:58:08.987"
"AG","10.620","18","10.630","36","-110","10.63","dc9edcbc-b7a8-4ff1-a62b-7e30ce67a9ac","2022-01-26 13:58:35.842"
"AG","10.620","18","10.630","36","-110","10.63","b03cfe6e-da99-4f7b-a76c-afa684508564","2022-01-26 13:58:35.842"
"AG","10.620","18","10.630","36","-110","10.63","b9c6aeb5-bfa9-4da0-948f-f2c6ad44e9b9","2022-01-26 13:58:35.842"
"AG","10.620","18","10.630","36","-110","10.63","428c79d1-c3e3-47a4-9887-41dba50c7c4f","2022-01-26 13:58:35.842"
"AG","10.620","18","10.630","36","-110","10.63","fac60796-6d3c-4b2c-a8c2-1fb27602e65c","2022-01-26 13:58:35.842"
"AG","10.620","16","10.630","30","-110","10.63","b5a6d400-4606-47d8-9ce2-27647f8b6e91","2022-01-26 13:58:35.842"
"AG","10.620","16","10.630","30","-110","10.63","e2a2a2a5-d1cc-460e-a0b9-111ff84c1e4e","2022-01-26 13:58:35.842"
"AG","10.620","16","10.630","30","-110","10.63","085b5c4e-dd47-494e-a224-6c1dd37696b6","2022-01-26 13:58:35.842"
"AG","10.620","18","10.630","27","-110","10.63","7c08f1b4-6dd1-4ae0-9ce0-280a9b393fee","2022-01-26 13:59:12.070"
"AG","10.630","40","10.640","34","-110","10.64","76af454b-105c-4232-98d1-94c620d53e71","2022-01-26 13:59:57.011"
"AG","10.720","8","10.730","24","110","10.64","02b7edfb-e47c-4328-a0ee-fd5d892e38bd","2022-01-26 14:03:33.885"
"AG","10.720","16","10.740","25","110","10.64","3c68cda9-f2b1-48be-ae9f-9e4b8bba21d3","2022-01-26 14:03:33.885"
"AG","10.710","19","10.720","1","110","10.64","8e9617f8-c511-4c88-b3c9-1d0764463b7c","2022-01-26 14:03:33.885"
"AG","10.660","12","10.670","11","110","10.64","e3b331db-4d50-42f5-ac2a-eafae8fae212","2022-01-26 14:03:33.885"
"AG","10.660","1","10.670","13","110","10.64","a310b785-ee0c-4ea1-8f55-7970405fe85b","2022-01-26 14:03:33.885"
"AG","10.660","9","10.670","17","110","10.64","bdeb160a-266d-4178-91bd-ab233db49a67","2022-01-26 14:03:33.885"
"AG","10.670","3","10.680","11","110","10.63","5286dc8a-904a-4b8f-90b1-2bbeffa5d1a4","2022-01-26 14:03:35.530"
"AG","10.700","19","10.710","14","110","10.63","60bc8c34-e8e1-4597-a135-d55f2640f457","2022-01-26 14:03:35.530"
"AG","10.710","23","10.720","15","110","10.63","9b860b2b-9470-4fe2-bac6-e6a1d044da30","2022-01-26 14:03:35.530"
"AG","10.710","2","10.720","17","110","10.63","f42c0a0f-b68e-4311-8051-b96458532f13","2022-01-26 14:03:35.530"
"AG","10.630","1","10.640","19","-110","10.64","bc443c3a-6680-421d-b9fa-f058ddd25d00","2022-01-26 14:03:51.105"
"AG","10.630","1","10.640","19","-110","10.64","93e74090-3fa1-4925-923f-f1c64d8843cc","2022-01-26 14:03:51.105"
"AG","10.630","1","10.640","19","-110","10.64","ba6aa099-43d2-4d90-bea7-155a0a0ffc51","2022-01-26 14:03:51.105"
"AG","10.630","1","10.640","19","-110","10.64","065fe599-a5de-45cb-ab3d-c9e93a911437","2022-01-26 14:03:51.105"
"AG","10.630","1","10.640","19","-110","10.64","6533b621-ebd5-4eed-bdc2-d4b17be9a832","2022-01-26 14:03:51.105"
"AG","10.620","17","10.640","19","-110","10.64","e952ba11-3f11-42de-a74a-4833b646497e","2022-01-26 14:04:05.612"
"AG","10.620","17","10.640","19","-110","10.64","967f77b4-0931-48f5-900b-421fe905dce8","2022-01-26 14:04:05.612"
"AG","10.620","17","10.640","19","-110","10.64","ce7a3769-ec27-4255-bab8-05f204889a8f","2022-01-26 14:04:05.612"
"AG","10.630","2","10.640","14","-110","10.64","6ac31be8-7f6e-4ee6-8955-cecba12afe3a","2022-01-26 14:04:20.930"
"AG","10.620","18","10.630","2","-110","10.63","77dc5d15-92f3-4620-bfa5-679fc5c354e9","2022-01-26 14:04:40.359"
"AG","10.640","21","10.650","33","110","10.62","1a9c5d6d-e0a9-44bc-ae81-11a05ab4bcb0","2022-01-26 14:04:57.945"
"AG","10.640","16","10.650","31","110","10.62","b6047c63-d1c6-4c6f-96b0-304cccbf9d80","2022-01-26 14:04:57.945"
"AG","10.640","33","10.650","22","110","10.62","51d9f0f6-5439-40ab-9cc0-d1d8eea7aa1a","2022-01-26 14:04:57.945"
"AG","10.640","33","10.650","18","110","10.62","05bc60ae-600b-4ac4-9a03-11961c9a2b79","2022-01-26 14:04:57.945"
"AG","10.630","14","10.640","47","110","10.61","4672fe9d-5543-4252-bd4b-e1a114ee2a63","2022-01-26 14:05:03.584"
"AG","10.630","43","10.640","19","-110","10.64","e5fd1fad-f8b0-44ce-a1c9-62eac7e9a400","2022-01-26 14:05:42.006"
"AG","10.630","15","10.640","2","-110","10.65","1183527d-bb07-407e-8dbf-2b325ced70fb","2022-01-26 14:05:51.234"
"AG","10.630","15","10.640","2","-110","10.65","ed1b6abd-cd59-4f96-9cdd-5aab3426e1c1","2022-01-26 14:05:51.234"
"AG","10.650","13","10.650","5","-110","10.65","608ec27b-3cc1-4318-8836-3f0f1f6bfd53","2022-01-26 14:06:00.006"
"AG","10.640","11","10.650","17","-110","10.66","0a140081-d80c-4e9c-9304-1f6c961baab2","2022-01-26 14:06:14.891"
"AG","10.660","29","10.670","1","110","10.64","59460ec3-5109-4ea3-b24d-ffab08ea5697","2022-01-26 14:07:40.000"
"AG","10.670","17","10.680","2","-110","10.68","134452bf-8c7b-4d4d-a233-e7d6a0b02ff5","2022-01-26 14:08:20.052"
"AG","10.670","17","10.680","13","110","10.64","73be04a7-d949-481c-b083-5e1f0bdd065c","2022-01-26 14:11:00.589"
"AG","10.670","17","10.680","3","110","10.64","c80ab696-d4be-434b-a21d-4427a7682e57","2022-01-26 14:11:00.589"
"AG","10.670","29","10.680","1","110","10.64","4d55681c-32c1-4022-ba08-4a1417a1ad53","2022-01-26 14:11:00.589"
"AG","10.680","14","10.690","13","110","10.64","6bf0b29a-fc1d-4682-a702-00c22961d696","2022-01-26 14:11:00.589"
"AG","10.680","15","10.690","4","110","10.64","50664a59-4580-49d5-b27b-fad8b8628bf1","2022-01-26 14:11:00.589"
"AG","10.670","17","10.680","10","110","10.64","9cfc2492-db0b-466f-8928-8fbbe6bd6db2","2022-01-26 14:11:00.589"
"AG","10.660","27","10.670","4","110","10.64","9575cd0c-203a-432a-aff4-e6f070afb22f","2022-01-26 14:11:00.589"
"AG","10.610","16","10.620","15","-110","10.62","118b242d-ae63-4b01-a215-b878b1b9402f","2022-01-26 14:11:29.041"
"AG","10.610","16","10.620","15","-110","10.62","963ee791-f006-4a11-abb9-fcb1fadfa24a","2022-01-26 14:11:29.041"
"AG","10.610","16","10.620","15","-110","10.62","439a69a7-0382-41b7-ac92-57053a07ab71","2022-01-26 14:11:29.041"
"AG","10.610","16","10.620","15","-110","10.62","9fd16a52-204c-4dd8-ab15-4a3babe5ffad","2022-01-26 14:11:29.041"
"AG","10.610","4","10.620","27","-110","10.62","deeb7563-3b78-4e9a-8c33-c50ac1527c4c","2022-01-26 14:11:47.970"
"AG","10.620","24","10.630","26","-110","10.63","86004664-3433-47ad-886b-435ad9608ef0","2022-01-26 14:11:59.327"
"AG","10.620","22","10.630","15","-110","10.63","0218802a-a9ef-42ca-8ed5-2db7c9afd5af","2022-01-26 14:12:01.972"
"AG","10.740","27","10.750","11","110","10.63","b8bddc12-2f50-4689-8fa0-b4d044ca9c37","2022-01-26 14:32:17.221"
"AG","10.750","1","10.760","36","110","10.61","5488c5fa-bedf-44f9-8cb2-53d318b04b6a","2022-01-26 14:33:28.173"
"AG","10.740","23","10.750","16","110","10.61","a89e266e-c1f7-4e2f-a9e9-9228e4b52dab","2022-01-26 14:33:28.173"
"AG","10.720","15","10.730","22","110","10.61","aef6b869-d1f7-4053-b513-c2d0aad52eef","2022-01-26 14:33:28.173"
"AG","10.710","21","10.720","27","110","10.61","dea0e079-2f45-4d66-9fe2-14516ab87fe4","2022-01-26 14:33:28.173"
"AG","10.700","2","10.700","6","110","10.61","dd0a87bb-26dc-44ef-9a3c-ffeb86f0f269","2022-01-26 14:33:28.173"
"AG","10.680","31","10.690","24","110","10.61","095ba195-0df5-4fa8-997e-8db0f6fef620","2022-01-26 14:33:28.173"
"AG","10.600","19","10.610","27","-110","10.61","95aa8230-8c5e-4916-b89c-56d0b9edfe34","2022-01-26 14:34:27.544"
"AG","10.600","19","10.610","27","-110","10.61","ad54e9b2-1e69-4087-9bda-4b84460d08b5","2022-01-26 14:34:27.544"
"AG","10.560","16","10.570","26","-110","10.57","51ea910c-d337-47dc-be12-5a62b817d7c6","2022-01-26 14:34:55.154"
"AG","10.560","16","10.570","26","-110","10.57","af612b78-23b4-47f5-bac1-bbd8964897ac","2022-01-26 14:34:55.154"
"AG","10.560","22","10.570","16","-110","10.57","64c632fe-17f6-4092-aec8-d1ee8f7247a7","2022-01-26 14:35:00.564"
"AG","10.560","22","10.570","16","-110","10.57","1a6a5d0a-12b2-46a6-b7ff-2c29048dcd28","2022-01-26 14:35:00.564"
"AG","10.560","37","10.570","53","-110","10.57","a527fd7b-2332-4672-9809-fc806cf07121","2022-01-26 14:35:11.149"
"AG","10.690","28","10.700","5","110","10.64","163f6323-c8c5-476b-af30-8c2d7767cb5a","2022-01-26 14:39:50.905"
"AG","10.670","29","10.680","13","110","10.64","9dd247cf-e527-4b74-8e18-5c2c6194da58","2022-01-26 14:39:50.905"
"AG","10.530","18","10.540","24","-110","10.54","e185f57c-9281-42b3-a003-586fcd0862f1","2022-01-26 14:42:35.587"
"AG","10.500","23","10.510","21","-110","10.51","857360f8-68ba-4849-af40-eb995e6fb48d","2022-01-26 14:43:21.760"
"AG","10.590","20","10.600","18","110","10.43","04958bf1-0cf7-4cd2-b337-454634528b00","2022-01-26 14:44:54.927"
"AG","10.580","27","10.590","5","110","10.42","3ffc9ef7-2742-4bc6-870c-488e9dde3362","2022-01-26 14:44:56.454"
"AG","10.590","20","10.600","2","110","10.42","40e41f3c-c25b-47a7-bbc8-1d527575e3b4","2022-01-26 14:44:56.454"
"AG","10.590","16","10.600","6","110","10.38","d14002f9-8eee-40de-a442-c44d5a129ffa","2022-01-26 14:45:21.771"
"AG","10.580","21","10.590","12","110","10.38","7454d63a-f22f-4b4e-8684-af8d65034773","2022-01-26 14:45:21.771"
"AG","10.590","29","10.600","41","110","10.38","3afdfd53-83bb-4ef5-b722-d641e64d7c18","2022-01-26 14:45:21.771"
"AG","10.590","33","10.600","39","110","10.38","e041442b-822c-492f-bd95-baa711b0c3c8","2022-01-26 14:45:21.771"
"AG","10.590","35","10.600","41","110","10.38","1eca9878-85fc-43d3-8dbd-96c902e64a5e","2022-01-26 14:45:21.771"
"AG","10.590","30","10.600","39","110","10.38","5b17c169-3a7d-4698-a13f-1e724cbd49f7","2022-01-26 14:45:21.771"
"AG","10.590","18","10.600","4","110","10.36","b87138e6-c110-4b80-a0f0-8963c4826d5e","2022-01-26 14:45:23.751"
"AG","10.590","30","10.600","39","110","10.36","abff8f2b-0fef-43e1-afe4-06b25f161f08","2022-01-26 14:45:23.751"
"AG","10.350","6","10.360","19","-110","10.36","c9a00f20-f15d-45b4-a14c-e779ae4300a7","2022-01-26 14:45:38.196"
"AG","10.370","27","10.380","35","-110","10.38","c4b22504-de72-468c-bdc1-e6c6d166f001","2022-01-26 14:45:44.148"
"AG","10.370","27","10.380","35","-110","10.38","c3ae28eb-7a7d-4253-8110-b61598a1b788","2022-01-26 14:45:44.148"
"AG","10.370","27","10.380","35","-110","10.38","764979ff-4009-47e9-bf8b-fbd63b4944b1","2022-01-26 14:45:44.148"
"AG","10.370","27","10.380","35","-110","10.38","20458f6a-d088-417a-b85f-b2a2496e2261","2022-01-26 14:45:44.148"
"AG","10.370","27","10.380","35","-110","10.38","280c041f-bf88-4a07-ba38-b29eb403bae0","2022-01-26 14:45:44.148"
"AG","10.350","23","10.360","21","-110","10.36","f31ba37f-a738-4f4c-a470-c16ea7e89efa","2022-01-26 14:45:50.559"
"AG","10.350","23","10.360","21","-110","10.36","982c9be0-5188-4957-9908-bdd0f8160716","2022-01-26 14:45:50.559"
"AG","10.350","23","10.360","21","-110","10.36","4b8b53fb-1fec-4faf-bb1d-76a3d26cc782","2022-01-26 14:45:50.559"
"AG","10.340","27","10.350","10","-110","10.35","a1f2ed0f-5fa2-44af-ad39-f785693399a6","2022-01-26 14:46:00.665"
"AG","10.360","2","10.370","32","-110","10.37","b442e6ac-7eed-4f9b-91f3-0eb0b6b9f468","2022-01-26 14:46:11.158"
"AG","10.410","29","10.410","1","110","10.41","21552731-4b32-4c9b-9bd3-a74b0f64347f","2022-01-26 14:53:20.006"
"AG","10.340","53","10.350","6","-110","10.36","afc0345c-0d0c-4fc2-9b8f-35f312b5fc66","2022-01-26 14:57:56.924"
"ABB","36.030","5","36.040","9","32","35.93","b3fc4488-895f-47fe-9214-67cc5692f787","2022-01-26 10:12:53.968"
"ABB","36.020","6","36.030","13","32","35.93","540a29c6-a705-4c09-b85a-0ef618ae57c5","2022-01-26 10:12:53.968"
"ABB","36.020","1","36.030","16","32","35.93","55e6f1e3-bd15-4557-9b09-47caa1128f28","2022-01-26 10:12:53.968"
"ABB","36.020","10","36.030","9","32","35.93","0f13e1ac-3b3b-446b-9d08-607bc7b54d42","2022-01-26 10:12:53.968"
"ABB","36.000","3","36.010","8","32","35.93","37029a15-0918-4db2-be4c-cf79e325dbf1","2022-01-26 10:12:53.968"
"ABB","36.000","3","36.010","15","32","35.93","1e3ffeaa-d843-4471-aee4-885b2b35ff7e","2022-01-26 10:12:53.968"
"ABB","35.960","8","35.970","2","32","35.93","8d930d5c-aee5-4ab8-93d1-1c283ec83a9d","2022-01-26 10:12:53.968"
"ABB","35.910","38","35.920","1","-32","35.93","7f99f98d-5f96-4db0-b429-7ff4c72c39e9","2022-01-26 10:13:30.649"
"ABB","35.910","38","35.920","1","-32","35.93","44b2a106-f87f-4913-b90f-598893a4fa4e","2022-01-26 10:13:30.649"
"ABB","35.910","38","35.920","1","-32","35.93","afce0c05-27b9-4ac7-961c-0ab2ce5aded5","2022-01-26 10:13:30.649"
"ABB","35.930","3","35.940","12","-32","35.94","fed84daa-2858-4d73-9be2-c28938355534","2022-01-26 10:13:49.082"
"ABB","35.930","3","35.940","12","-32","35.94","c76882f6-f412-424e-843b-4d874bf2b145","2022-01-26 10:13:49.082"
"ABB","35.930","5","35.940","15","-32","35.94","027bc310-07b9-4a9c-9feb-4327135b7110","2022-01-26 10:14:28.052"
"ABB","35.930","5","35.940","15","-32","35.94","7c15d212-dafc-499f-8a80-23918e5c301e","2022-01-26 10:14:28.052"
"ABB","36.010","2","36.020","8","32","35.90","720b019d-9794-4740-8e40-cb7dd1ea4059","2022-01-26 10:14:57.533"
"ABB","36.010","5","36.020","8","32","35.90","b2df3511-b839-48cd-b553-1c8e39dc59f6","2022-01-26 10:14:57.533"
"ABB","36.000","43","36.010","11","32","35.90","86535015-2e70-4665-8b13-083882fa98b2","2022-01-26 10:14:57.533"
"ABB","36.060","60","36.070","40","32","35.90","efbd45f7-7ce2-4b63-925c-c78126b5747b","2022-01-26 10:15:05.382"
"ABB","36.030","4","36.040","6","32","35.90","f7514c9d-5962-4d6d-8f5e-91edd4298254","2022-01-26 10:15:05.382"
"ABB","36.030","3","36.040","38","32","35.90","e4a14ab7-c833-40ba-b535-440813575c33","2022-01-26 10:15:05.382"
"ABB","36.020","4","36.030","15","32","35.90","a9814aec-325c-4a15-bede-4d318efa011a","2022-01-26 10:15:05.382"
"ABB","36.010","2","36.020","10","32","35.90","b25cc740-3a01-48e9-b7aa-6a5924251491","2022-01-26 10:15:05.382"
"ABB","35.880","39","35.890","3","-32","35.90","0ca578d6-ca86-47d7-916a-cbfca9cc6f3b","2022-01-26 10:15:36.914"
"ABB","35.880","39","35.890","3","-32","35.90","4746c77f-2488-46f3-8146-9f359cbdf4a6","2022-01-26 10:15:36.914"
"ABB","35.870","1","35.870","11","-32","35.87","da674fcc-0915-453c-8cb8-2b8b88040da8","2022-01-26 10:16:20.006"
"ABB","35.870","4","35.880","12","-32","35.88","455aaa95-8810-41d9-b53d-0434a1ba49dc","2022-01-26 10:16:45.728"
"ABB","35.870","4","35.880","12","-32","35.88","81bf9b3b-836c-4e46-83a2-38134cca6988","2022-01-26 10:16:45.728"
"ABB","35.870","4","35.880","12","-32","35.88","417154bf-5886-4ac4-bae3-8d97b7adffac","2022-01-26 10:16:45.728"
"ABB","35.880","2","35.890","9","-32","35.89","c266f130-b0d5-4812-813f-9544192a731d","2022-01-26 10:17:03.571"
"ABB","35.880","9","35.890","1","-32","35.90","778c5912-9c1d-4226-a085-045a556080d0","2022-01-26 10:17:41.432"
"ABB","35.920","6","35.940","39","32","35.81","89568138-e0b8-4e6b-ad85-c6f6b66b7e65","2022-01-26 10:25:11.156"
"ABB","35.920","7","35.940","4","32","35.81","958e358d-c580-4f52-a9c0-73da770e84dd","2022-01-26 10:25:11.156"
"ABB","35.940","6","35.950","38","32","35.81","876d411b-3cd3-49f9-8386-7f42765e74cb","2022-01-26 10:25:11.156"
"ABB","35.980","1","35.990","33","32","35.80","981fb067-ce94-4699-8300-cf3ac9c4842d","2022-01-26 10:25:21.754"
"ABB","35.940","3","35.950","39","32","35.78","9056babf-d9e7-44f2-a52b-79935e7b1129","2022-01-26 10:25:28.112"
"ABB","35.970","8","35.980","1","32","35.78","3e9ff619-4c1a-4f12-ab58-942254c7b224","2022-01-26 10:25:28.112"
"ABB","35.980","5","36.000","37","32","35.78","7d85a09a-bee7-4646-9b71-83d6867ca5c9","2022-01-26 10:25:28.112"
"ABB","35.960","16","35.970","2","32","35.78","574d8553-13cc-404f-9a15-86516818e79a","2022-01-26 10:25:28.112"
"ABB","35.970","2","35.980","33","32","35.78","4a2b4467-cf94-4dd8-98e5-05e5cff7547a","2022-01-26 10:25:28.112"
"ABB","35.950","6","35.970","35","32","35.78","ea0b714b-307e-46a5-947f-a2dc838ae51f","2022-01-26 10:25:28.112"
"ABB","35.950","6","35.960","14","32","35.78","bd71d8df-2ba9-4b29-a6fb-71e890bc168b","2022-01-26 10:25:28.112"
"ABB","35.770","17","35.780","1","-32","35.79","4c8307e3-824b-4053-a008-9f05e9c6922e","2022-01-26 10:25:37.010"
"ABB","35.770","17","35.780","1","-32","35.79","cf74f939-d5b9-4e63-bda9-6f06f1fb3026","2022-01-26 10:25:37.010"
"ABB","35.770","46","35.780","1","-32","35.78","0903a3a9-c146-42c4-bf70-4fb1fa9cfb17","2022-01-26 10:25:41.102"
"ABB","35.770","46","35.780","1","-32","35.78","53058992-64c2-4f6f-8766-829c4f13abad","2022-01-26 10:25:41.102"
"ABB","35.770","46","35.780","1","-32","35.78","4e5ca01e-1e5a-40d6-8196-7fb026891f1a","2022-01-26 10:25:41.102"
"ABB","35.770","46","35.780","1","-32","35.78","b331dbe3-e82a-446e-9234-08d9fdd5859d","2022-01-26 10:25:41.102"
"ABB","35.770","46","35.780","1","-32","35.78","0d033ac2-d729-4570-a0f5-2aee042bf172","2022-01-26 10:25:41.102"
"ABB","35.790","9","35.800","13","-32","35.80","9a2d89fd-c90d-4fa6-aed5-7c97b5e7c793","2022-01-26 10:26:04.047"
"ABB","35.790","13","35.800","10","-32","35.80","5c001805-3c57-44ca-90e4-3f02a984c9fd","2022-01-26 10:26:17.835"
"ABB","35.790","13","35.800","10","-32","35.80","1196c8a3-9a65-47f3-8404-a6213ad48af5","2022-01-26 10:26:17.835"
"ABB","35.800","8","35.810","4","-32","35.81","3c9251a8-0cce-4d61-ad97-1229d65d40e4","2022-01-26 10:26:20.071"
"ABB","35.770","14","35.780","13","32","35.74","c1cca1cc-0c33-4e03-b70b-363b2a708aae","2022-01-26 10:53:06.796"
"ABB","35.770","17","35.780","6","32","35.74","748f5eb6-0e15-492b-9100-a979abf49390","2022-01-26 10:53:06.796"
"ABB","35.770","18","35.780","1","-32","35.78","ba9bee43-721b-4be6-b2ba-bedcbb5a1e0e","2022-01-26 10:56:42.544"
"ABB","35.770","11","35.780","19","-32","35.78","3b07344a-df8c-4d52-b569-042467f35f3d","2022-01-26 10:57:10.747"
"ABB","35.780","6","35.790","37","32","35.75","38172b06-0656-48f8-b5e2-4fcdf9ff2b4d","2022-01-26 11:00:22.757"
"ABB","35.730","12","35.740","3","-32","35.74","a667d2e3-5070-487d-89ba-5040354762d6","2022-01-26 11:02:00.057"
"ABB","35.820","7","35.830","56","32","35.74","8843f8c2-63cd-4f90-a99d-5a7bcaa89f07","2022-01-26 11:18:10.952"
"ABB","35.810","20","35.820","22","32","35.74","338b0613-62f4-45d9-abaf-a9c575575f97","2022-01-26 11:18:10.952"
"ABB","35.790","14","35.800","26","32","35.74","50c261e3-6222-459b-b757-5587a9579127","2022-01-26 11:18:10.952"
"ABB","35.740","17","35.750","14","-32","35.75","2fd52218-9713-418f-9072-03fbcbf1a023","2022-01-26 11:18:42.981"
"ABB","35.740","17","35.750","14","-32","35.75","207ab05b-9d2e-43c4-939e-ca191986e1cf","2022-01-26 11:18:42.981"
"ABB","35.760","23","35.770","10","-32","35.77","17c768b9-20ca-4bf8-b0f8-540f96ab0bfc","2022-01-26 11:19:03.031"
"ABB","35.780","33","35.790","37","32","35.72","dca6af0f-cfad-42ba-8271-ac26da5b1464","2022-01-26 11:29:43.112"
"ABB","35.790","5","35.800","49","32","35.72","bcd43f45-0386-4a9b-8b0d-0e4f6a3bca08","2022-01-26 11:29:43.112"
"ABB","35.770","17","35.780","11","32","35.72","1851f7f1-fce0-4a99-9970-8b276da5eea4","2022-01-26 11:29:43.112"
"ABB","35.780","13","35.790","18","32","35.72","0edfd2f9-0239-43b6-9746-df2fadf6111e","2022-01-26 11:29:43.112"
"ABB","35.770","17","35.780","20","32","35.72","d0b3d054-e98d-40f2-9999-3c7a2db3dd94","2022-01-26 11:29:43.112"
"ABB","35.790","6","35.800","21","32","35.72","de501174-00dc-433a-981d-1055dd25b770","2022-01-26 11:29:43.112"
"ABB","35.790","14","35.800","14","32","35.72","3206c556-7893-429e-815f-0ef6f60d57d5","2022-01-26 11:29:43.112"
"ABB","35.790","9","35.800","52","32","35.72","3ac1880a-17c8-4aec-9a45-fc24291d4777","2022-01-26 11:29:43.112"
"ABB","35.790","2","35.800","62","32","35.72","e1fcc838-5d9a-4a18-8b39-517a8679553f","2022-01-26 11:29:43.112"
"ABB","35.790","5","35.800","24","32","35.72","65173865-08a6-499d-9c8b-be8def857e7b","2022-01-26 11:29:43.112"
"ABB","35.790","5","35.800","24","32","35.72","d17bf927-840f-4d07-8a4a-b8c07c93d64b","2022-01-26 11:29:43.112"
"ABB","35.760","4","35.770","13","32","35.72","ccfa4589-ab91-48e9-a226-84815db458b9","2022-01-26 11:29:43.112"
"ABB","35.770","18","35.780","16","32","35.72","ad560675-4516-4b6a-b89a-c109416c2ca0","2022-01-26 11:29:43.112"
"ABB","35.780","10","35.790","18","32","35.72","59fcd255-474c-4d91-bc02-63eaed441854","2022-01-26 11:29:43.112"
"ABB","35.780","9","35.790","52","32","35.72","2a698459-d0a2-45ab-b4f5-0828e4d3b416","2022-01-26 11:29:43.112"
"ABB","35.780","9","35.790","52","32","35.72","ca08f724-603d-4ab0-a46b-64190b18ea5e","2022-01-26 11:29:43.112"
"ABB","35.780","3","35.790","58","32","35.72","52668400-28fc-414d-b812-b19b403cab5c","2022-01-26 11:29:43.112"
"ABB","35.780","3","35.790","59","32","35.72","aaa41c5c-ded2-4e88-842d-e662fc0a0a0a","2022-01-26 11:29:43.112"
"ABB","35.760","18","35.770","12","32","35.72","c3989c3e-ba7f-49ab-ad2e-9877dbbe7744","2022-01-26 11:29:43.112"
"ABB","35.760","18","35.770","15","32","35.72","800c4722-bd31-4f94-a516-5ec2a499ffdc","2022-01-26 11:29:43.112"
"ABB","35.760","20","35.770","47","32","35.72","bc90217c-8085-4ab8-be1c-d635e3841654","2022-01-26 11:29:43.112"
"ABB","35.760","21","35.770","47","32","35.72","db494036-58ad-4eb6-9ff8-43059cb6c737","2022-01-26 11:29:43.112"
"ABB","35.760","6","35.770","59","32","35.72","bcf5dbc1-65c2-459b-864d-a05fcb00456f","2022-01-26 11:29:43.112"
"ABB","35.760","9","35.770","57","32","35.71","6d00a371-e963-43cf-88c6-7052b3573e3c","2022-01-26 11:29:48.105"
"ABB","35.770","5","35.780","19","32","35.71","fb73f4c7-e387-4e10-9e8f-0c942fc80ad1","2022-01-26 11:29:48.105"
"ABB","35.760","17","35.770","13","32","35.71","81872263-354f-4e2e-9ee8-85dd6a50a4be","2022-01-26 11:29:48.105"
"ABB","35.770","16","35.780","22","32","35.71","3b86c645-adf6-4f17-b0a2-323fb0e02735","2022-01-26 11:29:48.105"
"ABB","35.760","14","35.770","14","32","35.71","fe1cfdda-ad49-4cb0-b328-4058ae97fa24","2022-01-26 11:29:48.105"
"ABB","35.760","6","35.770","19","32","35.71","38171d62-668f-4ab6-a7da-a6b868c543a8","2022-01-26 11:29:48.105"
"ABB","35.690","11","35.700","15","-32","35.70","5882477e-b33e-4b87-af2c-6e0096423a68","2022-01-26 11:30:11.007"
"ABB","35.690","11","35.700","15","-32","35.70","6cac5569-1e77-4ae4-9f01-05a1c4fc7277","2022-01-26 11:30:11.007"
"ABB","35.690","11","35.700","15","-32","35.70","71e9e215-c396-441a-a118-cc75a9df1a02","2022-01-26 11:30:11.007"
"ABB","35.690","11","35.700","15","-32","35.70","063e62ff-a669-4b9d-889b-f3b76bd112b2","2022-01-26 11:30:11.007"
"ABB","35.690","11","35.700","15","-32","35.70","23a5feb2-ba62-4e7a-89ad-3b81febec3dd","2022-01-26 11:30:11.007"
"ABB","35.690","11","35.700","15","-32","35.70","71c33264-7afa-4cfd-b668-3b80cfd577ce","2022-01-26 11:30:11.007"
"ABB","35.690","11","35.700","15","-32","35.70","3cd73eba-8c13-41c0-b030-38a32afd44af","2022-01-26 11:30:11.007"
"ABB","35.690","11","35.700","15","-32","35.70","f79241ad-c54e-4f0c-b9c1-a9358d7d2618","2022-01-26 11:30:11.007"
"ABB","35.690","11","35.700","15","-32","35.70","9617b816-b018-4705-bb2e-a97ac68142ab","2022-01-26 11:30:11.007"
"ABB","35.690","11","35.700","15","-32","35.70","9ca27478-008b-4c29-985e-35aa0beb951c","2022-01-26 11:30:11.007"
"ABB","35.690","11","35.700","15","-32","35.70","293f4330-7aa7-4c56-9e3a-beb267d168f3","2022-01-26 11:30:11.007"
"ABB","35.690","11","35.700","15","-32","35.70","37cd3c29-cb1e-45f2-ab63-d91b461548f7","2022-01-26 11:30:11.007"
"ABB","35.690","11","35.700","15","-32","35.70","5a0c6fcb-9b36-4cd0-bd96-2ba48a8b72ee","2022-01-26 11:30:11.007"
"ABB","35.690","11","35.700","15","-32","35.70","798c7c50-e1ef-4af0-a0bb-f682dffcd78f","2022-01-26 11:30:11.007"
"ABB","35.690","11","35.700","15","-32","35.70","536243ad-b004-4c1e-bf36-29f005a8eb25","2022-01-26 11:30:11.007"
"ABB","35.690","12","35.700","5","-32","35.71","c2cef227-73d9-4862-a41f-2ccb2c2a8d48","2022-01-26 11:30:34.997"
"ABB","35.690","12","35.700","5","-32","35.71","d9dee30a-fd12-4618-8277-21063e8bb808","2022-01-26 11:30:34.997"
"ABB","35.690","12","35.700","5","-32","35.71","2ecf580d-dc35-4b2d-9f09-5c3171cdceb6","2022-01-26 11:30:34.997"
"ABB","35.690","12","35.700","5","-32","35.71","667909b8-ccde-4b32-9d2a-d163f17ffffe","2022-01-26 11:30:34.997"
"ABB","35.700","13","35.710","18","-32","35.71","600438c1-c906-4e16-bf0e-41f9138f70cf","2022-01-26 11:30:37.298"
"ABB","35.700","13","35.710","18","-32","35.71","f960a7b4-f8d0-44e9-89ba-a9b144858183","2022-01-26 11:30:37.298"
"ABB","35.700","13","35.710","18","-32","35.71","e5023a58-86d1-46bf-8900-a7835a7fdd54","2022-01-26 11:30:37.298"
"ABB","35.700","13","35.710","18","-32","35.71","0203edfe-5d0f-4024-a3ef-0793e5d30831","2022-01-26 11:30:37.298"
"ABB","35.700","13","35.710","18","-32","35.71","bc7edd74-ffa1-41fb-8d73-4148f81ed6f4","2022-01-26 11:30:37.298"
"ABB","35.700","13","35.710","18","-32","35.71","5732b23b-d801-423f-92ac-092b89c0ea5f","2022-01-26 11:30:37.298"
"ABB","35.700","13","35.710","18","-32","35.71","b4173068-5082-4840-8618-f7e807ec903a","2022-01-26 11:30:37.298"
"ABB","35.700","8","35.710","20","-32","35.71","3ec0a8bb-df03-4f1d-b1ad-f5d4b3a1cd5f","2022-01-26 11:31:06.672"
"ABB","35.710","2","35.720","31","-32","35.72","9495b568-3d68-4caa-ae4a-885125258887","2022-01-26 11:31:14.073"
"ABB","35.710","2","35.720","31","-32","35.72","9374264f-8465-45a0-9f40-6d7b744f78c4","2022-01-26 11:31:14.073"
"ABB","35.750","10","35.760","12","32","35.76","536a6279-c106-43db-a05b-540cfb603d39","2022-01-26 11:42:10.006"
"ABB","35.740","28","35.750","9","-32","35.76","38c69d96-5e69-4efb-a60b-c8376c39bbd0","2022-01-26 11:43:30.444"
"ABB","35.750","1","35.760","36","32","35.68","c08e1e98-a93b-40c5-8acd-d0c662cf6e24","2022-01-26 11:51:13.745"
"ABB","35.750","6","35.760","16","32","35.68","b0bdc26f-30e2-4395-9235-c62a1c3f605a","2022-01-26 11:51:13.745"
"ABB","35.760","1","35.770","28","32","35.68","ce448548-49dd-42a5-a2b4-482a49b9b868","2022-01-26 11:51:13.745"
"ABB","35.750","3","35.760","27","32","35.68","4a332f61-b4cc-44a4-b04e-07dd5e747cec","2022-01-26 11:51:13.745"
"ABB","35.740","10","35.750","21","32","35.68","3087963e-f9f9-4c09-8b34-2839e5499c9b","2022-01-26 11:51:13.745"
"ABB","35.670","11","35.680","24","-32","35.68","a78a4857-1d18-43c8-9164-561ab155bd50","2022-01-26 11:52:35.346"
"ABB","35.670","11","35.680","24","-32","35.68","3ace7ccc-90f1-4a7c-8906-16181fcb52d8","2022-01-26 11:52:35.346"
"ABB","35.680","14","35.690","5","-32","35.69","37ea4a19-a17d-4d16-b84b-613525524e96","2022-01-26 11:53:01.502"
"ABB","35.680","14","35.690","5","-32","35.69","5d71315a-a768-4245-bce8-a07c8ad1171e","2022-01-26 11:53:01.502"
"ABB","35.680","11","35.690","12","-32","35.69","42a42c2a-21f1-4b31-bcd2-ea9289bb05ea","2022-01-26 11:53:01.502"
"ABB","35.770","6","35.780","17","32","35.74","bcd5d5be-1582-46c2-9a5f-4b23ea76adb7","2022-01-26 12:03:51.360"
"ABB","35.780","2","35.790","19","32","35.74","e2a5c2a5-df9d-4c54-ae79-bc21b58446fc","2022-01-26 12:03:51.360"
"ABB","35.730","11","35.740","13","-32","35.74","f2e076f2-3ed5-4ca5-b4b7-56b208848a60","2022-01-26 12:04:12.611"
"ABB","35.740","9","35.750","19","-32","35.75","e5453b1e-078e-4dee-a090-cd5edcc10ea0","2022-01-26 12:04:25.785"
"ABB","35.810","7","35.820","16","32","35.78","901bb233-00f8-4bd1-87fa-3d7dfeefddad","2022-01-26 12:59:22.519"
"ABB","35.810","2","35.810","30","32","35.78","991496aa-70c2-4b19-b0a8-3adc2f5738bf","2022-01-26 12:59:22.519"
"ABB","35.800","18","35.810","10","32","35.78","fee017e4-0a52-4592-9a1e-77adf76e02e3","2022-01-26 12:59:22.519"
"ABB","35.800","16","35.810","11","32","35.78","4496af88-0611-41d4-8dbb-094cdeb53543","2022-01-26 12:59:22.519"
"ABB","35.800","16","35.810","11","32","35.78","d38335f3-cbb3-47e2-8b42-d36314b4caed","2022-01-26 12:59:22.519"
"ABB","35.800","9","35.810","16","32","35.78","396ee541-2447-4ae5-b06b-1d71f79b15c8","2022-01-26 12:59:22.519"
"ABB","35.820","16","35.830","17","32","35.77","a6bcc1df-65ba-471b-a6a3-11aa8c61c461","2022-01-26 12:59:54.585"
"ABB","35.820","9","35.830","34","32","35.77","436f59cb-55e9-4757-b865-b9ee7ea0a1b8","2022-01-26 12:59:54.585"
"ABB","35.810","6","35.820","31","32","35.76","08c37577-ca5f-4a4d-ab90-656bdc015968","2022-01-26 13:00:31.970"
"ABB","35.810","9","35.820","16","32","35.75","9a1802e0-c4e4-4660-84a2-0e1ebd9f6cbb","2022-01-26 13:00:49.420"
"ABB","35.810","7","35.820","21","32","35.75","0787eca2-95c4-4f6c-aa49-b09c9ff7f4c1","2022-01-26 13:00:49.420"
"ABB","35.810","6","35.820","28","32","35.75","801fa113-6cfb-484a-915e-9bf0d97339b5","2022-01-26 13:00:49.420"
"ABB","35.810","6","35.820","24","32","35.75","a42a767d-a025-403b-83fa-ca2ff97aafae","2022-01-26 13:00:49.420"
"ABB","35.810","6","35.820","31","32","35.75","d6c263f8-043c-4fbe-b0a8-1e306dadc449","2022-01-26 13:00:49.420"
"ABB","35.750","1","35.750","4","-32","35.75","1f721afc-a765-43cd-9f25-f0a5553883eb","2022-01-26 13:01:10.006"
"ABB","35.750","1","35.750","4","-32","35.75","d19071d6-69c7-4481-b98d-aa312d0cc2e8","2022-01-26 13:01:10.006"
"ABB","35.750","1","35.750","4","-32","35.75","bedb3ebc-b5b0-4348-b215-8c2ac3164635","2022-01-26 13:01:10.006"
"ABB","35.750","1","35.750","4","-32","35.75","8843de23-a278-4317-8dee-ccf44d3a621a","2022-01-26 13:01:10.006"
"ABB","35.800","12","35.810","20","32","35.74","cf91b8b7-1fd1-4f55-8aa9-d1d9d5a2210c","2022-01-26 13:01:12.148"
"ABB","35.800","31","35.810","2","32","35.74","cdc9c9e8-c9a1-4343-ae82-c6d6e9a81014","2022-01-26 13:01:12.148"
"ABB","35.810","10","35.820","14","32","35.74","60471da5-2be1-44cd-9ee1-b16375cc6d45","2022-01-26 13:01:12.148"
"ABB","35.810","10","35.820","14","32","35.74","aa4b6f68-7f56-4552-a1a9-8ce236b5aee5","2022-01-26 13:01:12.148"
"ABB","35.730","1","35.740","29","32","35.70","51faf602-d4a6-4a13-9596-a1abd08f7de9","2022-01-26 13:02:02.659"
"ABB","35.740","10","35.750","15","32","35.70","50435492-e8e2-464c-b1fc-af5777c0333a","2022-01-26 13:02:02.659"
"ABB","35.750","12","35.760","19","32","35.70","a06d85e8-0855-440f-97c4-ce2e67b7d281","2022-01-26 13:02:02.659"
"ABB","35.720","14","35.730","14","32","35.68","12930c09-0100-45e3-8baf-4843c6f7c37c","2022-01-26 13:03:43.697"
"ABB","35.730","5","35.740","17","32","35.67","2588ce31-56ac-49f6-b0be-b5d6387896e6","2022-01-26 13:03:52.263"
"ABB","35.670","1","35.680","19","-32","35.68","d66d4e60-d949-4cd8-80c6-630c0bd08ce1","2022-01-26 13:04:11.476"
"ABB","35.670","1","35.680","19","-32","35.68","523c9b0f-7398-44c7-be46-2cfa7659741f","2022-01-26 13:04:11.476"
"ABB","35.670","1","35.680","19","-32","35.68","ecd20bcd-2f8f-43d0-8506-b8fc84cb6d29","2022-01-26 13:04:11.476"
"ABB","35.670","1","35.680","19","-32","35.68","4263d46b-fda9-4b17-a81d-49f54a79d6f2","2022-01-26 13:04:11.476"
"ABB","35.670","1","35.680","19","-32","35.68","02f16d3e-63d5-472d-960b-6e9a671ba3b4","2022-01-26 13:04:11.476"
"ABB","35.670","1","35.680","19","-32","35.68","471f2f35-df59-4abb-8a98-35597a48d6f4","2022-01-26 13:04:11.476"
"ABB","35.670","1","35.680","19","-32","35.68","d8fc9cbb-c13c-4aa1-91c7-f69118ceb807","2022-01-26 13:04:11.476"
"ABB","35.670","1","35.680","19","-32","35.68","c55a84ed-97b0-4998-89fe-587024fbb0a6","2022-01-26 13:04:11.476"
"ABB","35.670","2","35.680","21","-32","35.68","7052527e-e756-4602-844e-1d6b6dbf1648","2022-01-26 13:04:11.476"
"ABB","35.670","2","35.680","21","-32","35.68","9ad0052c-41c8-4c2e-8b42-cac791fd0714","2022-01-26 13:04:11.476"
"ABB","35.670","2","35.680","21","-32","35.68","ee9cdef3-3cb5-402b-bd03-1d5b98d895ac","2022-01-26 13:04:11.476"
"ABB","35.670","2","35.680","21","-32","35.68","0eb88bc8-ab39-4765-9d5e-6de3491dfcf6","2022-01-26 13:04:11.476"
"ABB","35.670","2","35.680","21","-32","35.68","d2e8f750-d921-4a51-a28d-eb720b878a2b","2022-01-26 13:04:11.476"
"ABB","35.670","2","35.680","21","-32","35.68","0e9c66fe-1d8f-42c7-8ed2-868eb723c178","2022-01-26 13:04:11.476"
"ABB","35.670","15","35.680","10","-32","35.68","53087a39-89e3-42b1-a004-0362a56375a2","2022-01-26 13:06:15.602"
"ABB","35.680","10","35.690","11","-32","35.69","dfeee8bc-e6f5-42cf-b592-ccb13c6f7367","2022-01-26 13:06:17.316"
"ABB","35.680","10","35.690","11","-32","35.69","52b1631e-b886-453b-9d8a-a1b0b3fdc714","2022-01-26 13:06:17.316"
"ABB","35.680","10","35.690","11","-32","35.69","e5c15dc2-2a38-4b23-bb83-ff1bd3a7b557","2022-01-26 13:06:17.316"
"ABB","35.680","10","35.690","11","-32","35.69","635854e3-0a58-4920-87f6-fb658e10c638","2022-01-26 13:06:17.316"
"ABB","35.750","3","35.760","30","32","35.76","1e34c812-ca06-4e0f-8ba5-ca3cb1115497","2022-01-26 13:13:40.006"
"ABB","35.700","14","35.710","12","-32","35.71","00c9927c-b426-430b-bc69-2573fbaf5421","2022-01-26 13:20:41.404"
"ABB","35.740","14","35.750","10","32","35.75","f17c08aa-22c4-4dfb-be42-33808c8f7054","2022-01-26 13:33:10.006"
"ABB","35.740","10","35.750","15","-32","35.75","0a260f80-57fc-423c-b74e-9902791e8668","2022-01-26 13:34:46.508"
"ABB","35.740","17","35.750","19","32","35.72","296dc537-564f-4d65-91f4-ce75de85f611","2022-01-26 13:51:53.061"
"ABB","35.750","1","35.760","25","32","35.72","8353ee38-1f48-4047-b348-41848332c607","2022-01-26 13:51:53.061"
"ABB","35.720","12","35.730","14","-32","35.73","e7ceb7cc-08a9-4e8d-bc0a-a77580f600f8","2022-01-26 13:52:43.652"
"ABB","35.730","26","35.730","1","-32","35.73","950056b7-9a07-4e31-8c07-8645d6f98f09","2022-01-26 13:52:50.006"
"ABB","35.750","8","35.760","2","32","35.74","44c01395-139d-4990-ac0f-923348db8493","2022-01-26 13:58:46.992"
"ABB","35.750","8","35.770","14","32","35.74","2d2caa0e-7950-4412-bfee-976fe2aa36a2","2022-01-26 13:58:46.992"
"ABB","35.750","8","35.770","14","32","35.74","0b334536-acde-4d4f-ae57-6810c29f8c28","2022-01-26 13:58:46.992"
"ABB","35.750","14","35.760","7","32","35.72","8c22ff9a-bc1c-4dd6-8e8c-05fa80baab2a","2022-01-26 13:58:54.986"
"ABB","35.750","14","35.760","7","32","35.72","03d7352c-a28e-4659-8e75-035b2ac5e99d","2022-01-26 13:58:54.986"
"ABB","35.750","8","35.760","11","32","35.72","2a8d706f-d84b-4379-a5a8-e7677591679f","2022-01-26 13:58:54.986"
"ABB","35.750","21","35.760","3","32","35.72","43492ef9-8b39-41eb-93b8-e4eea8784a70","2022-01-26 13:58:54.986"
"ABB","35.750","13","35.760","12","32","35.72","3dde5dc6-f6d6-4e86-95cb-7633916ce8b5","2022-01-26 13:58:54.986"
"ABB","35.750","10","35.760","15","32","35.72","3bb40f7b-8f5f-4f38-97e5-c53227d54a50","2022-01-26 13:58:54.986"
"ABB","35.750","6","35.760","11","32","35.72","c206764e-00bd-4826-9dd0-5368becfd522","2022-01-26 13:58:54.986"
"ABB","35.760","1","35.770","12","32","35.72","89b43efa-b742-42b1-a47f-f0fd929a608a","2022-01-26 13:58:54.986"
"ABB","35.770","8","35.790","11","32","35.72","f0e7f823-a138-433e-982e-d6a983d975b4","2022-01-26 13:58:54.986"
"ABB","35.770","12","35.790","11","32","35.72","27699d4d-829d-4425-98cc-571d8545338f","2022-01-26 13:58:54.986"
"ABB","35.710","8","35.720","6","-32","35.72","db4d95ac-39ea-4685-b85d-9ec1e8877be0","2022-01-26 13:59:06.186"
"ABB","35.710","8","35.720","6","-32","35.72","3e37c37e-f409-4561-b4f5-ddbcab4adcc7","2022-01-26 13:59:06.186"
"ABB","35.700","10","35.710","4","-32","35.72","29d354fb-c512-453a-8f1d-3060a2aa9ae1","2022-01-26 13:59:15.581"
"ABB","35.700","10","35.710","4","-32","35.72","e3b0e8ec-1157-42e5-a12b-fb7ba3b52c94","2022-01-26 13:59:15.581"
"ABB","35.700","10","35.710","4","-32","35.72","e14c9258-b29b-4f61-9ccb-e775f8f4e217","2022-01-26 13:59:15.581"
"ABB","35.700","10","35.710","4","-32","35.72","651a7a10-39cb-461c-a3d0-1311066e6c20","2022-01-26 13:59:15.581"
"ABB","35.700","10","35.710","4","-32","35.72","87c3f905-99e7-4696-8700-f44d9817a12c","2022-01-26 13:59:15.581"
"ABB","35.700","10","35.710","4","-32","35.72","31115a5e-29c2-4502-87bc-8af8d7d6652b","2022-01-26 13:59:15.581"
"ABB","35.720","1","35.730","7","-32","35.73","d9e83ee8-c39b-4873-85f7-e354e55b61af","2022-01-26 13:59:26.299"
"ABB","35.720","1","35.730","7","-32","35.73","14b23f2b-d15d-4b57-9b22-b611757c8b1a","2022-01-26 13:59:26.299"
"ABB","35.720","1","35.730","7","-32","35.73","2daefadb-d00b-4487-8099-151707297d7e","2022-01-26 13:59:26.299"
"ABB","35.730","7","35.740","5","-32","35.74","df8e64ce-e4e4-4ea0-a8ea-feee1bcbf2a6","2022-01-26 13:59:37.422"
"ABB","35.730","7","35.740","6","-32","35.74","bf02aa45-dbe7-45e1-a761-5f44ba54d929","2022-01-26 13:59:55.723"
"ABB","35.820","6","35.840","3","32","35.72","e4f3ed89-f2f3-4ccc-bec0-8d4a0431be08","2022-01-26 14:14:28.222"
"ABB","35.840","8","35.850","6","32","35.72","6708627b-b6bf-43bb-acd1-1b943a5b58ee","2022-01-26 14:14:28.222"
"ABB","35.840","8","35.850","9","32","35.72","f7bf2792-e460-477a-b8d9-3099877e342e","2022-01-26 14:14:28.222"
"ABB","35.840","7","35.850","3","32","35.72","6de0f0a4-54ae-419d-aa06-ef048985fe5c","2022-01-26 14:14:28.222"
"ABB","35.800","7","35.820","11","32","35.72","17717e65-565f-4fe0-a986-348cb028c949","2022-01-26 14:14:28.222"
"ABB","35.790","1","35.800","7","32","35.72","8647c864-6921-4126-9704-fe416d11fa81","2022-01-26 14:14:28.222"
"ABB","35.780","8","35.790","3","32","35.72","a773719d-240a-42eb-be65-d5862d2cfcde","2022-01-26 14:14:28.222"
"ABB","35.760","1","35.760","9","32","35.72","578d78ca-f7dc-4d94-9cac-e88accd11fbf","2022-01-26 14:14:28.222"
"ABB","35.750","4","35.760","9","32","35.72","aaae5c81-2a39-4bd0-9627-7a527b962cdc","2022-01-26 14:14:28.222"
"ABB","35.770","8","35.780","1","32","35.72","514b17c0-c43b-4ed5-978d-77f7ad2f00c2","2022-01-26 14:14:28.222"
"ABB","35.780","10","35.800","10","32","35.72","c564e797-f336-4437-b6f5-5be7605389d1","2022-01-26 14:14:28.222"
"ABB","35.800","12","35.810","2","32","35.72","53f52eaf-1927-4317-84e7-0c2240537c7b","2022-01-26 14:14:28.222"
"ABB","35.780","17","35.790","2","32","35.72","6f28d484-042e-4404-b08c-f4255e3fd0ce","2022-01-26 14:14:28.222"
"ABB","35.790","8","35.800","11","32","35.72","eced9c4d-5b14-4a56-aa59-dbf3fb1263c5","2022-01-26 14:14:28.222"
"ABB","35.770","9","35.780","1","32","35.72","89289ced-5960-4d35-b59c-4834824cda48","2022-01-26 14:14:28.222"
"ABB","35.770","10","35.790","9","32","35.72","28601ee1-b7ec-4c2f-9ced-14e271cd6ed0","2022-01-26 14:14:28.222"
"ABB","35.780","8","35.790","1","32","35.72","716e008f-5553-480f-beb2-c2b0651cf1e4","2022-01-26 14:14:28.222"
"ABB","35.760","9","35.770","2","32","35.72","d773dd01-4597-483b-a2c8-c543893af6c1","2022-01-26 14:14:28.222"
"ABB","35.710","10","35.720","18","32","35.68","e539aae2-2f31-4670-9d9b-49f5f4437ae3","2022-01-26 14:14:39.917"
"ABB","35.700","11","35.710","14","32","35.67","2d4e5100-69d4-4441-8574-ee98743b16a9","2022-01-26 14:14:40.429"
"ABB","35.700","13","35.710","9","32","35.67","767d6ae7-014c-4b52-9132-53051c31c3c1","2022-01-26 14:14:40.429"
"ABB","35.690","11","35.700","20","32","35.67","3a1ae08f-cd60-4193-9c55-7d457f0a635e","2022-01-26 14:14:40.429"
"ABB","35.690","10","35.700","20","32","35.67","2e070fdf-70ea-44ae-9721-218189a671e0","2022-01-26 14:14:40.429"
"ABB","35.730","1","35.740","28","32","35.65","5914118a-019c-4d7f-817f-c1f021ef50c9","2022-01-26 14:14:42.684"
"ABB","35.730","5","35.740","22","32","35.65","37c0dcec-4a2c-4387-83e3-9ddb6941a825","2022-01-26 14:14:42.684"
"ABB","35.730","5","35.740","26","32","35.65","00c7e7ee-dc49-47bb-8d58-014f088890fc","2022-01-26 14:14:42.684"
"ABB","35.730","5","35.740","26","32","35.65","130578a4-24c1-40a4-a0ef-43d258391577","2022-01-26 14:14:42.684"
"ABB","35.700","14","35.710","14","32","35.65","8a165c57-369a-40f6-ac6f-fd380b939761","2022-01-26 14:14:42.684"
"ABB","35.700","17","35.710","24","32","35.65","744f3a03-ea63-4243-aec3-15921f7f60bf","2022-01-26 14:14:42.684"
"ABB","35.630","9","35.640","3","-32","35.64","f7432111-cb3b-4c3a-8a9e-34ca961eb606","2022-01-26 14:14:50.173"
"ABB","35.630","9","35.640","3","-32","35.64","87f71c48-acbb-4763-ba3d-178141fe845b","2022-01-26 14:14:50.173"
"ABB","35.630","9","35.640","3","-32","35.64","e1131059-501f-4917-b61a-94855f83d955","2022-01-26 14:14:50.173"
"ABB","35.630","9","35.640","3","-32","35.64","0a845db0-f21a-430e-b6b9-2b5e8dfc90e6","2022-01-26 14:14:50.173"
"ABB","35.630","9","35.640","3","-32","35.64","dbcf9af6-94a5-4639-bced-2212eb8913b2","2022-01-26 14:14:50.173"
"ABB","35.660","12","35.670","1","-32","35.67","1eaa6638-05ff-4fb3-934e-9af06af8c133","2022-01-26 14:15:00.707"
"ABB","35.660","12","35.670","1","-32","35.67","12a66fe6-593d-4501-a19a-a0ac15e7d8c1","2022-01-26 14:15:00.707"
"ABB","35.660","12","35.670","1","-32","35.67","e479e2d2-0af4-47b9-8269-252f14debce2","2022-01-26 14:15:00.707"
"ABB","35.660","12","35.670","1","-32","35.67","ecf2402f-3e0e-4be9-bde8-bdd2500f0fc9","2022-01-26 14:15:00.707"
"ABB","35.660","12","35.670","1","-32","35.67","0352ba79-46c7-49d2-96a7-20122ba8698a","2022-01-26 14:15:00.707"
"ABB","35.660","12","35.670","1","-32","35.67","f3a8d806-a8d0-4083-9824-deff7022de5a","2022-01-26 14:15:00.707"
"ABB","35.660","12","35.670","1","-32","35.67","a1e8ebe7-f97b-45c6-b889-3dfaa5aa4694","2022-01-26 14:15:00.707"
"ABB","35.660","12","35.670","1","-32","35.67","11033a53-7f2d-41af-973a-5dd02af9a11e","2022-01-26 14:15:00.707"
"ABB","35.660","12","35.670","1","-32","35.67","240c81a6-d258-4368-b92c-fec32b8d1e43","2022-01-26 14:15:00.707"
"ABB","35.660","12","35.670","1","-32","35.67","a9b9a38a-0661-40df-b9b8-6c51c2e4214d","2022-01-26 14:15:00.707"
"ABB","35.660","12","35.670","1","-32","35.67","77799acd-2643-4947-bbc4-7227ac9b20a2","2022-01-26 14:15:00.707"
"ABB","35.660","12","35.670","1","-32","35.67","3d2208cf-7428-4287-bfe5-a730b74222b4","2022-01-26 14:15:00.707"
"ABB","35.680","7","35.690","10","-32","35.70","bcca7e1f-8f09-4bc2-bffd-2316b46f3409","2022-01-26 14:15:27.320"
"ABB","35.680","7","35.690","10","-32","35.70","1721fbc1-8956-4d06-9942-582cfbad5b5e","2022-01-26 14:15:27.320"
"ABB","35.680","7","35.690","10","-32","35.70","96e00e42-6ab6-4b6b-9c7d-034bf75addab","2022-01-26 14:15:27.320"
"ABB","35.680","9","35.690","6","-32","35.69","4fb9863b-1f22-49ac-b8e1-8bef9d311be2","2022-01-26 14:15:31.555"
"ABB","35.680","9","35.690","6","-32","35.69","4b700d89-c77e-418b-83bf-283a957797e2","2022-01-26 14:15:31.555"
"ABB","35.680","9","35.690","6","-32","35.69","b4b53150-f57d-4c12-b0c5-c5322afcf17c","2022-01-26 14:15:31.555"
"ABB","35.680","9","35.690","6","-32","35.69","1cd5f26f-7d2d-4a25-a62c-94c98decf6ed","2022-01-26 14:15:31.555"
"ABB","35.680","9","35.690","6","-32","35.69","78036786-6ea5-4e61-acbd-a0aed8486330","2022-01-26 14:15:31.555"
"ABB","35.700","9","35.710","1","-32","35.71","926222d6-276e-491a-840b-43f5f2b87a4b","2022-01-26 14:15:40.557"
"ABB","35.700","9","35.710","1","-32","35.71","bb396788-d0d5-459b-aaa7-3c7b866b277a","2022-01-26 14:15:40.557"
"ABB","35.690","9","35.700","2","-32","35.70","f86e7029-1d60-4cf2-8250-6637cda2f982","2022-01-26 14:15:50.725"
"ABB","35.680","10","35.690","3","-32","35.69","42e4a000-ccf1-4a43-8b4c-a742b1214dcf","2022-01-26 14:16:05.337"
"ABB","35.790","3","35.800","18","32","35.75","73011ea0-4806-4057-9394-3736068a6544","2022-01-26 14:31:43.299"
"ABB","35.770","20","35.780","21","32","35.75","ec617b29-1d8b-4838-9b4b-f9554c8fee83","2022-01-26 14:31:43.299"
"ABB","35.770","20","35.780","21","32","35.75","b24a0a93-4bf8-4981-acfd-d8af00e71e38","2022-01-26 14:31:43.299"
"ABB","35.780","14","35.790","19","32","35.75","816e50c4-1332-4390-baf1-622162e33f7e","2022-01-26 14:31:43.299"
"ABB","35.800","4","35.810","11","32","35.67","6c0c1e9f-5bcc-4a0d-b38d-a2f7916089bf","2022-01-26 14:34:23.195"
"ABB","35.790","26","35.800","2","32","35.67","2078a9cb-8976-4247-9947-4325e58b56e9","2022-01-26 14:34:23.195"
"ABB","35.590","11","35.600","19","-32","35.60","a75cd3c9-409b-4817-87b5-f52ba478d3c6","2022-01-26 14:34:53.431"
"ABB","35.590","11","35.600","19","-32","35.60","d71edbf6-aad4-4b54-995b-bef34af7b884","2022-01-26 14:34:53.431"
"ABB","35.610","1","35.620","29","-32","35.62","1b41cb74-621d-4e67-a86f-38aa8bdbd51b","2022-01-26 14:35:00.646"
"ABB","35.610","1","35.620","29","-32","35.62","1f59f114-a77b-4df2-8a49-9d547ba29ba6","2022-01-26 14:35:00.646"
"ABB","35.580","14","35.590","2","-32","35.59","1b4d415f-eed5-4d2f-8d8f-188c5e16d006","2022-01-26 14:35:21.240"
"ABB","35.610","15","35.620","23","-32","35.62","4b2f448b-5ce0-462c-ad00-beaf59c86718","2022-01-26 14:35:55.091"
"ABB","35.750","13","35.760","13","32","35.65","e282d0f0-0159-4493-97d5-9986dec5400a","2022-01-26 14:41:50.463"
"ABB","35.610","6","35.620","4","-32","35.62","f0efb0ee-aa2a-4356-b372-67a8a54471b1","2022-01-26 14:42:34.758"
"ALB","212.600","1","212.940","6","6","210.76","510c08cf-c960-495d-8ea4-e72e52cb5227","2022-01-26 10:23:50.047"
"ALB","212.890","2","213.680","2","6","210.43","ef8fa2ce-67d6-406a-bdef-e3356a209997","2022-01-26 10:24:18.881"
"ALB","212.890","2","213.680","2","6","210.43","98e18ac4-a17d-4a8c-8f65-f7195a942c1d","2022-01-26 10:24:18.881"
"ALB","213.090","1","213.390","1","6","210.43","5193cf33-59b7-4b61-bb11-07c96fe599ab","2022-01-26 10:24:18.881"
"ALB","213.160","1","213.390","1","6","210.43","d30265af-e0c9-4c73-9cea-14d4caadf12f","2022-01-26 10:24:18.881"
"ALB","212.890","1","213.390","2","6","210.43","984771d0-2732-420b-8ea6-5a239671bc20","2022-01-26 10:24:18.881"
"ALB","212.890","1","213.390","2","6","210.43","ff1d9d7f-ff81-4460-aa0b-b6e45bd8452d","2022-01-26 10:24:18.881"
"ALB","212.750","1","213.030","1","6","210.43","78bdb18d-203b-46d3-8eaf-b69df673ff65","2022-01-26 10:24:18.881"
"ALB","212.750","1","212.940","1","6","210.43","856b4a2e-7549-494b-8875-60244e45aed7","2022-01-26 10:24:18.881"
"ALB","213.890","7","214.170","1","6","210.22","c0519932-6561-4867-b99e-0df49f3f3ebb","2022-01-26 10:24:18.881"
"ALB","213.890","7","214.160","1","6","210.22","5c8bb1f0-a68a-4b09-ab71-cc7d33826a62","2022-01-26 10:24:18.881"
"ALB","213.960","7","214.380","1","6","210.22","c4235b9a-ae20-46e1-a616-060d420f61ed","2022-01-26 10:24:18.881"
"ALB","213.960","7","214.400","1","6","210.22","7b1beee5-58e9-45e6-b628-2535e14a9e21","2022-01-26 10:24:18.881"
"ALB","209.840","1","210.730","7","-6","210.73","29a7c179-c851-4bb2-aabd-5880161e59fb","2022-01-26 10:25:22.184"
"ALB","209.840","1","210.730","7","-6","210.73","5c8f8c7e-f992-447e-a75e-5138d9b1461a","2022-01-26 10:25:22.184"
"ALB","209.840","1","210.730","7","-6","210.73","8e6742e4-dfdc-487e-a8a4-9fb9abca8b99","2022-01-26 10:25:22.184"
"ALB","209.840","1","210.730","7","-6","210.73","ef0e924a-7055-4c63-88e8-19c010d9eda8","2022-01-26 10:25:22.184"
"ALB","209.840","1","210.730","7","-6","210.73","a3d00c2d-9619-4446-9167-c0746be2dcbc","2022-01-26 10:25:22.184"
"ALB","210.020","2","210.740","2","-6","210.74","fcfc46aa-d90e-4573-918d-2d06795e6c38","2022-01-26 10:26:19.662"
"ALB","210.020","2","210.740","2","-6","210.74","ac326e24-3af5-45d0-b38b-6e736e935034","2022-01-26 10:26:19.662"
"ALB","210.020","2","210.740","2","-6","210.74","98b1426d-87a4-4f87-9ae3-3642f1da6dab","2022-01-26 10:26:19.662"
"ALB","210.020","2","210.740","2","-6","210.74","2b40c670-c670-42b8-a963-fc97759f8dbb","2022-01-26 10:26:19.662"
"ALB","210.580","1","210.940","1","-6","210.95","911e7d71-0001-4d63-a607-70589dbd1737","2022-01-26 10:27:26.770"
"ALB","210.580","1","210.940","1","-6","210.95","8ae23705-cfe3-420f-a205-024fe032e914","2022-01-26 10:27:26.770"
"ALB","210.550","1","210.940","1","-6","210.94","34a8bba9-a784-4b07-80c0-d52838924f24","2022-01-26 10:27:59.511"
"ALB","211.540","3","212.490","2","6","209.80","40587619-917a-4369-b317-d23833f98960","2022-01-26 10:30:53.723"
"ALB","211.550","1","212.460","2","6","209.80","a7824cb7-f694-4c57-af6a-2d4f37666afe","2022-01-26 10:30:53.723"
"ALB","211.540","3","212.440","2","6","209.80","202a053d-cd9a-435e-af68-2dba490a86b2","2022-01-26 10:30:53.723"
"ALB","210.910","2","211.720","1","6","209.47","68b5ba4e-ba84-4a07-a535-a018f4ed7856","2022-01-26 10:30:53.926"
"ALB","210.910","2","211.730","2","6","209.47","e2396f1d-b81d-4447-9cb5-7768decb1b54","2022-01-26 10:30:53.926"
"ALB","211.080","2","211.730","1","6","209.47","28dd26f3-7ae6-43c6-b9a5-112573f06e7d","2022-01-26 10:30:53.926"
"ALB","211.150","1","211.730","1","6","209.47","7847f8f1-7740-49e8-8090-491b0baee300","2022-01-26 10:30:53.926"
"ALB","211.540","4","212.430","2","6","209.47","d63c7c56-ea53-452d-853f-2662718d05ef","2022-01-26 10:30:53.926"
"ALB","211.760","1","212.430","1","6","209.47","3c3cac56-6fcd-485d-b598-664e8c18b472","2022-01-26 10:30:53.926"
"ALB","209.490","2","209.890","1","-6","209.89","bdc609f4-7d73-4dfb-a832-6d9aea25803b","2022-01-26 10:31:31.589"
"ALB","209.490","2","209.890","1","-6","209.89","59a3512f-dd98-4a45-b056-3c39479d36dc","2022-01-26 10:31:31.589"
"ALB","209.490","2","209.890","1","-6","209.89","5337d132-a30b-4b1e-8d4f-565f7b77e2de","2022-01-26 10:31:31.589"
"ALB","209.490","2","209.890","1","-6","209.89","5addc611-457a-478f-8771-777c89828200","2022-01-26 10:31:31.589"
"ALB","209.490","2","209.890","1","-6","209.89","975bbec0-0907-4244-8fec-3bc8b90c12ea","2022-01-26 10:31:31.589"
"ALB","209.550","2","210.080","1","-6","210.08","a93ecd14-986e-4960-8876-45ac8b24eaff","2022-01-26 10:32:17.691"
"ALB","209.550","2","210.080","1","-6","210.08","342ce138-d9ab-4765-8293-cca36db52743","2022-01-26 10:32:17.691"
"ALB","209.500","7","210.140","2","-6","210.15","17a4b3b7-543c-4813-baa9-1f84ec7dcf23","2022-01-26 10:32:45.625"
"ALB","209.450","1","210.090","1","-6","210.37","cc5c6d28-c4df-4fa9-b91a-e346139dac93","2022-01-26 10:33:33.600"
"ALB","209.450","1","210.090","1","-6","210.37","f2e7f619-a748-4150-a31e-b0f485d1c5b9","2022-01-26 10:33:33.600"
"ALB","210.240","2","210.680","2","6","210.68","f934d566-6a78-4b81-81e5-be0c695c6b05","2022-01-26 10:36:00.006"
"ALB","209.770","2","210.580","2","-6","210.58","fc0d9c56-b934-4e69-87ee-a8ba1b1ed9a1","2022-01-26 10:37:35.107"
"ALB","210.530","1","211.030","1","6","211.03","b36b183c-2c20-4e1f-aa3b-7861fab6ba91","2022-01-26 10:38:10.006"
"ALB","209.670","2","210.360","2","-6","210.36","1a8277e3-1666-4089-9c6d-d9ace7ea51c9","2022-01-26 10:41:49.437"
"ALB","210.370","1","210.940","2","6","209.03","d9addaa6-706f-43d0-8a97-6e8b79b5a7f3","2022-01-26 10:44:23.549"
"ALB","210.870","1","211.420","2","6","209.03","4b833300-c78a-41bd-b0e4-49c6aafa04a2","2022-01-26 10:44:23.549"
"ALB","209.340","1","209.750","1","-6","209.75","01cc229c-efae-4048-8909-729749254069","2022-01-26 10:44:51.906"
"ALB","209.400","1","209.820","2","-6","209.82","9c316a6d-fc47-4568-99d1-f864102df661","2022-01-26 10:46:03.155"
"ALB","213.690","3","214.170","1","6","209.00","41e79f9e-f766-4afc-baba-633b21bf6e8b","2022-01-26 10:47:08.766"
"ALB","208.290","2","208.750","1","-6","208.75","b064287b-07bd-4b63-a0da-2696663aed8c","2022-01-26 10:57:59.584"
"ALB","208.650","2","209.330","2","6","209.33","e86c7d28-7287-4814-82a5-c4774ab8b049","2022-01-26 10:59:50.006"
"ALB","208.190","2","208.780","1","-6","208.78","e7df6d61-25a4-4aed-a9f0-0ec601084571","2022-01-26 11:04:18.275"
"ALB","210.310","1","210.710","2","6","209.81","9e467f95-5114-45f8-9026-3b68815f6733","2022-01-26 11:33:41.172"
"ALB","210.040","1","210.360","1","6","209.81","38562afa-bf70-4c3a-875e-dcc7461406ab","2022-01-26 11:33:41.172"
"ALB","210.040","1","210.360","1","6","209.81","1ff283a9-3b43-43a9-9bdf-02ee77bf0583","2022-01-26 11:33:41.172"
"ALB","210.040","1","210.310","2","6","209.81","f12e5d6c-93f2-48ba-81d2-c660049b0d47","2022-01-26 11:33:41.172"
"ALB","210.650","1","211.100","2","6","209.44","9927943a-fd8c-443d-ae56-30d6a78c1f7d","2022-01-26 11:34:06.478"
"ALB","210.700","1","211.100","2","6","209.44","bc050caf-5af6-400b-ba73-acb2a7ba4f3b","2022-01-26 11:34:06.478"
"ALB","210.700","1","211.100","2","6","209.44","1ac536b2-14f9-46b0-98a5-96c57603709e","2022-01-26 11:34:06.478"
"ALB","210.550","2","210.950","1","6","209.44","8e75072e-404d-4e97-8c73-bb44430433ab","2022-01-26 11:34:06.478"
"ALB","210.550","2","211.100","2","6","209.44","ad9c64c5-f3f8-42c9-9995-65524396244d","2022-01-26 11:34:06.478"
"ALB","210.530","1","211.100","2","6","209.44","46626648-8240-4c3e-b92e-d61fea6f0a51","2022-01-26 11:34:06.478"
"ALB","209.060","2","209.590","1","-6","209.62","912ed352-80c8-48bf-a89d-2202bf9aa838","2022-01-26 11:34:38.933"
"ALB","209.060","2","209.590","1","-6","209.62","502130fc-6e09-4662-b3ca-6003469b2526","2022-01-26 11:34:38.933"
"ALB","209.060","2","209.590","1","-6","209.62","ac48951e-5a14-4fd4-ac4e-7783c7138cc6","2022-01-26 11:34:38.933"
"ALB","209.550","1","209.860","1","-6","209.86","bffbbb5e-858a-409b-be99-fa0454a22b95","2022-01-26 11:35:12.945"
"ALB","209.550","1","209.860","1","-6","209.86","d52f260e-d8a6-404f-9b44-347394ea560b","2022-01-26 11:35:12.945"
"ALB","209.610","1","209.860","1","-6","209.86","849a620f-156d-4d8e-a05e-389aed60082a","2022-01-26 11:35:33.561"
"ALB","209.400","1","209.710","1","-6","209.75","88b97aa9-9f0d-4b4d-a605-def8ecbcb3f0","2022-01-26 11:37:50.539"
"ALB","209.400","1","209.710","1","-6","209.75","918342fc-2093-4690-b376-d35d251cd58b","2022-01-26 11:37:50.539"
"ALB","209.400","1","209.710","1","-6","209.75","8db30134-79a9-43c7-85c1-015277782a55","2022-01-26 11:37:50.539"
"ALB","209.330","1","209.900","2","-6","209.95","a77abdb8-8252-413e-a1d7-80de20e1ff35","2022-01-26 11:40:00.545"
"ALB","210.420","1","210.640","3","6","210.42","22456194-13f3-4ec1-8638-e22bc51bd50a","2022-01-26 11:41:47.131"
"ALB","209.470","1","209.980","1","-6","209.98","8da28774-8429-4235-afda-95acd83ea19a","2022-01-26 11:49:57.353"
"ALB","210.810","1","211.170","2","6","210.78","80fc3d98-7d88-4cb7-b330-d7ec92bfbec2","2022-01-26 12:23:45.125"
"ALB","211.540","1","211.660","1","6","210.72","401af16f-207d-40ec-afbe-5bfcff8e9f69","2022-01-26 12:23:48.328"
"ALB","211.280","1","211.540","1","6","210.72","8fde9605-8104-469d-95a0-60aa9e4c35ee","2022-01-26 12:23:48.328"
"ALB","211.320","1","211.550","1","6","210.72","a32f8696-4b2a-459d-80c8-c0069ad89570","2022-01-26 12:23:48.328"
"ALB","211.320","1","211.550","1","6","210.72","81d56b0d-eb4d-4bd4-96f7-7e2c61147f29","2022-01-26 12:23:48.328"
"ALB","210.730","1","210.920","2","-6","210.92","2ff436e1-4ee7-445e-884d-630eb804a553","2022-01-26 12:24:12.018"
"ALB","210.730","1","210.920","2","-6","210.92","4c5d1d6b-fd8a-4ccd-b0b2-fde7e7314ea4","2022-01-26 12:24:12.018"
"ALB","210.730","1","210.920","2","-6","210.92","23d74be0-c367-4c14-b786-0b1e5ac650c9","2022-01-26 12:24:12.018"
"ALB","210.580","1","210.750","1","-6","210.75","9eae1aa7-f335-40c7-af9e-b1372a382a6a","2022-01-26 12:25:00.890"
"ALB","210.340","2","210.740","1","-6","210.75","3175611a-dbaa-486d-ac51-3fe5c75d410c","2022-01-26 12:25:00.890"
"ALB","212.820","2","213.110","1","6","212.51","5ccc84fc-a424-46e2-b221-4334fa484ae9","2022-01-26 12:57:18.510"
"ALB","212.820","2","213.110","1","6","212.51","df84018b-ab14-4e5e-ad0c-d58ef09fe8a4","2022-01-26 12:57:18.510"
"ALB","212.830","1","213.110","5","6","212.51","6d39437b-95b7-4bb2-aba9-436c6fd7b00e","2022-01-26 12:57:18.510"
"ALB","212.930","1","213.210","1","6","212.02","5e98e427-911b-497c-b6e1-fd85d47ff5cc","2022-01-26 13:01:13.778"
"ALB","212.820","2","213.200","2","6","212.02","b5a06ed7-8b43-42dc-a309-404cf4ed37d6","2022-01-26 13:01:13.778"
"ALB","212.890","1","213.180","1","6","212.02","57ff0996-caca-4a29-976a-9af22d5c044a","2022-01-26 13:01:13.778"
"ALB","213.000","2","213.240","1","6","211.49","4b7c9cc7-1d91-487a-a9b9-1befaaa59de1","2022-01-26 13:01:45.520"
"ALB","211.180","2","211.640","1","-6","211.64","ec9a0dbb-01c3-4cb9-b070-799683468131","2022-01-26 13:01:57.118"
"ALB","210.840","3","211.150","1","-6","211.30","a1ae6007-1049-4ef7-bf6e-d2f0cc4d22c8","2022-01-26 13:04:01.912"
"ALB","210.840","3","211.150","1","-6","211.30","1d3f3278-8255-48f0-ae13-859f1e3e8785","2022-01-26 13:04:01.912"
"ALB","210.840","3","211.150","1","-6","211.30","1708cb75-cf8a-4cc0-ade9-b2b1f8cd5014","2022-01-26 13:04:01.912"
"ALB","210.980","1","211.350","1","-6","211.36","22d27686-ad78-4633-b323-98a615e29439","2022-01-26 13:04:25.034"
"ALB","210.910","2","211.360","1","-6","211.36","2c53318e-fe22-4dcd-9272-26dce38b0c43","2022-01-26 13:06:48.572"
"ALB","210.910","2","211.360","1","-6","211.36","68c9d243-918a-414e-8a59-1e636d1f0e7c","2022-01-26 13:06:48.572"
"ALB","211.490","1","212.060","3","6","212.06","355ecb04-d248-4002-b7f1-a528f8be34a8","2022-01-26 13:12:00.006"
"ALB","211.700","2","212.180","2","-6","212.18","30a379bc-3519-49ff-86ab-cfadfa045bd6","2022-01-26 13:21:02.967"
"ALB","211.400","1","211.910","2","6","211.40","5662cf1a-e27f-458f-9c68-f036bf0af82d","2022-01-26 13:33:11.181"
"ALB","211.400","1","211.910","2","6","211.40","c070188a-5ef4-4c16-a556-9b642e3fc0db","2022-01-26 13:33:11.181"
"ALB","212.060","1","212.340","8","6","211.11","ecb05747-4e9e-4a2c-aee7-526cdd828a0a","2022-01-26 13:34:00.844"
"ALB","211.810","2","212.150","1","6","211.11","67fbc916-9b80-4064-a0c0-5fe88090f2e7","2022-01-26 13:34:00.844"
"ALB","211.790","2","212.050","1","6","211.06","d36a938e-93ec-4db8-8a49-92a7082a91b8","2022-01-26 13:34:12.006"
"ALB","211.710","1","212.250","2","6","211.01","63a07df2-6499-46dd-99d5-725d31490a7f","2022-01-26 13:34:15.162"
"ALB","211.900","2","212.230","1","6","211.01","92a251d2-c948-4eec-a6e0-67362d1e3c54","2022-01-26 13:34:15.162"
"ALB","211.900","2","212.230","1","6","211.01","673de2db-4989-4bc2-9872-de7ca0d22cd8","2022-01-26 13:34:15.162"
"ALB","211.980","1","212.290","1","6","211.01","79b948e3-9d63-4bda-a6b9-715414371220","2022-01-26 13:34:15.162"
"ALB","211.960","1","212.290","1","6","211.01","6ea84a0e-afe3-4be2-8a23-fc39661a6716","2022-01-26 13:34:15.162"
"ALB","211.960","2","212.250","1","6","211.01","a9173333-e5cb-44c8-acba-4d5314e8775b","2022-01-26 13:34:15.162"
"ALB","212.080","1","212.320","2","6","211.01","d67fe576-2c33-4221-981c-ed382b8b40e0","2022-01-26 13:34:15.162"
"ALB","212.090","1","212.320","2","6","211.01","8ba4f8b1-bc7a-4e16-b3b8-dcafcfd0d315","2022-01-26 13:34:15.162"
"ALB","211.870","1","212.160","2","6","211.01","7eb7dd0b-02dc-44ce-b272-e4b9490d1b1a","2022-01-26 13:34:15.162"
"ALB","211.970","1","212.340","8","6","211.01","e4c58aa5-8364-4cec-88a7-490249d0d951","2022-01-26 13:34:15.162"
"ALB","212.060","1","212.340","8","6","211.01","077202c1-cd6a-4224-925a-51df24441890","2022-01-26 13:34:15.162"
"ALB","210.880","3","211.310","1","-6","211.32","989f9876-eb4a-4c3e-a105-2cd316266f6a","2022-01-26 13:35:06.264"
"ALB","210.880","3","211.310","1","-6","211.32","e1c12a22-3492-4fbb-9a43-e2e38d120823","2022-01-26 13:35:06.264"
"ALB","210.880","3","211.310","1","-6","211.32","fb3341dc-659c-4d29-8d85-1b62ca93a8d4","2022-01-26 13:35:06.264"
"ALB","210.880","3","211.310","1","-6","211.32","dd3a5ce5-c437-4f74-b3e3-2b5b4f51968f","2022-01-26 13:35:06.264"
"ALB","210.880","3","211.310","1","-6","211.32","55491c27-c8a4-435a-8752-3a120c85f5b7","2022-01-26 13:35:06.264"
"ALB","210.880","3","211.310","1","-6","211.32","719ba67d-d81a-4089-99ef-06c7569f2761","2022-01-26 13:35:06.264"
"ALB","210.880","3","211.310","1","-6","211.32","5dea9a1a-9114-445e-a40e-b99d6ea107d4","2022-01-26 13:35:06.264"
"ALB","210.880","3","211.310","1","-6","211.32","9573dd31-3691-40f2-8966-4c7b8ee6875f","2022-01-26 13:35:06.264"
"ALB","210.880","3","211.310","1","-6","211.32","6414b8e6-54c1-470d-912c-abed963292b6","2022-01-26 13:35:06.264"
"ALB","210.880","3","211.310","1","-6","211.32","afa67165-0a85-4ef3-a6a1-17c0efa90ad0","2022-01-26 13:35:06.264"
"ALB","210.880","3","211.310","1","-6","211.32","50f548f8-6f5f-4793-b40f-3dce3e312247","2022-01-26 13:35:06.264"
"ALB","210.880","3","211.310","1","-6","211.32","2bf714a7-19c5-4951-b357-263ba0950e0d","2022-01-26 13:35:06.264"
"ALB","210.850","2","211.270","1","-6","211.32","dd07ac10-71fa-46ac-b881-c766ff71b889","2022-01-26 13:35:06.264"
"ALB","210.850","2","211.270","1","-6","211.32","a2361e76-4139-425d-bceb-28d836f2a6dd","2022-01-26 13:35:06.264"
"ALB","211.220","1","211.590","1","-6","211.59","3552a595-4f97-463d-8596-4a7ae5fadc14","2022-01-26 13:35:42.315"
"ALB","210.910","2","211.330","3","-6","211.33","a69345aa-2e46-48d6-b117-ceb3637168f4","2022-01-26 13:40:01.462"
"ALB","212.170","1","213.150","3","6","211.17","17a961d6-9e49-4003-996f-f6bab5d39849","2022-01-26 14:00:56.344"
"ALB","212.200","1","213.040","2","6","211.17","5c19c25e-777f-4e80-8313-0a3cb39338ba","2022-01-26 14:00:56.344"
"ALB","212.200","2","213.000","2","6","211.17","0c2f9aa7-377a-49f2-a371-dc8c59eb72b6","2022-01-26 14:00:56.344"
"ALB","211.800","1","212.040","2","6","210.94","228e78a7-0e06-4a26-854d-cfe1b1cd204c","2022-01-26 14:00:56.345"
"ALB","211.780","1","212.040","2","6","210.94","410e5205-53f4-4cca-8e7f-79d85791e860","2022-01-26 14:00:56.345"
"ALB","211.730","1","212.030","1","6","210.94","a4d675be-6fce-4043-8fa1-3c99027736c0","2022-01-26 14:00:56.345"
"ALB","211.810","1","211.970","2","6","210.94","2c5e111e-b133-4903-b8cc-421c8489891b","2022-01-26 14:00:56.345"
"ALB","211.810","1","211.970","1","6","210.94","31020e4e-7433-48b6-99a0-7e00a58708e3","2022-01-26 14:00:56.345"
"ALB","211.850","3","212.190","1","6","210.87","09abeceb-bad8-4ad1-be8f-700ec946eae0","2022-01-26 14:00:56.346"
"ALB","211.860","1","212.230","2","6","210.87","fe98c5a9-0cf7-41d8-aad0-b67bc92e8e74","2022-01-26 14:00:56.346"
"ALB","211.600","2","212.200","2","6","210.87","dffaf30f-c508-4bc8-b6c7-73038f1e8389","2022-01-26 14:00:56.346"
"ALB","211.610","2","212.190","1","6","210.87","9cf92a62-72f5-4237-aa85-a1e8e200bdd9","2022-01-26 14:00:56.346"
"ALB","211.700","1","212.040","2","6","210.87","077a49ae-16f6-4a4b-8630-885c804f236a","2022-01-26 14:00:56.346"
"ALB","210.510","1","211.210","1","-6","212.15","44269451-fe2a-4fd3-97ca-17ab8024f82f","2022-01-26 14:01:02.776"
"ALB","210.510","1","211.210","1","-6","212.15","aaa567d8-b8dd-4eb7-9005-608e2b02dc4f","2022-01-26 14:01:02.776"
"ALB","210.510","1","211.210","1","-6","212.15","c27ae4a6-4dc0-4b2a-9822-c1d2f3ee7940","2022-01-26 14:01:02.776"
"ALB","210.510","1","211.210","1","-6","212.15","5577a9e4-db6a-4587-b93e-740757af804d","2022-01-26 14:01:02.776"
"ALB","210.510","1","211.210","1","-6","212.15","8b685f35-2e59-4960-9424-fbc41a37fe41","2022-01-26 14:01:02.776"
"ALB","210.510","1","211.210","1","-6","212.15","b4818f25-f246-4dbf-8392-299fc472ef3c","2022-01-26 14:01:02.776"
"ALB","210.510","1","211.210","1","-6","212.15","2ad54505-a3d5-4785-a541-30f3480d80e4","2022-01-26 14:01:02.776"
"ALB","210.510","1","211.210","1","-6","212.15","81e06877-9176-4d65-9799-7c0f6e9328a2","2022-01-26 14:01:02.776"
"ALB","210.510","1","211.210","1","-6","212.15","a8841471-ab97-4baf-b678-70be760fefb4","2022-01-26 14:01:02.776"
"ALB","210.510","1","211.210","1","-6","212.15","f98d0e22-c00e-4279-b95e-1cb2fd42f1c8","2022-01-26 14:01:02.776"
"ALB","210.510","2","211.210","1","-6","212.53","5b87bf8c-1624-45b5-825e-afed57c04f7e","2022-01-26 14:01:06.864"
"ALB","210.510","2","211.210","1","-6","212.53","68284bd8-f396-4f70-8ff3-5504b5d20efd","2022-01-26 14:01:06.864"
"ALB","210.510","2","211.210","1","-6","212.53","3cebb5ca-4357-4612-a32e-5d96562425d3","2022-01-26 14:01:06.864"
"ALB","211.190","2","212.090","2","6","211.60","453c29e1-f3ce-48a3-b124-1f326a1a9f7b","2022-01-26 14:13:56.387"
"ALB","212.730","7","213.260","2","6","211.18","3a1fec7c-c10b-4d2f-b033-3769b25ac5e1","2022-01-26 14:13:56.394"
"ALB","212.690","2","213.310","2","6","211.18","12444ca0-de52-40b0-a1ee-36aed1e9cdf9","2022-01-26 14:13:56.394"
"ALB","212.680","2","213.420","1","6","211.18","9867ef15-f09a-4b70-a95b-aef4cd4d2c42","2022-01-26 14:13:56.394"
