"Symbol","Bid","Bid Sz","Ask","Ask Sz","Shares","Price","Order ID","Timestamp"
"AA","51.040","3","51.060","2","235","50.86","bb8bde58-81f6-49e5-96aa-52cf7876285d","2021-11-24 11:32:03.617"
"AA","51.100","3","51.120","1","235","50.85","b81e18ec-06d2-4e91-967d-a1a49670da17","2021-11-24 11:32:03.619"
"AA","51.110","3","51.130","3","236","50.85","8f69bdb3-f095-43f2-8616-cca21333769b","2021-11-24 11:32:03.619"
"AA","51.110","3","51.130","3","236","50.85","3f325e1c-6135-47d5-9e2a-86be4c7a7bdc","2021-11-24 11:32:03.619"
"AA","51.150","3","51.160","1","235","50.85","20c2baa2-54a7-4303-abc1-a1470e2d2d2d","2021-11-24 11:32:03.619"
"AA","51.130","3","51.150","2","235","50.85","fa241f11-dce0-497e-95d1-f88656ff810b","2021-11-24 11:32:03.619"
"AA","51.130","3","51.150","2","235","50.85","a72c8458-16ff-4ff0-b538-d49eacf32d12","2021-11-24 11:32:03.619"
"AA","51.130","3","51.140","1","235","50.85","997b8390-3a68-4baf-8d15-930e76880588","2021-11-24 11:32:03.619"
"AA","51.110","3","51.130","3","235","50.85","b6ece032-ccd6-47ef-b9ad-bb5593686567","2021-11-24 11:32:03.619"
"AA","50.890","1","50.900","1","-235","50.90","393c73a1-dcec-4115-b0fc-61e6bdf20732","2021-11-24 11:32:21.667"
"AA","50.890","1","50.900","1","-235","50.90","b6a94332-6d87-44aa-8c24-e21bf1bb8f68","2021-11-24 11:32:21.667"
"AA","50.890","1","50.900","1","-236","50.90","f0d12d2c-0c68-458d-9897-c8a48abd95b3","2021-11-24 11:32:21.667"
"AA","50.890","1","50.900","1","-235","50.90","b2985332-4ee0-43f6-817d-ae4dae8c77f9","2021-11-24 11:32:21.667"
"AA","50.890","1","50.900","1","-236","50.90","c487ed5c-2eee-45ee-bca0-58702da1a97d","2021-11-24 11:32:21.667"
"AA","50.890","6","50.900","2","-235","50.90","a886f21e-9428-41a8-a8d3-9fb12c08adab","2021-11-24 11:32:41.008"
"AA","50.880","1","50.900","6","-235","50.90","57bea69a-686d-4a91-9cb2-ff74201fcae3","2021-11-24 11:32:55.148"
"AA","50.880","1","50.900","6","-235","50.90","79eb6c7f-12b2-4f8c-8025-a3e1d291cf2d","2021-11-24 11:32:55.148"
"AA","50.810","11","50.830","4","-235","50.83","df33ecd5-b153-4057-b26b-334adf074c09","2021-11-24 11:33:04.140"
"AA","51.260","4","51.280","5","237","50.57","9831bb5a-beb7-4fe9-9972-9ad75f606903","2021-11-24 11:37:00.135"
"AA","50.540","1","50.550","2","-237","50.55","a7d7a036-c647-4760-ae46-95ba23b2e3e9","2021-11-24 11:40:41.201"
"AA","50.730","4","50.740","3","237","50.54","2a88bd51-581f-427a-bb16-30ae1f353a56","2021-11-24 13:54:50.500"
"AA","50.730","4","50.750","6","237","50.54","984493d9-0e25-44dc-a146-140e25a1bee9","2021-11-24 13:54:50.500"
"AA","50.720","3","50.740","2","237","50.54","6ba71086-37ef-4609-88ba-0a4406765032","2021-11-24 13:54:50.500"
"AA","50.710","4","50.730","3","237","50.54","d7f82047-f506-490e-a397-cfc0fde5563e","2021-11-24 13:54:50.500"
"AA","50.710","2","50.730","3","237","50.54","9e935ec6-d79f-48fa-80da-7eb7815f2dc6","2021-11-24 13:54:50.500"
"AA","50.710","1","50.730","4","237","50.54","b8a3d845-fc76-4b3c-8d98-c19a6234c848","2021-11-24 13:54:50.500"
"AA","50.690","1","50.700","1","237","50.54","45686ae5-6a12-4d0a-99f5-023b19c8b12c","2021-11-24 13:54:50.500"
"AA","50.480","1","50.490","1","-237","50.49","c4fa0fe3-581e-432e-8d14-0e16385d5fd0","2021-11-24 13:57:09.039"
"AA","50.480","1","50.490","3","-237","50.49","9cee1644-385a-4b82-a4dc-c360fcbfc354","2021-11-24 13:57:09.039"
"AA","50.480","1","50.490","3","-237","50.49","8025bdda-bb96-48fa-be31-9cb76a752f2e","2021-11-24 13:57:09.039"
"AA","50.480","1","50.490","3","-237","50.49","cc688540-f808-4c4e-bcf8-17bdae98b0af","2021-11-24 13:57:09.039"
"AA","50.480","1","50.490","3","-237","50.49","b970a8ef-b613-4fdf-97f7-519946ae0538","2021-11-24 13:57:09.039"
"AA","50.480","1","50.490","3","-237","50.49","63e1e308-7cb6-4fef-abda-cc1746e0a2d2","2021-11-24 13:57:09.039"
"AA","50.440","2","50.460","4","-237","50.46","3cdb9327-196d-4ccf-b334-6de3a095ed1d","2021-11-24 14:00:26.204"
"AA","50.530","1","50.550","2","236","50.55","f7cc37be-098f-4793-aefb-2998e1611079","2021-11-24 14:03:20.006"
"AA","50.370","1","50.390","1","-236","50.39","8474ab52-f7a3-4701-98ce-4bf682a3ca05","2021-11-24 14:04:32.237"
"AA","50.240","2","50.260","3","238","50.26","5b23179a-6415-4ff1-85d6-47e6f3fd7ab5","2021-11-24 14:22:00.006"
"AA","50.310","1","50.330","1","-238","50.33","94a3adde-c2e8-4b11-89c7-828575e62ab6","2021-11-24 14:23:37.288"
"AA","50.300","1","50.320","6","238","50.24","6c3e2ef0-38d2-4cf2-92de-0bb0c6b5b4e8","2021-11-24 14:26:49.497"
"AA","50.300","2","50.320","3","238","50.24","23dff475-00ee-45f3-9a0d-92b629f5d160","2021-11-24 14:26:49.497"
"AA","50.290","1","50.310","1","238","50.24","7ddd163a-df2b-4404-9436-6c2de1ed786c","2021-11-24 14:26:49.497"
"AA","50.290","1","50.310","1","238","50.24","fe140689-02ef-4cb6-aacc-d2bcfdfecfbf","2021-11-24 14:26:49.497"
"AA","50.300","3","50.320","3","238","50.22","71ff47e3-856d-484e-8b23-91b9d1bfa11b","2021-11-24 14:27:29.098"
"AA","50.290","1","50.300","2","239","50.18","d5c54335-6ad9-4871-88a0-ea46d822e613","2021-11-24 14:28:17.020"
"AA","50.150","1","50.160","3","-238","50.17","98cd13ce-20ef-478d-abff-4c8626a8c97f","2021-11-24 14:28:41.085"
"AA","50.150","1","50.160","3","-238","50.17","bf94d2d6-6f01-4fe4-ae0b-90e30e8fa9d5","2021-11-24 14:28:41.085"
"AA","50.150","1","50.160","3","-239","50.17","972c49bb-59d0-4b05-94e0-b4f6ece6c86b","2021-11-24 14:28:41.085"
"AA","50.150","2","50.180","3","-238","50.18","ed2835bc-8b23-4bff-bd68-dc1dbec09c7d","2021-11-24 14:28:54.360"
"AA","50.150","2","50.180","3","-238","50.18","44e40563-5588-4b78-8d4a-134e91267ea9","2021-11-24 14:28:54.360"
"AA","50.160","5","50.180","1","-238","50.18","7b6627a2-c1ec-4de5-948f-f8d4f5f1df0f","2021-11-24 14:29:44.625"
"AA","50.280","5","50.290","1","238","50.25","2eeb0210-a9d9-4da5-8133-e7ac575f0a10","2021-11-24 14:39:11.716"
"AA","50.280","5","50.300","3","238","50.25","c6d120a5-bafa-48ba-b7a4-91ae7186207b","2021-11-24 14:39:11.716"
"AA","50.280","5","50.290","1","238","50.25","5defecf2-7153-44b1-a94a-ce84639a39f0","2021-11-24 14:39:11.716"
"AA","50.280","5","50.300","3","238","50.25","3561d60d-36e0-46cd-a98c-80bc689d13b3","2021-11-24 14:39:11.716"
"AA","50.290","1","50.300","1","-238","50.31","23e666f6-608e-439a-b913-9b2f1fe7845d","2021-11-24 14:42:02.880"
"AA","50.290","1","50.300","1","-238","50.31","e79ac3cd-11b6-4143-bc5b-869e8071c9e7","2021-11-24 14:42:02.880"
"AA","50.280","1","50.290","1","-238","50.29","ba00b233-bc19-4a11-a852-89057e98cb7e","2021-11-24 14:42:21.870"
"AA","50.290","1","50.300","4","-238","50.30","f306e21d-22e0-4c4f-8e71-bbb5ca6c5f78","2021-11-24 14:42:32.052"
"AA","50.620","10","50.640","5","237","50.43","b5f97087-db5d-497e-9ce1-3bff536209b4","2021-11-24 15:43:54.192"
"AA","50.630","1","50.640","3","237","50.43","f51282f0-9229-4780-a7e1-33c5e60408e2","2021-11-24 15:43:54.192"
"AA","50.630","3","50.650","2","237","50.43","fd6b9861-722b-49c3-9d7f-54d253d4850c","2021-11-24 15:43:54.192"
"AA","50.640","1","50.650","3","237","50.43","dbf8e371-d380-4b33-bd8e-811618d4745b","2021-11-24 15:43:54.192"
"AA","50.380","1","50.390","3","-948","50.38","8addcdcf-e8fd-420b-aeeb-8aa8dbb56960","2021-11-24 15:48:00.006"
"AG","12.500","12","12.510","3","964","12.44","a52494a8-9b1b-40a0-8f8f-be6356338f0b","2021-11-24 10:03:06.326"
"AG","12.520","7","12.530","13","964","12.44","447896e4-8177-425a-b8c0-a18e056dfe02","2021-11-24 10:03:06.326"
"AG","12.480","6","12.490","31","964","12.44","9d36c249-05cf-4433-a2ba-02ed0236088f","2021-11-24 10:03:06.326"
"AG","12.430","21","12.440","2","-964","12.44","4e007730-1882-442e-9170-96361424a460","2021-11-24 10:03:30.573"
"AG","12.430","21","12.440","2","-964","12.44","64fd0a29-4a9f-4ae0-924c-ea3a730b5be2","2021-11-24 10:03:30.573"
"AG","12.430","33","12.440","1","-964","12.44","964f6302-a457-40d3-a7fe-4f356c040154","2021-11-24 10:03:30.573"
"AG","12.520","18","12.530","16","961","12.49","90f64070-d511-4129-9937-5050599656a1","2021-11-24 11:09:59.563"
"AG","12.510","20","12.520","19","960","12.49","60b5b4d3-6d47-4109-a6fe-67e1f430aa1b","2021-11-24 11:09:59.563"
"AG","12.510","24","12.510","1","961","12.48","e259d40b-4547-4d2b-a46f-d205d7acb310","2021-11-24 11:12:12.457"
"AG","12.520","13","12.530","28","961","12.48","df991274-968d-4e35-b053-7a34f0b1ed30","2021-11-24 11:12:12.457"
"AG","12.510","31","12.520","30","961","12.48","857fea29-e294-4513-ae80-a0d5a5ed73bf","2021-11-24 11:12:12.457"
"AG","12.500","29","12.510","17","962","12.47","45e13184-6fdd-454a-9d8d-1113b9f43bf9","2021-11-24 11:12:28.503"
"AG","12.470","19","12.480","28","-960","12.48","8d94e7ff-b433-41f2-aaa1-5e45e4626761","2021-11-24 11:13:09.408"
"AG","12.470","19","12.480","28","-961","12.48","46df2345-d87e-4b00-a1dd-51685bd8a3a8","2021-11-24 11:13:09.408"
"AG","12.470","19","12.480","28","-961","12.48","80a1063d-6207-426f-b754-d54159b24716","2021-11-24 11:13:09.408"
"AG","12.470","19","12.480","28","-961","12.48","ab8abdbc-e94f-49b7-a14f-d41bbf96f1d0","2021-11-24 11:13:09.408"
"AG","12.470","19","12.480","28","-962","12.48","724312ee-a547-4b3a-87af-205a56022432","2021-11-24 11:13:09.408"
"AG","12.470","19","12.480","28","-961","12.48","982fa139-53cd-4cc9-9e46-654c61779e67","2021-11-24 11:13:09.408"
"AG","12.500","27","12.510","6","963","12.46","0e2cc00c-79f9-4468-9a1b-5f3182ba56ab","2021-11-24 11:17:56.643"
"AG","12.500","10","12.510","22","963","12.46","6d4a0b14-a4c6-4c3a-9d88-d84ccf6115e6","2021-11-24 11:17:56.643"
"AG","12.500","10","12.510","22","963","12.46","fc737f4e-1197-4cc2-9dba-cf32b35b52a8","2021-11-24 11:17:56.643"
"AG","12.490","78","12.500","21","963","12.46","5858469d-464c-4255-9094-5de48cc7225e","2021-11-24 11:17:56.643"
"AG","12.460","43","12.470","8","-963","12.47","0bdde6ce-1c88-4390-86ea-1e14bde55984","2021-11-24 11:19:57.592"
"AG","12.460","43","12.470","8","-963","12.47","83487b20-25a7-404b-aef9-ecc0dc7e0cd7","2021-11-24 11:19:57.592"
"AG","12.460","55","12.470","2","-963","12.47","effae2cc-4793-455d-9bca-86b7ecd55496","2021-11-24 11:20:00.362"
"AG","12.470","15","12.470","1","-963","12.47","690ba660-04b7-47b8-a3d6-50447d014c87","2021-11-24 11:20:10.006"
"AG","12.570","20","12.580","8","954","12.57","380f9d16-caf3-4286-929f-42812d2ffb30","2021-11-24 11:53:55.932"
"AG","12.570","20","12.580","7","954","12.57","b01d332a-ce14-40d1-bb73-77b3e923621b","2021-11-24 11:53:55.932"
"AG","12.560","18","12.570","29","-954","12.57","e07dc87b-7975-4359-8f6a-ee7f07a5d9e8","2021-11-24 11:55:45.791"
"AG","12.560","16","12.570","18","-954","12.57","52694bd4-17d0-4f6d-9925-5256af8e61a0","2021-11-24 11:55:45.791"
"AG","12.570","14","12.580","19","956","12.55","ed8760dc-0e51-4371-988d-6e0c1f88791b","2021-11-24 11:58:59.712"
"AG","12.570","8","12.580","16","955","12.55","410d9397-d15d-4b2c-ab52-c6be69f0f163","2021-11-24 11:58:59.712"
"AG","12.570","8","12.580","16","955","12.55","d5c19f35-9898-40eb-83c2-aaeea334bd6c","2021-11-24 11:58:59.712"
"AG","12.570","18","12.580","12","955","12.55","08d4231f-4659-423c-ab28-ec4e8b579bc7","2021-11-24 11:58:59.712"
"AG","12.530","16","12.540","14","-955","12.54","43b6a9f9-9791-415f-b41d-248ee7076d7b","2021-11-24 12:01:26.058"
"AG","12.530","16","12.540","14","-956","12.54","10b6723e-f76d-4d7e-bca6-ff6e268d68ae","2021-11-24 12:01:26.058"
"AG","12.530","9","12.530","5","-955","12.53","369bdd84-cc11-4d98-8c59-b4270b33e8ef","2021-11-24 12:02:30.006"
"AG","12.530","11","12.540","31","-955","12.54","ff015a26-e4f4-4b44-9a71-8a2a09769777","2021-11-24 12:02:46.716"
"AG","12.580","1","12.580","28","958","12.52","6ea686df-8922-4f39-b596-1c22b5a5c3a2","2021-11-24 12:04:14.616"
"AG","12.510","23","12.520","10","-958","12.52","2e1d3da4-f6c4-468c-b709-f0f3d5604429","2021-11-24 12:07:38.892"
"AG","12.600","20","12.610","20","961","12.49","c5ea0524-8848-4ed6-ad4b-854f137768b4","2021-11-24 12:10:09.017"
"AG","12.600","12","12.610","17","960","12.49","9d074d67-7304-4fb1-8158-71aaa1c55c0d","2021-11-24 12:10:09.017"
"AG","12.600","12","12.610","14","960","12.49","729f126a-aa0d-48e6-96a7-d4da8c232127","2021-11-24 12:10:09.017"
"AG","12.490","11","12.500","26","-961","12.50","bbf71599-e487-4b1d-80ba-714a16c4bfec","2021-11-24 12:11:45.433"
"AG","12.490","11","12.500","26","-960","12.50","520c2af1-360c-4e3b-9757-d0ffde3a0cd8","2021-11-24 12:11:45.433"
"AG","12.490","16","12.500","19","-960","12.50","75990d0a-4ca5-4841-b5c2-7088c4f1a7a6","2021-11-24 12:11:45.433"
"AG","12.500","22","12.510","15","956","12.51","768c2e3d-b3c9-4f7d-94ba-a439ace45eb1","2021-11-24 12:15:50.006"
"AG","12.600","21","12.610","12","962","12.47","351c2d1c-de27-4015-a87d-c528ac7c0372","2021-11-24 12:22:06.920"
"AG","12.610","19","12.620","11","962","12.47","b724b0ed-9c73-48aa-aa4b-805d70c87d06","2021-11-24 12:22:06.920"
"AG","12.600","21","12.610","11","962","12.47","05796590-cf07-4dfe-9cbc-19799be5e374","2021-11-24 12:22:06.920"
"AG","12.590","57","12.600","1","962","12.47","29846c07-b3fd-4b91-940a-b74b32e38faa","2021-11-24 12:22:06.920"
"AG","12.590","2","12.600","25","962","12.47","03d61558-6699-4a9f-9336-f380401b88ed","2021-11-24 12:22:06.920"
"AG","12.600","19","12.610","11","962","12.46","8e2eafbf-837a-4ff5-bc9f-0c69be91d87a","2021-11-24 12:24:18.792"
"AG","12.600","16","12.610","13","962","12.46","45d62d24-75c8-4b51-b805-16b462a9160b","2021-11-24 12:24:18.792"
"AG","12.460","14","12.470","21","-962","12.47","93e93b88-6c8a-43a2-a066-c9c4a2b0f3f2","2021-11-24 12:24:36.408"
"AG","12.460","14","12.470","21","-962","12.47","5888ff96-c9d8-4d63-a362-dd97263ee78b","2021-11-24 12:24:36.408"
"AG","12.460","14","12.470","21","-962","12.47","aac05245-7894-47bc-925c-71d89d38a62f","2021-11-24 12:24:36.408"
"AG","12.460","10","12.470","23","-956","12.47","ae6fe741-b49c-4595-995f-36b7da8ed9f8","2021-11-24 12:24:36.408"
"AG","12.460","10","12.470","23","-962","12.47","8dac0bcd-ed58-4022-9737-c075615c6689","2021-11-24 12:24:36.408"
"AG","12.460","10","12.470","23","-962","12.47","32dc3b8d-0407-4ddc-afca-e7ce21d8ee7d","2021-11-24 12:24:36.408"
"AG","12.460","16","12.470","23","-962","12.47","dc35a715-77e3-4210-a896-aff19d5ef3cb","2021-11-24 12:26:23.379"
"AG","12.450","52","12.460","7","-962","12.46","fc37690d-7c39-4801-8123-c9db9efda33e","2021-11-24 12:35:20.544"
"AG","12.460","20","12.470","17","963","12.46","1650098e-4036-48ac-b2de-d19671fcce00","2021-11-24 12:49:18.173"
"AG","12.460","20","12.470","17","963","12.46","dda10099-ac79-46bd-8883-1b17f4b1758b","2021-11-24 12:49:18.173"
"AG","12.460","53","12.470","9","964","12.45","db138ef3-93d2-4ebb-aa64-68c3744e165c","2021-11-24 12:51:54.998"
"AG","12.460","50","12.470","4","964","12.45","929a53e3-5e72-4046-b328-bf462ab34a6b","2021-11-24 12:51:54.998"
"AG","12.460","50","12.470","4","964","12.45","46d91ab7-9ebd-42c1-995e-a9d800f7d55b","2021-11-24 12:51:54.998"
"AG","12.460","50","12.470","4","964","12.45","5a2fced9-9f32-43fe-bcb2-1ac568e7483e","2021-11-24 12:51:54.998"
"AG","12.460","23","12.470","16","964","12.45","d69fcb66-6961-4c37-8cb9-064ff0a8a9d2","2021-11-24 12:51:54.998"
"AG","12.460","23","12.470","16","964","12.45","8006c706-3c24-45f4-9fc5-982a431b4d63","2021-11-24 12:51:54.998"
"AG","12.460","23","12.470","16","-964","12.47","95fbcf69-e8ab-4047-ae98-619f84874a79","2021-11-24 13:00:46.417"
"AG","12.460","23","12.470","16","-964","12.47","f80a6b74-8bde-4c2c-a781-0c4483519c73","2021-11-24 13:00:46.417"
"AG","12.460","23","12.470","16","-963","12.47","d3aa14d8-9dbc-4da9-9ea6-c00e63a268bc","2021-11-24 13:00:46.417"
"AG","12.460","23","12.470","16","-964","12.47","b4af8636-78f8-47c7-b1b4-1cd813bb6655","2021-11-24 13:00:46.417"
"AG","12.450","40","12.460","24","-964","12.46","e604f95f-d82e-4305-b607-ee9a74ece74f","2021-11-24 13:01:13.970"
"AG","12.450","40","12.460","24","-964","12.46","658f94a7-5455-4c14-b322-cf58d06b4a6c","2021-11-24 13:01:13.970"
"AG","12.450","51","12.460","5","-964","12.46","bc002550-ed43-49af-ac04-a34bfe4897ad","2021-11-24 13:01:21.340"
"AG","12.450","51","12.460","5","-963","12.46","40f0a18f-7c76-4c07-b3f3-d8c5b95de59f","2021-11-24 13:01:41.556"
"AG","12.460","46","12.470","19","963","12.46","40215fec-639d-487d-bba8-a77457d16c13","2021-11-24 13:03:54.884"
"AG","12.460","46","12.470","19","963","12.46","f16bc541-48af-4d6a-92ea-7a8bbc63bdf6","2021-11-24 13:03:54.884"
"AG","12.460","18","12.470","23","963","12.46","ae97320d-5268-4103-a387-9b92e19b6b0c","2021-11-24 13:03:54.884"
"AG","12.460","18","12.470","23","963","12.46","59e808ab-ccdf-4612-a746-e20b59cce910","2021-11-24 13:03:54.884"
"AG","12.460","20","12.470","24","963","12.45","84e9c032-f7f0-4ed9-9b34-dc0dc18cb0aa","2021-11-24 13:04:22.212"
"AG","12.470","22","12.480","13","963","12.45","2cb375ed-08e8-4771-9a1d-1d01c7cd61fd","2021-11-24 13:04:22.212"
"AG","12.440","31","12.450","15","-963","12.45","de267eef-fdc1-456f-a632-24885d6f07e2","2021-11-24 13:05:20.190"
"AG","12.440","31","12.450","15","-963","12.45","dfc5abb9-5587-48d9-9a75-16a8bd5b86cd","2021-11-24 13:05:20.190"
"AG","12.440","30","12.450","15","-963","12.45","9da0d0d6-b4eb-47f4-be51-c7962e5f1a47","2021-11-24 13:05:20.190"
"AG","12.440","30","12.450","15","-963","12.45","a08deb2f-1cd2-42bc-9320-0067946983ca","2021-11-24 13:05:20.190"
"AG","12.440","31","12.450","11","-963","12.45","1e4f93f6-6731-4a88-8bfc-50d441498e4e","2021-11-24 13:05:46.687"
"AG","12.450","24","12.460","17","-963","12.46","47e9cce6-dede-410b-80dd-53f2f86e9736","2021-11-24 13:06:49.410"
"AG","12.470","17","12.480","46","963","12.46","bec7e26d-ada3-4897-a0d6-e8d93d60b8ac","2021-11-24 13:29:21.865"
"AG","12.470","12","12.480","48","963","12.46","6df6ed15-2467-47c8-a7e4-e8c905bb5fca","2021-11-24 13:29:21.865"
"AG","12.450","12","12.460","33","-963","12.46","6d30ff6b-6958-473c-a825-d5956599ef76","2021-11-24 13:30:02.975"
"AG","12.450","12","12.460","21","-963","12.46","e4e3b990-dc57-4b71-9c94-531c647d27a5","2021-11-24 13:30:02.975"
"AG","12.470","21","12.480","25","963","12.45","b67bf193-5f0d-4dca-82af-ea3afcca4b97","2021-11-24 13:36:27.735"
"AG","12.470","16","12.480","35","964","12.45","b7b6bbeb-5e08-49a3-891b-f4b41d51da89","2021-11-24 13:36:27.735"
"AG","12.470","21","12.480","18","963","12.45","3fac24a2-3269-4d48-843b-214135946097","2021-11-24 13:36:27.735"
"AG","12.460","14","12.470","28","964","12.44","625e5095-7596-4d7b-9b30-846000eb5fae","2021-11-24 13:37:27.826"
"AG","12.470","20","12.480","17","964","12.44","9f761b20-03d9-48cf-ba4a-7b1daad50050","2021-11-24 13:37:27.826"
"AG","12.470","20","12.480","17","964","12.44","20efdbdc-3fb1-4944-8112-281d162ab444","2021-11-24 13:37:27.826"
"AG","12.470","54","12.480","4","964","12.44","2a5f860a-6841-4e24-bbf2-ba2f82e6db46","2021-11-24 13:37:27.826"
"AG","12.480","40","12.490","30","964","12.44","ac35f16d-2f45-4a3b-850c-bfd3cba6f62b","2021-11-24 13:37:27.826"
"AG","12.470","23","12.480","18","964","12.44","2d99face-ab69-470e-b067-f9182d28cf78","2021-11-24 13:37:27.826"
"AG","12.470","23","12.480","18","964","12.44","620efd2f-da7c-47f2-b465-b06ba890b289","2021-11-24 13:37:27.826"
"AG","12.470","19","12.480","27","964","12.44","6e9d6c15-0217-48dd-94c2-2af8237c7e11","2021-11-24 13:37:27.826"
"AG","12.470","19","12.480","27","964","12.44","8e6b37ba-6f01-4d39-bac3-8e8139bbfd83","2021-11-24 13:37:27.826"
"AG","12.470","19","12.480","27","964","12.44","d6ca6943-fab5-4adb-a08c-7ba0ad76d21a","2021-11-24 13:37:27.826"
"AG","12.470","19","12.480","27","964","12.44","f11e8ae0-e271-4cf5-8b66-7695cfc83a47","2021-11-24 13:37:27.826"
"AG","12.430","44","12.440","13","-963","12.44","2e16d947-bebf-42eb-9a28-8d28fff31351","2021-11-24 13:38:53.016"
"AG","12.430","44","12.440","13","-964","12.44","a1ad3855-f68b-464d-b2b4-6ccf333dedea","2021-11-24 13:38:53.016"
"AG","12.430","44","12.440","13","-964","12.44","a27affea-e0db-4196-ad94-d3bef56d99f6","2021-11-24 13:38:53.016"
"AG","12.430","44","12.440","13","-963","12.44","18d384c9-2403-4aea-b036-e6437aeb3a1d","2021-11-24 13:38:53.016"
"AG","12.430","44","12.440","13","-964","12.44","0cfd4c0a-7a60-4697-86f3-1fd6f9f73b45","2021-11-24 13:38:53.016"
"AG","12.430","44","12.440","13","-964","12.44","f291b12f-ee7d-4081-9fe8-2a295178b904","2021-11-24 13:38:53.016"
"AG","12.430","44","12.440","13","-964","12.44","85708f19-c7b6-4adc-aac8-b43f43378f5e","2021-11-24 13:38:53.016"
"AG","12.430","52","12.440","12","-964","12.44","74ce85d9-8c86-4563-b99e-0845e258fb0d","2021-11-24 13:39:21.745"
"AG","12.430","52","12.440","12","-964","12.44","e34ef0b4-c5e1-4921-b5a6-2678c67721d3","2021-11-24 13:39:21.745"
"AG","12.430","52","12.440","12","-964","12.44","8ac75fbd-9a1a-4702-b8b2-517ee4793ea0","2021-11-24 13:39:21.745"
"AG","12.430","52","12.440","12","-964","12.44","5d33145e-5c9b-4543-98c5-d1619ec2b45c","2021-11-24 13:39:21.745"
"AG","12.430","61","12.440","7","-964","12.44","a7abbc58-70b7-498f-b5bd-eecd2119edf2","2021-11-24 13:39:21.745"
"AG","12.430","61","12.440","7","-964","12.44","426ff64c-af62-4436-8717-913cdc8cf61a","2021-11-24 13:39:21.745"
"AG","12.430","58","12.440","6","-964","12.44","5a1c3aaf-15ab-4d03-a692-4f65acb0363d","2021-11-24 13:39:21.745"
"AG","12.460","36","12.470","7","964","12.45","3db6cbdc-7094-455b-b0fd-5f58b6fc19b3","2021-11-24 14:00:30.492"
"AG","12.480","26","12.490","22","964","12.45","6fc8cfb3-890c-4726-842b-3f57a0671cb2","2021-11-24 14:00:30.492"
"AG","12.480","26","12.490","22","964","12.45","221f208c-dc94-4e90-ab1f-ba30e89d6aa3","2021-11-24 14:00:30.492"
"AG","12.470","30","12.480","11","964","12.44","28676fef-d16c-4b8c-a05f-0aa357c11334","2021-11-24 14:00:54.548"
"AG","12.470","47","12.480","13","964","12.44","bc3ece45-40f3-4604-972a-560fe785538b","2021-11-24 14:00:54.548"
"AG","12.470","41","12.480","5","965","12.43","d61f5902-a4bc-4b96-95e7-a20352f84e7e","2021-11-24 14:01:28.529"
"AG","12.470","39","12.480","5","965","12.43","bef0160b-7fcf-4041-97b5-827195d03d6c","2021-11-24 14:01:28.529"
"AG","12.470","9","12.480","8","965","12.43","259b8231-a868-4490-b1d5-46c3ec2afecf","2021-11-24 14:01:28.529"
"AG","12.460","10","12.470","19","965","12.43","9db6a585-6935-40de-a32d-77f4d32d06aa","2021-11-24 14:01:28.529"
"AG","12.450","6","12.460","17","965","12.43","2d6dd21f-165b-4bd3-a058-9a3536cd5eb0","2021-11-24 14:01:28.529"
"AG","12.450","6","12.460","17","965","12.43","c722369c-9b8e-4013-89e5-53009566184a","2021-11-24 14:01:28.529"
"AG","12.420","5","12.430","10","-964","12.43","d0e60a2a-c4d6-4d09-b74f-ec2c63036a9a","2021-11-24 14:02:01.299"
"AG","12.420","5","12.430","10","-964","12.43","471f9227-9bf6-48b1-bfd4-8a157b05c0eb","2021-11-24 14:02:01.299"
"AG","12.420","5","12.430","10","-965","12.43","0691b116-0805-4bea-ba9e-388a8900bf8e","2021-11-24 14:02:01.299"
"AG","12.420","5","12.430","10","-964","12.43","f3bbad16-03da-4c67-8152-50bec4f35e97","2021-11-24 14:02:01.299"
"AG","12.420","5","12.430","10","-965","12.43","1063027a-2b37-44b8-84d6-d4db5eb2c46f","2021-11-24 14:02:01.299"
"AG","12.420","5","12.430","10","-965","12.43","0177fb6f-f2ac-4456-b513-f72bcb82f9db","2021-11-24 14:02:01.299"
"AG","12.430","17","12.440","24","-965","12.44","33324911-bf16-46c3-93cf-a285d1d3f5a3","2021-11-24 14:02:22.846"
"AG","12.430","17","12.440","24","-964","12.44","38c946b6-ce67-466f-b2cc-8b61c0e1006f","2021-11-24 14:02:22.846"
"AG","12.430","17","12.440","24","-965","12.44","8b8845b9-efcd-4f37-b2dd-aa8b52e1ce0f","2021-11-24 14:02:22.846"
"AG","12.430","16","12.440","17","-965","12.44","e611d8c0-f643-479e-92fe-d62f63668613","2021-11-24 14:02:22.846"
"AG","12.450","6","12.460","12","-964","12.47","54c6ffc4-12fe-4491-9c51-f71664118140","2021-11-24 14:02:37.047"
"AG","12.470","12","12.480","6","963","12.45","c222e3de-5cb5-4ce3-8723-6fa4d20656d2","2021-11-24 14:08:14.262"
"AG","12.480","1","12.490","38","964","12.45","cfc319a1-fd07-4fba-bdad-a9156a821cf1","2021-11-24 14:08:14.262"
"AG","12.480","1","12.490","38","963","12.45","fb2a7806-fbc9-4184-9eb7-177fb129e3c8","2021-11-24 14:08:14.262"
"AG","12.470","9","12.480","9","964","12.45","f2aa0eff-d6db-4cd7-a3f0-0fd4859ea563","2021-11-24 14:08:14.262"
"AG","12.460","14","12.470","9","963","12.45","6a46a4f3-b807-4ad3-ad94-9e020d0e89e8","2021-11-24 14:08:14.262"
"AG","12.420","47","12.430","8","-964","12.43","3ae7b16a-ba7e-4689-83ea-8496da8c1044","2021-11-24 14:09:03.639"
"AG","12.420","47","12.430","8","-963","12.43","bcb01563-187a-4902-8cdf-ef4b7ca4ef83","2021-11-24 14:09:03.639"
"AG","12.420","47","12.430","8","-963","12.43","d1cf120e-a54d-4a66-9c2a-91ced8927fb4","2021-11-24 14:09:03.639"
"AG","12.420","47","12.430","6","-963","12.43","6c3dbae5-6b57-45d0-9f7b-97023f775691","2021-11-24 14:09:45.917"
"AG","12.420","47","12.430","6","-964","12.43","63061a41-b1e3-4612-8891-96e0f3ce683c","2021-11-24 14:10:00.036"
"AG","12.420","54","12.430","2","966","12.42","801a2e52-0cb9-4633-a7ba-aea131b29f96","2021-11-24 14:27:30.698"
"AG","12.420","54","12.430","2","966","12.42","ea8ff454-f659-4345-8a15-6d7933995917","2021-11-24 14:27:30.698"
"AG","12.430","28","12.440","26","966","12.42","400b78c0-34d3-44fa-83ed-e59a2744f021","2021-11-24 14:27:30.698"
"AG","12.430","15","12.440","25","966","12.42","a2db6aef-3ee2-4e52-a189-a00e70fa25f1","2021-11-24 14:27:30.698"
"AG","12.430","26","12.440","25","966","12.42","40d15955-729d-4186-bba7-b43b3d87df10","2021-11-24 14:27:30.698"
"AG","12.430","24","12.440","22","966","12.42","55792e05-a4d0-47e3-8165-93c402816a97","2021-11-24 14:27:30.698"
"AG","12.430","30","12.440","24","966","12.42","684f639f-0813-441a-96c8-250bf10b9088","2021-11-24 14:27:30.698"
"AG","12.430","23","12.440","23","966","12.42","1808e368-2327-49d3-8c28-b18e1b36a77d","2021-11-24 14:27:30.698"
"AG","12.430","23","12.440","23","966","12.42","51d62092-4e86-41b2-8829-730c8f2aaed0","2021-11-24 14:27:30.698"
"AG","12.430","23","12.440","23","967","12.41","746e1e97-b93c-435a-8ba6-869e9752a49e","2021-11-24 14:27:43.656"
"AG","12.430","23","12.440","23","967","12.41","6a733b4f-09a3-43ad-b203-f57af446d6bb","2021-11-24 14:27:43.656"
"AG","12.430","35","12.440","25","967","12.41","ab37e574-fcf0-4742-a9cf-5b24f03d0f4a","2021-11-24 14:27:43.656"
"AG","12.430","35","12.440","25","966","12.41","28c10a1d-31c1-428e-b779-9681c8d24743","2021-11-24 14:27:43.656"
"AG","12.400","41","12.410","17","-967","12.41","3940344e-40b0-47fb-868e-625de7c83db6","2021-11-24 14:28:51.259"
"AG","12.400","41","12.410","17","-966","12.41","b2fab1a5-9846-4dc1-b030-d9698ccdfc44","2021-11-24 14:28:51.259"
"AG","12.400","41","12.410","17","-966","12.41","5ee1a536-3391-473e-bbb6-257cf51e9316","2021-11-24 14:28:51.259"
"AG","12.400","41","12.410","17","-966","12.41","069d7190-e57f-4e69-bd52-de435b4a6d18","2021-11-24 14:28:51.259"
"AG","12.400","41","12.410","17","-967","12.41","88241671-08e0-4509-be04-e78ea314acdf","2021-11-24 14:28:51.259"
"AG","12.400","41","12.410","17","-966","12.41","5ccd3cbe-d783-4735-a19f-910a1bba8dc9","2021-11-24 14:28:51.259"
"AG","12.400","41","12.410","17","-966","12.41","18ad9e35-04d9-4cd4-9aa2-f7dde3781e2f","2021-11-24 14:28:51.259"
"AG","12.400","63","12.410","10","-967","12.41","51ec6066-7cb0-4bc1-a0f3-adaf5c0295de","2021-11-24 14:28:51.259"
"AG","12.400","63","12.410","10","-966","12.41","f1874b7a-c3d5-4c03-9a70-8f2e9ac7de19","2021-11-24 14:28:51.259"
"AG","12.400","63","12.410","10","-966","12.41","1605a75b-7e96-4fbd-bb21-42a9b07e7148","2021-11-24 14:28:51.259"
"AG","12.400","64","12.410","3","-966","12.41","88c541b3-ba8a-4244-8343-fe97a92a6e3a","2021-11-24 14:29:02.397"
"AG","12.400","64","12.410","3","-966","12.41","25ddff2e-4db2-4144-8bf5-b7ddc8b9adcd","2021-11-24 14:29:02.397"
"AG","12.410","21","12.420","21","-966","12.42","33c11c7e-8fb5-4008-ae7f-1ac4f239cd60","2021-11-24 14:30:43.205"
"AG","12.430","33","12.440","19","967","12.40","6a5b5b30-c29d-4186-9dad-23d46acf6aac","2021-11-24 14:47:25.645"
"AG","12.430","36","12.440","18","967","12.40","45cec83f-b1c4-47ed-ae8f-a3dfa2426773","2021-11-24 14:47:25.645"
"AG","12.430","27","12.440","17","967","12.40","ded27804-7c49-46fb-8eab-5a8c3aaf7fcc","2021-11-24 14:47:25.645"
"AG","12.430","28","12.440","18","967","12.40","b6902766-85f9-4db6-b8c8-277430870d0f","2021-11-24 14:47:25.645"
"AG","12.430","26","12.440","21","967","12.40","d9ada73a-d889-40e5-bf25-e9be52b85896","2021-11-24 14:47:25.645"
"AG","12.430","28","12.440","29","967","12.40","9595492b-5343-494b-8598-526f3b213dc6","2021-11-24 14:47:25.645"
"AG","12.430","29","12.440","29","967","12.40","8c8e0d25-17dd-410c-9298-f27083562afd","2021-11-24 14:47:25.645"
"AG","12.410","11","12.420","26","-967","12.42","60ac505a-9508-4583-ae5b-128050d81023","2021-11-24 14:48:03.777"
"AG","12.410","11","12.420","26","-967","12.42","ce5498c6-c40b-4bdb-8b44-9c5ea30e04c8","2021-11-24 14:48:03.777"
"AG","12.400","113","12.410","1","-967","12.42","c076be14-47ea-4740-a7cd-17015b3d7108","2021-11-24 14:48:03.777"
"AG","12.400","113","12.410","1","-967","12.42","ea0cdb25-360a-496b-9f93-218bcbd0b792","2021-11-24 14:48:03.777"
"AG","12.400","113","12.410","1","-967","12.42","47f667c1-eeff-4059-ac24-825f357f87cd","2021-11-24 14:48:03.777"
"AG","12.410","28","12.420","26","-967","12.42","d545b256-b90d-4354-bb30-2726a3427d40","2021-11-24 14:48:19.789"
"AG","12.390","88","12.400","12","-967","12.40","5d88d91b-bdaf-46e8-90a1-dbc05c93a2ee","2021-11-24 14:57:24.157"
"ABB","34.970","11","34.980","4","343","34.95","d7a0cae5-6dd3-472f-9a61-8ab6073c99d0","2021-11-24 09:57:32.991"
"ABB","34.980","1","34.990","39","343","34.95","0723a1b1-1e5e-42eb-90c5-84ecbed6da64","2021-11-24 09:57:32.991"
"ABB","34.980","8","34.990","2","-343","35.00","a78e113f-8a18-4afa-af76-48f23b9eb249","2021-11-24 09:58:41.170"
"ABB","34.990","7","35.000","4","-343","35.00","229937e8-1fa9-4641-b911-7d6db8004d3d","2021-11-24 09:58:50.335"
"ABB","35.100","15","35.110","1","341","35.11","f43651d4-0c30-4b29-b489-24706fc0bb3e","2021-11-24 10:24:00.006"
"ABB","35.100","2","35.110","59","-341","35.11","e46bdf47-90f9-46ff-b466-0024d42d45f5","2021-11-24 10:26:46.310"
"ABB","35.140","8","35.150","44","341","35.10","9b05861e-27e2-4059-9a7b-6df13198cf32","2021-11-24 10:45:03.613"
"ABB","35.140","8","35.150","44","341","35.10","64cad348-1117-4f30-badb-8f8e2eac5e79","2021-11-24 10:45:03.613"
"ABB","35.140","15","35.150","38","341","35.10","af969156-f940-4560-9604-c681e13c3846","2021-11-24 10:45:03.613"
"ABB","35.130","47","35.140","17","341","35.10","05eab0f7-205d-4e03-9114-066901c26e9c","2021-11-24 10:45:03.613"
"ABB","35.130","47","35.140","17","341","35.10","542fb17b-f534-430a-8c25-fe752c58b682","2021-11-24 10:45:03.613"
"ABB","35.130","34","35.140","54","341","35.10","d35faf50-e469-4958-99fb-62a1b6338653","2021-11-24 10:45:03.613"
"ABB","35.120","20","35.130","13","341","35.10","08e0d32f-6276-4e9c-84d9-9475e83e144e","2021-11-24 10:45:03.613"
"ABB","35.120","20","35.130","13","341","35.10","a8e73bde-b697-4bb0-80df-7ebcf8314c69","2021-11-24 10:45:03.613"
"ABB","35.120","51","35.130","54","341","35.10","f9bf3476-ab80-406d-a95b-5ae52fcec35b","2021-11-24 10:45:03.613"
"ABB","35.110","1","35.120","73","341","35.10","a582ed5c-2fd0-4de3-b99e-f015d72b22b2","2021-11-24 10:45:03.613"
"ABB","35.100","14","35.110","12","-341","35.11","2c836096-f15b-4b77-88f1-496e97fd1e3b","2021-11-24 10:45:36.496"
"ABB","35.100","14","35.110","12","-341","35.11","cea99cdb-1a28-437f-8f51-09eb005bcdec","2021-11-24 10:45:36.496"
"ABB","35.100","14","35.110","12","-341","35.11","87a554c3-bf7a-4626-82c0-49a08889bdc0","2021-11-24 10:45:36.496"
"ABB","35.100","14","35.110","12","-341","35.11","6136bbd5-fac6-49b3-b679-90512c6ea239","2021-11-24 10:45:36.496"
"ABB","35.100","14","35.110","12","-341","35.11","ea3e9698-93e7-4693-b611-333e5174115a","2021-11-24 10:45:36.496"
"ABB","35.100","14","35.110","12","-341","35.11","d08bba3c-8c60-4a61-8b1f-4e92fe0d6986","2021-11-24 10:45:36.496"
"ABB","35.100","14","35.110","12","-341","35.11","c7bb16e6-cd6d-4d26-9b47-d046cf3c651a","2021-11-24 10:45:36.496"
"ABB","35.100","14","35.110","12","-341","35.11","f530f68f-9f8a-4c3e-aeab-e09c1d23c66a","2021-11-24 10:45:36.496"
"ABB","35.110","18","35.110","1","-341","35.11","877cf4bf-7428-4228-b3a9-9e23c655c070","2021-11-24 10:45:40.006"
"ABB","35.120","28","35.130","34","-341","35.13","6ecd0515-2193-4572-8a80-6e0eb46e6211","2021-11-24 10:45:54.002"
"ABB","35.140","13","35.150","13","341","35.11","702d8ee4-1e90-4a80-a40f-47aeb0a749ae","2021-11-24 10:57:54.531"
"ABB","35.140","19","35.150","4","341","35.11","7a8ff4ff-bd79-47ab-80f3-baf3b4a79fb7","2021-11-24 10:57:54.531"
"ABB","35.140","20","35.150","2","341","35.11","7dd2404e-e404-4279-9989-4355d8bf0f13","2021-11-24 10:57:54.531"
"ABB","35.140","20","35.150","35","341","35.11","c612ba2f-0fda-4ee5-921b-da72208ddd1f","2021-11-24 10:57:54.531"
"ABB","35.150","8","35.160","55","341","35.11","d7be50ed-3769-43cd-8535-761f64343857","2021-11-24 10:57:54.531"
"ABB","35.150","19","35.160","41","341","35.11","750cdf25-babc-4cde-9890-c4b43297b5d5","2021-11-24 10:57:54.531"
"ABB","35.150","24","35.160","18","341","35.11","e165604b-d981-4c8c-a8d7-1cb96bf680a9","2021-11-24 10:57:54.531"
"ABB","35.150","1","35.160","42","341","35.11","71e68479-ba1e-4422-b17c-d0e3210e65e2","2021-11-24 10:57:54.531"
"ABB","35.160","24","35.170","49","341","35.11","bb4ff72f-43bc-40b1-a37e-27d1fd455e3e","2021-11-24 10:57:54.531"
"ABB","35.160","12","35.170","48","341","35.11","486057f3-dabc-43f6-b2e9-1ca5108b75dc","2021-11-24 10:57:54.531"
"ABB","35.160","9","35.170","45","341","35.11","982f7134-3ea4-401f-8bde-cb0296c98931","2021-11-24 10:57:54.531"
"ABB","35.150","17","35.160","10","341","35.11","53098b91-7949-4752-91b7-c027aac34405","2021-11-24 10:57:54.531"
"ABB","35.150","17","35.160","10","341","35.11","2cd3d0b5-e560-425e-b4fb-3ba6e9263388","2021-11-24 10:57:54.531"
"ABB","35.150","17","35.160","10","341","35.11","304f0858-a878-4cd2-bd12-7908524ca8dc","2021-11-24 10:57:54.531"
"ABB","35.120","18","35.130","13","-341","35.13","1285e050-1fb3-4040-b718-36dd2b28ee91","2021-11-24 10:58:32.527"
"ABB","35.120","18","35.130","13","-341","35.13","de6f19ed-a1fe-42b1-8a4f-fcf7df5b4c15","2021-11-24 10:58:32.527"
"ABB","35.120","18","35.130","13","-341","35.13","b05f4f02-a9cc-41b6-a454-1e670c4e095f","2021-11-24 10:58:32.527"
"ABB","35.120","18","35.130","13","-341","35.13","38038a27-9c9d-44a2-ab4f-d39a424c6921","2021-11-24 10:58:32.527"
"ABB","35.120","6","35.130","55","-341","35.13","d3fee7a9-6e95-47cf-9f2c-70fba8e94296","2021-11-24 10:58:56.200"
"ABB","35.120","6","35.130","55","-341","35.13","6032e901-10c1-40e0-8255-4f8d1eef0054","2021-11-24 10:58:56.200"
"ABB","35.120","6","35.130","55","-341","35.13","9003904c-ccc1-472c-8832-d9bedca3ccc0","2021-11-24 10:58:56.200"
"ABB","35.110","14","35.120","43","-341","35.12","ff4e5e96-a2cb-4b37-899d-ad16b725c24f","2021-11-24 10:59:44.212"
"ABB","35.110","14","35.120","43","-341","35.12","1606e9a2-1a64-40b0-8223-70d2a5eb75e5","2021-11-24 10:59:44.212"
"ABB","35.110","8","35.120","54","-341","35.12","ae8b5e2a-f70b-47d7-bb43-5dc043d3a478","2021-11-24 10:59:44.212"
"ABB","35.110","8","35.120","57","-341","35.12","962fa80b-f614-4b36-9d7b-e135727834ca","2021-11-24 10:59:50.813"
"ABB","35.120","2","35.130","65","-341","35.13","eced79fb-5b3a-42a5-baa5-2528b729617e","2021-11-24 11:00:41.068"
"ABB","35.120","2","35.130","65","-341","35.13","7c49a77e-feb4-44cb-a67a-105d098c2572","2021-11-24 11:00:41.068"
"ABB","35.120","2","35.130","65","-341","35.13","731ad09e-2605-481b-b00a-e86f8ee7c26a","2021-11-24 11:00:41.068"
"ABB","35.140","13","35.150","46","341","35.14","c3303b2c-381c-4343-9c44-275c4c6246c5","2021-11-24 11:11:21.427"
"ABB","35.140","13","35.150","46","341","35.14","b1b3002f-37bb-43aa-9b2d-aa698c6d2067","2021-11-24 11:11:21.427"
"ABB","35.150","5","35.160","51","-341","35.16","86ed2550-9c23-4879-9a5e-b5d5cc11f054","2021-11-24 11:18:20.903"
"ABB","35.140","24","35.150","2","-341","35.16","369b62f2-0ba8-4071-83b9-e2a2c0e8b4c9","2021-11-24 11:18:20.903"
"ABB","35.190","17","35.200","13","341","35.17","f3305eb6-864a-4b48-a273-bf644bc43a8e","2021-11-24 11:54:58.035"
"ABB","35.210","16","35.220","22","341","35.17","5b5f58ee-01c8-456b-b4b8-88795a085c5e","2021-11-24 11:54:58.035"
"ABB","35.210","9","35.220","22","341","35.17","d3a7cca9-358a-4155-be32-33ac0b7d8eca","2021-11-24 11:54:58.035"
"ABB","35.210","9","35.220","22","341","35.17","ee7f960e-fc41-41ed-adf8-e8c571d27e8c","2021-11-24 11:54:58.035"
"ABB","35.210","9","35.220","23","341","35.17","292c5904-2281-4020-923f-2b0192807f74","2021-11-24 11:54:58.035"
"ABB","35.210","9","35.220","23","341","35.17","340a7ae3-9df3-45b2-b64e-d85eb78596d9","2021-11-24 11:54:58.035"
"ABB","35.210","12","35.220","22","341","35.17","053c36bd-047e-4f64-b564-00c0f8d24931","2021-11-24 11:54:58.035"
"ABB","35.210","7","35.220","24","341","35.17","9f7a2134-74a5-4eaa-866b-339769201236","2021-11-24 11:54:58.035"
"ABB","35.210","22","35.220","14","341","35.17","1958e72a-be2b-43fd-95c4-ddb516dab288","2021-11-24 11:54:58.035"
"ABB","35.210","23","35.220","14","341","35.17","fe116ed0-586c-4756-8091-b4c123e7cf43","2021-11-24 11:54:58.035"
"ABB","35.200","25","35.210","12","341","35.17","37993b54-14c3-4c12-bc48-09def7219d7c","2021-11-24 11:54:58.035"
"ABB","35.200","13","35.210","20","341","35.17","17de24cf-9dd9-4b6f-a8ce-608ba2b5ecf0","2021-11-24 11:54:58.035"
"ABB","35.200","13","35.210","20","341","35.17","756514de-c97e-4de6-8ed5-2bb3f79c1c75","2021-11-24 11:54:58.035"
"ABB","35.200","10","35.210","22","341","35.17","4b665f18-88ea-4c92-9115-43ebcb09144d","2021-11-24 11:54:58.035"
"ABB","35.160","17","35.170","24","-341","35.17","4e273aef-c980-43d1-b78f-772c8a2f5b58","2021-11-24 11:55:51.256"
"ABB","35.160","17","35.170","24","-341","35.17","fb7a40da-8035-4c46-8992-1e176e3dcdb9","2021-11-24 11:55:51.256"
"ABB","35.160","17","35.170","24","-341","35.17","9477ea01-1dd2-4a6c-a4fd-65d980960d47","2021-11-24 11:55:51.256"
"ABB","35.160","17","35.170","24","-341","35.17","2a2d079e-fb2d-4764-adae-34854066f391","2021-11-24 11:55:51.256"
"ABB","35.160","17","35.170","24","-341","35.17","cddb9b95-483e-4672-a73b-42b92d09590d","2021-11-24 11:55:51.256"
"ABB","35.160","17","35.170","24","-341","35.17","e9006dd8-319c-438d-811f-a34e24565ec8","2021-11-24 11:55:51.256"
"ABB","35.170","3","35.180","28","-341","35.18","3700cf06-3fca-4623-9dcf-0e3ec768f0d8","2021-11-24 11:55:51.258"
"ABB","35.170","3","35.180","28","-341","35.18","488e2fc1-e679-44d8-9c83-f5d985325c8e","2021-11-24 11:55:51.258"
"ABB","35.170","3","35.180","28","-341","35.18","38c8554a-9755-42ce-8263-3a4786ee7b05","2021-11-24 11:55:51.258"
"ABB","35.170","3","35.180","28","-341","35.18","75f04346-1e0c-406f-8a0e-2f75bcaf3800","2021-11-24 11:55:51.258"
"ABB","35.170","3","35.180","28","-341","35.18","cd92bbf6-7c61-4590-9234-5c735454f7c6","2021-11-24 11:55:51.258"
"ABB","35.170","3","35.180","28","-341","35.18","7ab45a2a-e783-4e15-acbe-dcb0b3889df8","2021-11-24 11:55:51.258"
"ABB","35.170","3","35.180","28","-341","35.18","d5796a7d-b087-4b76-8e44-5915f79a940d","2021-11-24 11:55:51.258"
"ABB","35.170","13","35.180","15","-341","35.18","e35089e7-2f85-403e-8958-15616ca92eea","2021-11-24 11:56:01.419"
"ABB","35.180","2","35.190","22","341","35.14","be571137-28cf-40a4-b1ca-eb102d329402","2021-11-24 12:01:14.937"
"ABB","35.180","8","35.190","14","341","35.14","03939192-b9b9-41f0-935b-dfa45e117032","2021-11-24 12:01:14.937"
"ABB","35.140","1","35.140","10","-341","35.14","a699985e-77d6-4212-9785-6ebbe93eed06","2021-11-24 12:02:30.006"
"ABB","35.130","19","35.140","11","-341","35.14","2f3f1ddb-caf9-4126-ae64-ccb3218a65e0","2021-11-24 12:05:02.031"
"ABB","35.140","16","35.150","10","341","35.15","be60447d-2cf3-4ed2-838c-3443bec2f157","2021-11-24 12:12:10.006"
"ABB","35.110","9","35.120","19","-341","35.12","ebb43856-a77c-49c0-b5e4-0f7e7c0d8022","2021-11-24 12:19:37.200"
"ABB","35.190","3","35.200","28","341","35.18","505573c1-6040-4f89-bdbb-29cba165fdeb","2021-11-24 13:16:15.354"
"ABB","35.190","3","35.200","28","341","35.18","2a1578f2-76c5-4307-b30a-98143926ab23","2021-11-24 13:16:15.354"
"ABB","35.170","11","35.180","9","-341","35.18","48364b88-918b-4f3d-9c14-2e6945c019b0","2021-11-24 13:25:50.813"
"ABB","35.190","13","35.200","12","341","35.17","7921d0ff-a4a6-486e-a239-04b66dbd050d","2021-11-24 13:26:21.035"
"ABB","35.190","13","35.200","12","341","35.17","4c6e045c-75c8-4525-8482-a56d57f504a6","2021-11-24 13:26:21.035"
"ABB","35.190","13","35.200","12","341","35.17","5a8ca6da-c8dd-4dfb-ac9d-f6b88c6c4d0e","2021-11-24 13:26:21.035"
"ABB","35.190","13","35.200","12","341","35.17","274b40e0-f179-48c8-a930-1e094490864a","2021-11-24 13:26:21.035"
"ABB","35.190","13","35.200","12","341","35.17","750f83aa-acb9-4835-8652-9324b1d6e7c6","2021-11-24 13:26:21.035"
"ABB","35.200","8","35.210","17","341","35.17","62c01d46-79df-4fba-ad0f-f6ea717f2214","2021-11-24 13:26:21.035"
"ABB","35.200","8","35.210","17","341","35.17","be3c9cf8-014e-4017-9b37-d005f39c069c","2021-11-24 13:26:21.035"
"ABB","35.190","11","35.200","20","341","35.17","4a4ced75-44de-47ca-915d-4e5545979beb","2021-11-24 13:26:21.035"
"ABB","35.160","31","35.170","3","-341","35.17","4b3d50c0-5e5c-46d3-a53e-6b56f85d3992","2021-11-24 13:27:23.231"
"ABB","35.160","31","35.170","3","-341","35.17","acab0927-1da6-4391-9837-61aecfa1e90a","2021-11-24 13:27:23.231"
"ABB","35.160","31","35.170","3","-341","35.17","aba84250-fc0b-4f28-9a89-2e82cbb33d72","2021-11-24 13:27:23.231"
"ABB","35.160","31","35.170","3","-341","35.17","b065032c-1a96-46a4-a7e6-3550b764dbdf","2021-11-24 13:27:23.231"
"ABB","35.160","31","35.170","3","-341","35.17","04aac1b4-96ae-4f35-80e9-e11521b6da4c","2021-11-24 13:27:23.231"
"ABB","35.160","11","35.170","15","-341","35.17","18f7b10f-abb0-4ce2-9645-1ea6f6ccc853","2021-11-24 13:27:56.339"
"ABB","35.160","11","35.170","15","-341","35.17","1656c162-670b-4937-94bf-f85074d274d0","2021-11-24 13:27:56.339"
"ABB","35.160","11","35.170","15","-341","35.17","f558a084-44cb-4083-b132-7955005a32cf","2021-11-24 13:27:56.339"
"ABB","35.160","11","35.170","15","-341","35.17","75a28027-56ce-4660-be36-fece29074467","2021-11-24 13:27:56.339"
"ABB","35.190","16","35.200","14","341","35.16","772bafb6-17ec-4e8d-b2c6-60463ac65a49","2021-11-24 13:29:00.363"
"ABB","35.180","10","35.190","19","341","35.14","95bd59d5-4f93-412c-a266-9c5f80289917","2021-11-24 13:30:19.667"
"ABB","35.180","1","35.190","29","341","35.14","5ade282f-20e2-4254-b3cb-7d08faec24d2","2021-11-24 13:30:19.667"
"ABB","35.170","24","35.180","1","341","35.14","f1f72701-784f-4233-82de-ddbcdc9e357f","2021-11-24 13:30:19.667"
"ABB","35.170","24","35.180","1","341","35.14","ba80dda2-9760-4227-b3a7-e140d80b1b75","2021-11-24 13:30:19.667"
"ABB","35.170","24","35.180","1","341","35.14","998e2f4a-c5f6-4dd0-9106-2009c88b6c02","2021-11-24 13:30:19.667"
"ABB","35.170","24","35.180","1","341","35.14","612d58e9-53fd-4511-8792-9d194ed0fc64","2021-11-24 13:30:19.667"
"ABB","35.130","15","35.140","8","-341","35.14","62a04bc4-0e86-41e9-824f-a5bae1e1a313","2021-11-24 13:31:04.914"
"ABB","35.130","15","35.140","8","-341","35.14","46d2ed5e-129e-47b6-8a0c-5735cfb147b6","2021-11-24 13:31:04.914"
"ABB","35.130","15","35.140","8","-341","35.14","73d14ed5-601a-4072-a8ca-f1a6b24c13bd","2021-11-24 13:31:04.914"
"ABB","35.130","15","35.140","8","-341","35.14","cf61b3ba-0e9e-41b0-a559-377731fccd5f","2021-11-24 13:31:04.914"
"ABB","35.130","15","35.140","8","-341","35.14","8646f75e-4ad1-4d7d-a333-8e0ed09786ee","2021-11-24 13:31:04.914"
"ABB","35.130","15","35.140","8","-341","35.14","ca86bf03-04ae-4d19-bd29-e2a154147ab2","2021-11-24 13:31:04.914"
"ABB","35.130","15","35.140","8","-341","35.14","68086535-83b4-49c9-b180-5bc01f51484d","2021-11-24 13:31:04.914"
"ABB","35.140","4","35.150","2","341","35.11","a106da8b-9941-43e3-921b-dc63c8afd7dc","2021-11-24 14:03:56.236"
"ABB","35.140","4","35.150","2","341","35.11","6fb109aa-c50c-4ea6-9bd8-ee4b70dffa53","2021-11-24 14:03:56.236"
"ABB","35.150","9","35.160","10","341","35.11","94f293d0-c037-427a-923a-4215996b1bd5","2021-11-24 14:03:56.236"
"ABB","35.120","16","35.130","8","-341","35.13","fa44d152-eae7-48a2-bb00-7200d8ac5e3a","2021-11-24 14:04:32.102"
"ABB","35.120","16","35.130","8","-341","35.13","d09b9269-0ca7-4df1-8d48-2993110283b8","2021-11-24 14:04:32.102"
"ABB","35.120","16","35.130","8","-341","35.13","491671aa-5e31-4471-bd4f-741a0c92fc1f","2021-11-24 14:04:32.102"
"ABB","35.070","1","35.080","18","342","35.08","38fa6aee-6bc8-4651-ad7c-bc0359ca77fd","2021-11-24 14:23:10.006"
"ABB","35.050","12","35.060","18","-342","35.06","7f6933a1-1e07-4d42-99fb-73afa09a34c6","2021-11-24 14:30:04.758"
"ALB","274.240","1","274.710","1","43","272.77","b2ff7082-9bfa-425a-9cf5-804497a69c2a","2021-11-24 10:46:22.930"
"ALB","274.230","1","274.700","1","44","272.32","e72918a7-29e8-4adc-85bd-f9dbe5f8a59d","2021-11-24 10:46:34.839"
"ALB","274.230","1","274.690","1","44","272.32","420e7e24-72b2-4056-975f-d0563603fa61","2021-11-24 10:46:34.839"
"ALB","274.230","1","274.690","1","44","272.32","5bb19382-3d93-4714-bddc-13348a80d328","2021-11-24 10:46:34.839"
"ALB","274.280","1","274.690","3","44","272.32","543ca100-f9af-4259-a375-3127392866f6","2021-11-24 10:46:34.839"
"ALB","274.340","1","274.690","3","44","272.32","27e14f09-6c3e-472b-a779-25b1c93463ac","2021-11-24 10:46:34.839"
"ALB","274.350","1","274.680","1","44","272.32","7fe5abcf-8a2c-491d-aca5-e6015093dff7","2021-11-24 10:46:34.839"
"ALB","274.350","1","274.680","4","44","272.32","e45fa29d-5dfd-4586-a24f-17232c2aa411","2021-11-24 10:46:34.839"
"ALB","274.350","1","274.680","4","44","272.32","a4019fbc-124c-4e86-86f6-562d09de0f2c","2021-11-24 10:46:34.839"
"ALB","274.350","1","274.680","4","44","272.32","73ea7d75-b37b-4671-b2da-995f6797c459","2021-11-24 10:46:34.839"
"ALB","274.240","2","274.670","3","44","272.32","10ced638-40f6-42c8-a5ec-2f6f6df919c8","2021-11-24 10:46:34.839"
"ALB","272.320","1","272.770","3","-44","272.77","bedf6b7f-5658-4c19-b29a-a2694866e3ca","2021-11-24 10:47:41.710"
"ALB","272.320","1","272.770","3","-44","272.77","2853ab80-566c-4765-8677-c4af20799f84","2021-11-24 10:47:41.710"
"ALB","272.320","1","272.770","3","-44","272.77","a1892b8c-2228-4020-a792-1081c432959b","2021-11-24 10:47:41.710"
"ALB","272.320","1","272.770","3","-44","272.77","b7512494-7372-488a-ba56-9d6f52208b84","2021-11-24 10:47:41.710"
"ALB","272.320","1","272.770","3","-43","272.77","885f2510-0b09-460c-ab55-56584fae3932","2021-11-24 10:47:41.710"
"ALB","272.690","1","272.990","1","-44","272.99","253fedc7-56ad-4c42-984f-0e683ca75169","2021-11-24 10:49:24.045"
"ALB","272.690","1","272.990","1","-44","272.99","788fbf2e-ec90-4365-9c0f-7085facd4575","2021-11-24 10:49:24.045"
"ALB","272.740","2","273.130","2","-44","273.15","6e349e3e-0ae3-4eaa-b168-f161c7a24bd3","2021-11-24 10:49:59.729"
"ALB","272.740","2","273.130","2","-44","273.15","76463219-2acc-41cb-949a-98af73fc9a38","2021-11-24 10:49:59.729"
"ALB","272.800","1","273.160","1","-44","273.17","c9bcb52a-0b0b-440f-b2e6-a0d99b60d4ef","2021-11-24 10:50:05.032"
"ALB","273.270","1","273.590","1","-44","273.65","6d432b51-0b89-4505-a9dc-26ac4c033f73","2021-11-24 10:51:58.853"
"ALB","273.290","1","273.500","3","43","273.50","071701ff-0dab-44e8-bc07-195b0414731e","2021-11-24 10:56:10.006"
"ALB","272.410","1","272.730","1","-43","272.73","256e5697-2766-4075-a99e-9f57d47aeb2b","2021-11-24 10:57:32.887"
"ALB","273.170","1","273.640","4","44","272.29","8da5d09a-5b14-49ba-9687-ec1cbe214c0e","2021-11-24 10:58:48.216"
"ALB","274.240","1","274.670","3","44","272.16","969c8635-1d30-400a-8242-c36e968a1551","2021-11-24 10:59:12.888"
"ALB","273.740","1","274.230","2","44","272.16","095161aa-6ec0-420e-8cab-f7966c6dbb55","2021-11-24 10:59:12.888"
"ALB","273.790","1","274.140","1","44","272.16","ccb2502a-21f2-4227-95ac-c60174696ef2","2021-11-24 10:59:12.888"
"ALB","273.690","1","274.140","3","44","272.16","c019bc83-80cf-4af0-bb50-18cea1b2fb5b","2021-11-24 10:59:12.888"
"ALB","273.720","1","274.130","1","44","272.16","8853e18e-29b2-4e14-a477-108dff793a80","2021-11-24 10:59:12.888"
"ALB","273.750","1","274.120","1","44","272.16","22a7782a-9284-4109-8f08-8f7d09a706c5","2021-11-24 10:59:12.888"
"ALB","272.660","2","273.090","1","-44","273.25","b0bea695-9a81-4174-a8f6-a62a5077a073","2021-11-24 11:01:14.094"
"ALB","272.660","2","273.090","1","-44","273.25","39be9200-745c-4786-8015-72b4167599cf","2021-11-24 11:01:14.094"
"ALB","272.660","2","273.090","1","-44","273.25","bdacd094-b254-49c6-83be-8104fdc1a922","2021-11-24 11:01:14.094"
"ALB","272.010","1","272.220","1","-44","272.22","77aa0a60-0daf-4fae-ac59-2cd84c3b6d62","2021-11-24 11:04:15.602"
"ALB","272.250","1","272.580","1","-44","272.58","ca5b52d4-808f-4f8b-b4d1-c450a0fafcc6","2021-11-24 11:04:23.046"
"ALB","272.090","1","272.560","1","-44","272.58","0ef0ed92-2a31-495d-9e55-f22795d4e4a1","2021-11-24 11:04:23.046"
"ALB","272.090","1","272.560","1","-44","272.58","593ea5fc-f548-4ee3-8475-7139dbd301fa","2021-11-24 11:04:23.046"
"ALB","272.970","2","273.380","1","44","272.19","991dd518-871f-486d-981a-9a22462b0cd0","2021-11-24 11:07:24.307"
"ALB","272.410","2","272.900","2","-44","272.90","deb9c6be-be5e-4587-979f-4298a8a3b14e","2021-11-24 11:08:53.828"
"ALB","272.480","2","272.750","2","44","272.27","572286e2-31dd-4925-a008-61d7f86a721e","2021-11-24 11:26:22.733"
"ALB","272.010","1","272.330","2","-44","272.33","e92de111-63b4-44bd-ae1f-e0a77456cd35","2021-11-24 11:30:10.522"
"ALB","271.930","1","272.240","1","44","272.10","0491c0a8-29ff-486e-b7ba-d4c8a24d9910","2021-11-24 11:47:12.278"
"ALB","271.780","1","272.240","1","-44","272.29","f672adbd-5e67-4325-ae3c-89ac1132d555","2021-11-24 11:53:23.895"
"ALB","271.460","2","271.820","2","44","271.45","71dc864e-e57c-4548-a799-61bbad13475e","2021-11-24 12:06:25.776"
"ALB","272.070","1","272.350","1","44","271.05","015f8a89-4238-4d0b-8b78-2fc94a93fd3b","2021-11-24 12:08:37.335"
"ALB","272.090","2","272.550","2","44","271.05","9de7cf61-2379-4a1b-8594-3723e34d0487","2021-11-24 12:08:37.335"
"ALB","272.150","1","272.540","2","44","271.05","5f609959-4b94-472a-95f7-caf9cd1bb971","2021-11-24 12:08:37.335"
"ALB","272.080","2","272.420","1","44","270.91","3f0dc208-ff89-4728-aef5-86c0c97824ef","2021-11-24 12:10:21.403"
"ALB","271.650","1","271.910","1","44","270.90","cd9cedd0-2b44-433d-806b-ea3bc634f1eb","2021-11-24 12:10:21.403"
"ALB","271.460","2","271.770","2","44","270.90","3d573f7c-5325-49e2-86f7-213c11fef52d","2021-11-24 12:10:21.403"
"ALB","271.460","2","271.770","2","44","270.90","c7c1c91c-7c18-486c-be22-eb024f8bf51a","2021-11-24 12:10:21.403"
"ALB","271.460","2","271.770","2","44","270.90","255bb0ac-703f-415b-ae91-609a27bdfa0f","2021-11-24 12:10:21.403"
"ALB","271.240","1","271.510","1","44","270.90","fed386c1-44b2-4791-9113-5b6fb8950109","2021-11-24 12:10:21.403"
"ALB","271.330","1","271.640","1","44","270.90","ee359020-6b11-4827-be6a-6c7364f6ee8b","2021-11-24 12:10:21.403"
"ALB","271.330","1","271.640","1","44","270.90","8251ef8e-6a3d-4fd2-b60a-cfcee64fd148","2021-11-24 12:10:21.403"
"ALB","271.330","1","271.630","1","44","270.90","5438e547-b074-4277-ae80-a097eeae6ba0","2021-11-24 12:10:21.403"
"ALB","271.110","2","271.450","1","44","270.90","4a8f3a02-faa9-4793-9989-a9fba8f95602","2021-11-24 12:10:21.403"
"ALB","271.110","2","271.440","1","44","270.90","0eae2c4b-4153-4d8f-b38c-7ed363e8f607","2021-11-24 12:10:21.403"
"ALB","271.110","2","271.440","1","44","270.90","4cfa46f3-979d-4929-9d76-ade38b6b5659","2021-11-24 12:10:21.403"
"ALB","270.850","1","271.090","2","-44","271.09","0c00ebd7-32d6-4ba1-a24c-4728505fe6bf","2021-11-24 12:10:36.566"
"ALB","271.160","1","271.280","2","-44","271.28","1f22ae84-016b-443b-a918-d21c9f62a889","2021-11-24 12:10:41.825"
"ALB","271.160","1","271.280","2","-44","271.28","21c5c960-6e64-429e-af46-2f8998d31af0","2021-11-24 12:10:41.825"
"ALB","271.160","1","271.280","2","-44","271.28","2d97afc4-9086-4e34-bb83-6367c5c3cd51","2021-11-24 12:10:41.825"
"ALB","271.160","1","271.280","2","-44","271.28","dbcb4288-ba89-4003-b119-72f2a93f7c3f","2021-11-24 12:10:41.825"
"ALB","271.160","1","271.280","2","-44","271.28","14080cc3-81c7-4cf1-837d-604c57987078","2021-11-24 12:10:41.825"
"ALB","271.160","1","271.280","2","-44","271.28","b5722328-0663-4335-896a-ae4cdf48ccb4","2021-11-24 12:10:41.825"
"ALB","271.160","1","271.280","2","-44","271.28","589823aa-9a84-4dd4-8d12-ef1909b1d069","2021-11-24 12:10:41.825"
"ALB","271.160","1","271.280","2","-44","271.28","7ce92291-d36a-4421-a332-a26e8b7bf9e2","2021-11-24 12:10:41.825"
"ALB","271.090","1","271.450","1","-44","271.45","d38b1cf4-6b8e-4cfb-96f9-7b514ae2fc7a","2021-11-24 12:11:06.687"
"ALB","271.090","1","271.450","1","-44","271.45","9799852d-bd00-4aca-a452-5fd779109990","2021-11-24 12:11:06.687"
"ALB","271.080","2","271.450","2","-44","271.45","7ff97837-ec61-407d-ab5b-30ccf680c891","2021-11-24 12:11:58.230"
"ALB","271.080","2","271.450","2","-44","271.45","bd639854-f932-4264-8d2e-810020380077","2021-11-24 12:11:58.230"
"ALB","271.220","2","271.580","2","-44","271.58","237c9b36-7b8a-46af-882e-8263cdca6aaf","2021-11-24 12:14:13.334"
"ALB","271.230","2","271.580","2","-44","271.58","8c9fe4cc-0e73-4708-8d77-ff255327bcd2","2021-11-24 12:14:28.426"
"ALB","270.560","1","270.890","1","-44","270.89","62ef4d26-74d2-42be-98df-e7ba62e44bfc","2021-11-24 12:20:00.050"
"ALB","270.950","1","271.170","1","44","270.72","314896eb-f630-44b0-8219-7dc014964bc9","2021-11-24 12:40:20.054"
"ALB","270.750","1","270.960","2","-44","270.96","da1dd1c7-ab74-45bb-8dc5-df56de1d000a","2021-11-24 12:43:15.444"
"ALB","270.830","1","271.050","1","44","270.57","84dde392-cc4d-42ff-b425-f9eea2d06b38","2021-11-24 12:45:57.429"
"ALB","270.830","1","270.970","1","44","270.45","78e227a3-68b8-40a2-8639-c782ecbd6e5a","2021-11-24 12:48:43.312"
"ALB","270.960","1","271.220","2","44","270.45","003bd1b9-7861-4222-94c0-2c4434327495","2021-11-24 12:48:43.312"
"ALB","271.180","1","271.550","1","44","270.45","fad9e553-d373-4bfc-93a2-73ffd8f1dc49","2021-11-24 12:48:43.312"
"ALB","271.230","1","271.470","1","44","270.45","93079d99-1a1a-4259-9f77-ff07391eb149","2021-11-24 12:48:43.312"
"ALB","271.190","1","271.470","1","44","270.45","5958a7a9-fc44-4045-92ab-1d2dcc45a213","2021-11-24 12:48:43.312"
"ALB","271.190","1","271.470","1","44","270.45","283ed2b0-0d50-49f8-b01f-bc88aef63e11","2021-11-24 12:48:43.312"
"ALB","271.290","1","271.760","2","44","270.45","e71e7ec2-e3dc-4aaf-a187-b6500a53b054","2021-11-24 12:48:43.312"
"ALB","271.190","1","271.410","1","44","270.45","e26da7c5-8754-47a8-946c-1e67ee3e9425","2021-11-24 12:48:43.312"
"ALB","271.040","2","271.290","2","44","270.45","2518f6a8-50b7-486e-9711-614c2e957251","2021-11-24 12:48:43.312"
"ALB","270.510","2","270.760","3","-44","270.76","cdbf6331-77d0-45bd-935e-fbfb55acce0c","2021-11-24 12:49:06.665"
"ALB","270.780","2","271.070","3","-44","271.07","35a4ec82-b875-4731-b85e-7a289f200334","2021-11-24 12:50:01.518"
"ALB","270.780","2","271.070","3","-44","271.07","ba93dbc1-0a4b-4f8b-8061-4aa4b9ede265","2021-11-24 12:50:01.518"
"ALB","270.780","2","271.070","3","-44","271.07","14b6522b-663b-48c4-a477-6b736fc84fd4","2021-11-24 12:50:01.518"
"ALB","270.850","1","271.070","3","-44","271.07","b15a2267-3ce6-4285-a88c-d37c1f1a64b5","2021-11-24 12:50:11.283"
"ALB","270.850","1","271.070","3","-44","271.07","8c76be85-a7fb-4948-ac2f-7172f32ae3f3","2021-11-24 12:50:11.283"
"ALB","270.850","1","271.070","3","-44","271.07","c8320c41-c61d-4f13-be9f-b73092d9d8ad","2021-11-24 12:50:11.283"
"ALB","270.860","1","271.070","3","-44","271.07","04fecc43-afa6-4280-9258-c14a13bb826e","2021-11-24 12:50:45.906"
"ALB","270.990","1","271.350","1","-44","271.35","54aa4c80-2ab6-430e-87a5-2afe364a3902","2021-11-24 12:51:11.299"
"ALB","270.880","2","271.030","2","-44","271.03","d3e951fe-9e04-4672-9e25-661ddfcfa4c5","2021-11-24 12:51:40.798"
"ALB","273.380","1","273.530","3","43","273.29","433c81c9-fdf6-4954-9844-a45fdf5749f3","2021-11-24 13:45:26.668"
"ALB","273.250","2","273.450","1","43","273.29","ebe71320-32d2-484c-8834-a89ab3f4d84a","2021-11-24 13:45:26.668"
"ALB","273.530","1","273.770","1","-43","273.78","c3728976-fe08-45f9-8e7c-d4f36441f436","2021-11-24 13:47:59.727"
"ALB","273.530","2","273.780","1","-43","273.78","ce4e8a10-0ea6-42a4-a353-7cf5a161789c","2021-11-24 13:49:02.103"
"ALB","273.590","1","273.780","2","43","273.39","f215d6bb-54e1-482f-8388-bf7eefac6e99","2021-11-24 13:51:05.911"
"ALB","273.580","2","273.780","2","43","273.39","413c4cb5-2d91-45e2-aabd-c85d280035ec","2021-11-24 13:51:05.911"
"ALB","273.590","1","273.780","2","43","273.39","a8a61acc-58df-4617-90c7-7e76dda56b87","2021-11-24 13:51:05.911"
"ALB","273.580","2","273.780","1","43","273.39","0f947f46-733b-4b5a-9b92-cba3269d79bf","2021-11-24 13:51:05.911"
"ALB","273.580","2","273.780","2","43","273.39","bf9b5d44-e9e8-4dea-ae2d-7bc679770114","2021-11-24 13:51:05.911"
"ALB","273.340","2","273.550","3","-43","273.55","eddc709f-756a-415c-9c8e-aefae699b7ca","2021-11-24 13:53:42.041"
"ALB","273.340","2","273.550","3","-43","273.55","d7ae24c1-d5aa-4b15-ac41-307db7dbe903","2021-11-24 13:53:42.041"
"ALB","273.340","2","273.550","3","-43","273.55","07fcfd4a-6ec6-4bd8-aa61-7a4a5d6fea03","2021-11-24 13:53:42.041"
"ALB","273.340","2","273.550","3","-43","273.55","d3cc4848-f01d-4222-8aa8-73b4dfff5f03","2021-11-24 13:53:42.041"
"ALB","273.340","2","273.550","2","-43","273.55","99071404-a406-436c-9901-098e9536b2fd","2021-11-24 13:53:42.041"
"ALB","273.580","2","273.780","2","43","273.27","832a5c23-3b57-4220-9546-32adf48c14a3","2021-11-24 13:56:27.042"
"ALB","273.400","1","273.630","2","43","273.02","fe01d4c5-68aa-4fb0-af5e-538aa43e12b2","2021-11-24 13:59:51.442"
"ALB","273.550","2","273.700","2","43","273.00","62d45e51-4669-444e-b89c-1918a26688c0","2021-11-24 13:59:51.442"
"ALB","273.550","1","273.700","2","43","273.00","65f063e7-2a39-4667-aae9-1c40ea95c2bb","2021-11-24 13:59:51.442"
"ALB","273.550","3","273.700","2","43","273.00","cb91e601-bde3-4680-bd6a-06c7f362d959","2021-11-24 13:59:51.442"
"ALB","273.550","3","273.700","2","43","273.00","13885c6e-9be7-422c-9965-3f0ca2ecba2e","2021-11-24 13:59:51.442"
"ALB","273.550","3","273.700","2","43","273.00","96543d59-9b76-48c5-98ca-4fe7bddc95d9","2021-11-24 13:59:51.442"
"ALB","273.550","3","273.700","2","43","273.00","4b0896bf-920a-4a73-8f05-ffcc4b2f1e43","2021-11-24 13:59:51.442"
"ALB","273.330","1","273.610","2","43","273.00","af39e757-5051-4389-813a-2befb4f6d9b4","2021-11-24 13:59:51.442"
"ALB","273.330","1","273.610","2","43","273.00","68b2f486-c37a-4950-8d93-b9bfbe0bbd46","2021-11-24 13:59:51.442"
"ALB","273.130","1","273.340","1","-43","273.34","60dbbbea-cebb-4e4b-bfb9-2502a8db6304","2021-11-24 14:02:20.522"
"ALB","273.130","1","273.340","1","-43","273.34","f757d9fa-a458-41ed-81aa-a84e49b6b63d","2021-11-24 14:02:20.522"
"ALB","273.130","1","273.340","1","-43","273.34","378bc180-15ea-4c34-a7ae-5f4cf1bfc6d9","2021-11-24 14:02:20.522"
"ALB","273.260","1","273.510","1","-43","273.58","605fc126-07b1-4e2c-b599-bad7864e06ca","2021-11-24 14:02:30.605"
"ALB","273.260","1","273.510","1","-43","273.58","fa88fd12-04dd-4850-8dae-db3ebb10f0f8","2021-11-24 14:02:30.605"
"ALB","273.260","1","273.510","1","-43","273.58","dbb87fa4-0355-4c35-a591-02af7800f711","2021-11-24 14:02:30.605"
"ALB","273.260","1","273.510","1","-43","273.58","e276f780-3839-48ac-8b3e-282f2c09dfb4","2021-11-24 14:02:30.605"
"ALB","273.480","1","273.750","2","-43","273.75","6981417d-c383-411e-a654-6727bb5ded3c","2021-11-24 14:03:00.141"
"ALB","273.090","3","273.400","2","-43","273.40","745b1cd9-498b-43f0-9c06-a0c66e94fb0c","2021-11-24 14:05:13.792"
"ALB","273.170","1","273.400","2","-43","273.40","939f3088-af41-41f7-a6df-eb9a81f54e11","2021-11-24 14:06:11.632"
"ALB","273.470","1","273.680","2","43","273.26","abf07b52-b248-4327-8a8e-cb7d1e601337","2021-11-24 14:07:55.431"
"ALB","273.300","2","273.680","3","43","273.26","02e5b884-50f3-4411-99cf-f05607fa218e","2021-11-24 14:07:55.431"
"ALB","273.300","1","273.680","3","43","273.26","f1f82d55-0f65-428f-b388-6058957e5c1c","2021-11-24 14:07:55.431"
"ALB","273.300","1","273.680","3","43","273.26","ba9265d3-a741-4fe0-a19d-cdb15e70c75d","2021-11-24 14:07:55.431"
"ALB","273.290","1","273.680","2","43","273.26","37ca778b-78cc-4576-8792-4872582f5d66","2021-11-24 14:07:55.431"
"ALB","273.320","1","273.640","3","43","272.77","b916da41-0429-4338-a39e-4b8872105713","2021-11-24 14:07:55.605"
"ALB","273.390","1","273.640","4","43","272.77","1aebecb8-6b3a-495b-96ab-d24dbac3f06c","2021-11-24 14:07:55.605"
"ALB","273.400","1","273.640","4","43","272.77","34b29204-61c2-4f31-a0af-e3bf584af4dc","2021-11-24 14:07:55.605"
"ALB","272.420","3","272.710","2","-43","272.71","219eecf3-81ce-4f5e-8f59-25aa83073ccc","2021-11-24 14:10:00.030"
"ALB","272.420","3","272.710","2","-43","272.71","da7cd24c-7629-491f-b066-4ca73f32832c","2021-11-24 14:10:00.030"
"ALB","272.420","3","272.710","2","-43","272.71","28cfed50-c05c-4ef5-983e-94a57dc35043","2021-11-24 14:10:00.030"
"ALB","272.420","3","272.710","2","-43","272.71","299241c5-ba5a-4998-a80c-31f7754e23be","2021-11-24 14:10:00.030"
"ALB","272.420","3","272.710","2","-43","272.71","faf424fc-adf8-4c9e-ba69-6bcf7d802f61","2021-11-24 14:10:00.030"
"ALB","272.420","3","272.710","2","-43","272.71","6d83fc3e-6883-46f2-8a80-ed98a37c7427","2021-11-24 14:10:00.030"
"ALB","272.420","3","272.710","2","-43","272.71","18883189-f91a-406d-b1f4-7e2c4f549964","2021-11-24 14:10:00.030"
"ALB","272.970","1","273.190","1","44","272.30","bcad608a-edb5-4b34-ac42-e1c4da0b8bd0","2021-11-24 14:10:21.454"
"ALB","272.970","1","273.190","1","44","272.30","f7a7ebea-2573-4cdb-9b2f-efe22144fe4c","2021-11-24 14:10:21.454"
"ALB","272.910","2","273.150","3","44","272.12","3cb20793-1602-42a9-bb0f-57ced348be88","2021-11-24 14:10:33.088"
"ALB","272.750","1","273.030","3","44","272.12","221050be-e219-4774-9566-388eac0cd369","2021-11-24 14:10:33.088"
"ALB","272.140","2","272.450","2","-43","272.45","d94bbf1b-5239-4da7-bbc3-f279bef6ba90","2021-11-24 14:12:17.441"
"ALB","272.540","4","272.820","1","-44","272.82","6ffda867-f96b-4cdb-80f0-3249d1cb6d69","2021-11-24 14:13:04.653"
"ALB","272.540","4","272.820","1","-44","272.82","dc7cd073-5457-4cce-90f7-c0d8b3fb6eb4","2021-11-24 14:13:04.653"
"ALB","272.610","5","272.820","1","-44","272.82","dd2de804-f21b-4d99-969b-2e501b1eb392","2021-11-24 14:13:10.419"
"ALB","272.660","2","273.020","1","-44","273.02","d3219a97-1099-442e-a837-1da2993a6bab","2021-11-24 14:15:24.576"
"ALB","273.000","1","273.280","1","43","273.07","6a0f77cb-1e44-4c5e-a0df-18f1f1796c88","2021-11-24 14:26:49.352"
"ALB","273.010","1","273.260","1","43","273.07","8df60223-6020-447c-873d-cc9af2ac718f","2021-11-24 14:26:49.352"
"ALB","273.010","1","273.260","1","43","273.07","5f2ec8e6-da74-430a-be09-c52882d17741","2021-11-24 14:26:49.352"
"ALB","272.990","1","273.280","1","43","272.98","dd84be2d-1945-4ccf-b07a-6c7e711fb36f","2021-11-24 14:27:32.276"
"ALB","272.990","1","273.280","1","43","272.98","f66532a8-6526-4d20-8629-b218914a9fba","2021-11-24 14:27:32.276"
"ALB","272.990","1","273.280","1","43","272.98","8ebbb189-d977-49ab-91de-a9b81e3e07da","2021-11-24 14:27:32.276"
"ALB","273.050","1","273.380","1","43","272.92","f9179f47-8499-423d-981a-14522f05b97e","2021-11-24 14:27:32.276"
"ALB","272.490","2","272.840","2","-43","272.84","760abee8-11e3-4f8a-a009-cef9b18b2cbd","2021-11-24 14:30:34.998"
"ALB","272.490","2","272.840","2","-43","272.84","32b979fa-d7e3-442b-a37a-9b244b5c8f69","2021-11-24 14:30:34.998"
"ALB","272.490","2","272.840","2","-43","272.84","98573fa7-bd20-48b5-b895-9fc548a4b029","2021-11-24 14:30:34.998"
"ALB","272.650","1","272.890","2","-43","272.89","b9970d06-997f-453d-91c2-cdb3ece57909","2021-11-24 14:30:34.998"
"ALB","272.650","1","272.890","2","-43","272.89","5c67516b-aed8-4ef9-a028-6734ae221a2b","2021-11-24 14:30:34.998"
"ALB","272.650","1","272.890","2","-43","272.89","2bac235c-59be-4ab1-bcb7-7fb1a132e16b","2021-11-24 14:30:34.998"
"ALB","272.650","1","272.890","2","-43","272.89","5d8b50c1-855c-4e24-861f-0cf8be99d791","2021-11-24 14:30:34.998"
"ALB","273.200","2","273.330","1","43","273.21","0016f2f4-d63f-4e34-8393-dae090d56c9e","2021-11-24 14:41:27.075"
"ALB","273.200","2","273.330","1","43","273.21","f20a2c2b-186d-4248-a9d0-88d2f82981a3","2021-11-24 14:41:27.075"
"ALB","273.270","2","273.580","1","43","273.14","53d99f17-ca6c-4344-bf99-c93aafe52915","2021-11-24 14:41:34.468"
"ALB","273.270","2","273.580","1","43","273.14","7d93e864-35dd-4953-912c-c2a71332c5db","2021-11-24 14:41:34.468"
"ALB","273.270","2","273.580","3","43","273.14","1a84dd63-78f0-4646-8b96-5f09b01a5531","2021-11-24 14:41:34.468"
"ALB","273.270","2","273.570","2","43","273.14","8afa33ce-99bb-4b02-962c-b6bc0493c360","2021-11-24 14:41:34.468"
"ALB","273.270","2","273.560","2","43","273.14","7b3d5cfe-18dc-48c8-b6a8-57147c567633","2021-11-24 14:41:34.468"
"ALB","273.380","1","273.560","2","43","273.14","4d35d2a2-0115-4433-b2d0-f0de2aa64127","2021-11-24 14:41:34.468"
"ALB","273.380","1","273.560","1","43","273.14","0f8759f1-ecea-4ece-b7b4-27fd288e5450","2021-11-24 14:41:34.468"
"ALB","273.170","1","273.340","1","43","273.14","5a1c69e6-aa79-4671-b23f-3372730fb898","2021-11-24 14:41:34.468"
"ALB","273.130","1","273.330","1","-43","273.33","96c224af-647d-4e62-9a6f-7fc5fb3e2f82","2021-11-24 14:42:25.643"
"ALB","273.130","1","273.330","1","-43","273.33","76a1b37a-78f3-464d-8dc9-ef07f0f1a7ab","2021-11-24 14:42:25.643"
"ALB","273.130","1","273.330","1","-43","273.33","0d2b5807-300e-4b04-bf67-81d357bf284d","2021-11-24 14:42:25.643"
"ALB","273.130","1","273.330","1","-43","273.33","8153bda3-6172-4857-8607-4e75b095d7cd","2021-11-24 14:42:25.643"
"ALB","273.130","1","273.330","1","-43","273.33","927896b1-1670-44ed-8126-c03a8c2b9e4c","2021-11-24 14:42:25.643"
"ALB","273.320","1","273.470","1","-43","273.53","931b083f-7af9-4b31-b55f-d980b4c714cd","2021-11-24 14:42:33.800"
"ALB","273.320","1","273.470","1","-43","273.53","03668cc5-dc9d-4196-b958-5545075d4cc0","2021-11-24 14:42:33.800"
"ALB","273.320","1","273.470","1","-43","273.53","3d29abe2-0cfe-4a14-a063-a40dcfc7260f","2021-11-24 14:42:33.800"
"ALB","273.360","2","273.690","1","-43","273.69","20985a69-c1cc-4603-a2b5-ad346ebb809b","2021-11-24 14:43:06.594"
"ALB","273.370","2","273.700","1","-43","273.70","86fa67c0-5dad-41f5-948b-8427c2641a9b","2021-11-24 14:43:11.501"
"ALB","274.410","1","274.570","1","43","273.66","4f897186-eeac-457e-9fff-4e647fa426f8","2021-11-24 15:32:10.226"
"ALB","274.410","1","274.570","3","43","273.66","5a24570d-23f5-4d90-9ebd-8b77a999e8a4","2021-11-24 15:32:10.226"
"ALB","274.040","2","274.280","2","43","273.66","0cd9e8ed-1e9b-4943-b03e-08ff982445b6","2021-11-24 15:32:10.226"
"ALB","274.410","1","274.560","1","43","273.54","18bf0a91-16fd-4b18-915c-95b0c3448bdb","2021-11-24 15:34:10.020"
"ALB","274.590","2","274.760","2","43","273.54","e8ddee87-f4e6-401c-8412-895329475951","2021-11-24 15:34:10.020"
"ALB","274.590","2","274.760","2","43","273.54","76bb19f1-f895-4fb8-a8e9-52307273abc2","2021-11-24 15:34:10.020"
"ALB","274.380","2","274.480","2","43","273.54","9199c307-c001-4215-9961-08bbf3e35d9b","2021-11-24 15:34:10.020"
"ALB","274.380","2","274.480","2","43","273.54","4ead335b-ef05-4a06-98c0-a562d1bdbd04","2021-11-24 15:34:10.020"
"ALB","274.380","2","274.480","3","43","273.54","d2fd47f8-f074-4c19-bf88-19981a65da57","2021-11-24 15:34:10.020"
"ALB","274.380","2","274.480","3","43","273.54","26556aad-1787-4492-a4b1-a49d0d5b7c14","2021-11-24 15:34:10.020"
"ALB","274.330","1","274.470","1","43","273.54","2d7a93b7-de6d-4b77-95c6-12a701ddd5e1","2021-11-24 15:34:10.020"
"ALB","274.350","1","274.490","1","43","273.54","84d1009f-24b2-4613-8eac-e84921c5ca0a","2021-11-24 15:34:10.020"
"ALB","274.370","1","274.570","1","43","273.54","81dac3b8-2fb7-41b4-8925-098c0be04f7b","2021-11-24 15:34:10.020"
"ALB","274.400","1","274.570","1","43","273.54","cbcf6b70-e3ac-4f7c-90be-8cedb3b72d93","2021-11-24 15:34:10.020"
"ALB","274.410","1","274.570","1","43","273.54","2f342108-b72d-4230-9dac-20323d490a15","2021-11-24 15:34:10.020"
"ALB","273.830","1","273.990","2","-645","273.83","2fda2a8c-d09c-49ce-a98c-bbfc28c8dd2f","2021-11-24 15:48:00.006"
"ALC","79.340","8","79.410","3","151","79.34","702030cf-8e26-47e6-8777-d2600616a351","2021-11-24 10:58:28.435"
"ALC","79.340","8","79.410","3","151","79.34","d368b042-1a75-44ce-b4f4-8ddc9af710fd","2021-11-24 10:58:28.435"
"ALC","79.400","8","79.450","3","151","79.31","f8829ea9-6b4f-4095-9a5e-13cda0e5c96a","2021-11-24 10:58:54.681"
"ALC","79.360","7","79.430","3","151","79.31","9e59af28-5e57-4aa8-98e0-e159bfa9ae28","2021-11-24 10:58:54.681"
"ALC","79.360","7","79.430","3","151","79.31","22d352ea-0c82-40cd-bd5a-b1bf1115e51d","2021-11-24 10:58:54.681"
"ALC","79.300","7","79.360","3","-151","79.36","a30d452c-5719-4847-a8d9-3326edf85fa8","2021-11-24 10:59:50.763"
"ALC","79.340","7","79.370","2","-151","79.37","a88b27f9-7864-433b-ae03-50baa5fdaaf6","2021-11-24 10:59:50.771"
"ALC","79.320","7","79.380","4","-151","79.38","43e39ef3-b01d-4a46-8a16-8c623f368046","2021-11-24 11:00:55.484"
"ALC","79.320","7","79.360","2","-151","79.36","dc9a1728-fb86-4484-ac43-9cc5b5fca35b","2021-11-24 11:03:54.662"
"ALC","79.320","7","79.360","3","-151","79.36","4c5a41c4-6b23-4b98-9393-a218c5c8c529","2021-11-24 11:03:54.662"
"ALC","79.500","1","79.570","2","150","79.49","6ab94ec3-867b-4d9c-b208-f2d35055cb52","2021-11-24 11:43:26.696"
"ALC","79.500","1","79.570","2","150","79.49","c68155db-672c-4cb0-9038-8ee96352eceb","2021-11-24 11:43:26.696"
"ALC","79.500","1","79.570","2","150","79.49","1fbbd10d-e2fe-46fa-9bc1-882fe282394b","2021-11-24 11:43:26.696"
"ALC","79.500","1","79.550","2","150","79.49","0e0d93aa-baa7-4f7d-8243-9952af49b631","2021-11-24 11:43:26.696"
"ALC","79.560","3","79.630","1","-150","79.65","2dc05296-e784-4275-b78a-2680bbdcd9cb","2021-11-24 11:47:59.222"
"ALC","79.560","3","79.630","1","-150","79.65","04245026-e84c-4d29-a0f7-b3a86d6b1395","2021-11-24 11:47:59.222"
"ALC","79.570","2","79.650","2","-150","79.65","43c26b58-8192-4fb6-a9fc-effb88155375","2021-11-24 11:48:03.203"
"ALC","79.640","2","79.730","2","-150","79.73","d7f58e45-378d-4e4d-b56b-3baae79076e1","2021-11-24 11:49:17.488"
"ALC","79.700","1","79.730","3","150","79.67","4bcf95b4-97a7-4cc0-a44c-490c375ea6eb","2021-11-24 12:34:45.221"
"ALC","79.700","3","79.730","2","150","79.67","54c3b4bd-8160-4ffa-8b11-e68b9082cd9b","2021-11-24 12:34:45.221"
"ALC","79.700","3","79.730","2","150","79.67","e959ad2d-f7e9-46dc-908a-3a9700688c02","2021-11-24 12:34:45.221"
"ALC","79.670","3","79.720","1","-150","79.72","df1cc195-615d-4d04-a09c-3de348bcb2d8","2021-11-24 12:35:36.127"
"ALC","79.720","5","79.750","2","-150","79.75","c9966509-68b9-4174-ba31-f804c63d43eb","2021-11-24 12:40:42.228"
"ALC","79.740","5","79.770","2","-150","79.77","e42bd2bc-495d-4374-b114-a5fe773ffe22","2021-11-24 12:41:11.203"
"ALC","79.790","1","79.850","1","150","79.74","c3679b54-b54f-4f0c-b113-000ac50c54cc","2021-11-24 13:11:25.118"
"ALC","79.790","1","79.850","1","150","79.74","6dd7aa3d-2549-4f36-b8e8-fdcbd4f169ec","2021-11-24 13:11:25.118"
"ALC","79.790","1","79.850","1","150","79.74","f713c0fd-1789-487f-a496-049893559903","2021-11-24 13:11:25.118"
"ALC","79.790","1","79.850","3","150","79.74","8424736c-b3ad-4f76-b957-606f9ec87855","2021-11-24 13:11:25.118"
"ALC","79.790","1","79.850","3","150","79.74","cabfd54c-33da-4b2d-9fee-735b15d003d8","2021-11-24 13:11:25.118"
"ALC","79.790","1","79.850","3","150","79.74","50b47b65-6dcc-47af-825f-e7768b6b49b9","2021-11-24 13:11:25.118"
"ALC","79.790","1","79.850","3","150","79.74","e3f6f507-1d39-4510-b804-5124a3d9ed60","2021-11-24 13:11:25.118"
"ALC","79.790","1","79.850","3","150","79.74","e8058171-4aa7-4025-82c0-8463763d193c","2021-11-24 13:11:25.118"
"ALC","79.840","1","79.850","2","150","79.74","92f563e7-5e81-4543-bc77-135c1d5b44b5","2021-11-24 13:11:25.118"
"ALC","79.820","1","79.850","2","150","79.74","e66613f1-bf97-4815-8ac6-39f7f2fb8909","2021-11-24 13:11:25.118"
"ALC","79.820","1","79.850","2","150","79.72","a64be2a7-eb48-4c03-a1ef-48f7987e0ee9","2021-11-24 13:14:30.293"
"ALC","79.820","1","79.850","2","150","79.72","50d18c2c-48f2-4ce3-88a6-e9b1f1b03196","2021-11-24 13:14:30.293"
"ALC","79.820","1","79.850","3","150","79.70","bd1d8c29-f1db-469a-a08f-7304fb859093","2021-11-24 13:14:31.966"
"ALC","79.700","2","79.770","3","-150","79.77","d6a38e1e-b633-4a9b-96d0-d4d8ad89fe78","2021-11-24 13:15:00.026"
"ALC","79.700","2","79.770","3","-150","79.77","32156ec3-26b8-4666-9083-bbac17d80d1a","2021-11-24 13:15:00.026"
"ALC","79.700","2","79.770","3","-150","79.77","f2948f1f-534b-4893-9247-37210c5dbb89","2021-11-24 13:15:00.026"
"ALC","79.700","2","79.770","3","-150","79.77","8d950d39-3591-44d2-be17-1df41cc08aa7","2021-11-24 13:15:00.026"
"ALC","79.700","2","79.770","3","-150","79.77","0541262f-5f82-46ae-9dcc-05372194f24a","2021-11-24 13:15:00.026"
"ALC","79.700","2","79.770","3","-150","79.77","1b520da0-51b0-4375-8a9c-01c6ce58c2c8","2021-11-24 13:15:00.026"
"ALC","79.720","1","79.770","3","-150","79.77","4e3e7b82-953a-45bf-a3ac-d16c3c9c8973","2021-11-24 13:15:00.026"
"ALC","79.760","1","79.800","3","-150","79.80","e2ed2f43-00ac-46fc-9a27-fd42b425ab5c","2021-11-24 13:15:00.077"
"ALC","79.760","1","79.800","3","-150","79.80","1bb48241-effa-4672-8d60-be07befb65a8","2021-11-24 13:15:00.077"
"ALC","79.760","1","79.800","3","-150","79.80","17b88168-08c8-403d-b9a5-e34d59a0464d","2021-11-24 13:15:00.077"
"ALC","79.800","1","79.830","2","-150","79.83","44b70daf-d240-49bc-8589-73b4797efc20","2021-11-24 13:18:50.791"
"ALC","79.820","1","79.860","1","-150","79.86","f227f73a-cad1-4589-bfde-d24756396737","2021-11-24 13:21:00.277"
"ALC","79.840","1","79.860","5","-150","79.86","fca88e17-57fe-422e-9a47-7ccf9b43520a","2021-11-24 13:28:32.588"
"ALC","79.830","5","79.880","2","150","79.76","f0247321-6727-4e51-a673-3b719187746b","2021-11-24 13:39:12.533"
"ALC","79.830","5","79.880","2","150","79.76","eef24eb8-cfc0-47ff-9a6d-5ecd519d53c2","2021-11-24 13:39:12.533"
"ALC","79.830","5","79.880","3","150","79.76","197e2025-1e9c-46f2-a1ac-33d85ed49169","2021-11-24 13:39:12.533"
"ALC","79.870","1","79.900","1","150","79.74","12a78950-0baa-48ac-a492-e21ff6419432","2021-11-24 13:40:17.152"
"ALC","79.870","1","79.900","1","150","79.74","e46b372c-1f71-407d-8a20-7d23fe49e8cd","2021-11-24 13:40:17.152"
"ALC","79.850","1","79.900","2","150","79.74","074641fc-9f2d-4b2c-99db-37767e440471","2021-11-24 13:40:17.152"
"ALC","79.850","1","79.900","1","150","79.74","66e243ea-ba24-4041-8de4-75221f223c7e","2021-11-24 13:40:17.152"
"ALC","79.870","1","79.900","2","150","79.74","18f4c48f-c57d-45f8-9a55-bc39644ce96e","2021-11-24 13:40:17.152"
"ALC","79.870","1","79.900","2","150","79.74","05274959-6a6a-43ad-9da6-6701e68b42be","2021-11-24 13:40:17.152"
"ALC","79.850","1","79.900","2","150","79.74","983f2fd0-c1f0-4942-a4f4-ff7bb925ea19","2021-11-24 13:40:17.152"
"ALC","79.830","3","79.880","3","150","79.74","2b710301-93a6-46ff-afcd-4f767d70ff3d","2021-11-24 13:40:17.152"
"ALC","79.820","3","79.850","2","150","79.70","6f08fda4-d4d5-41be-a508-3793e697588e","2021-11-24 13:40:24.479"
"ALC","79.820","3","79.850","2","150","79.70","a746698c-b8c1-4f54-a14c-a726b82220ea","2021-11-24 13:40:24.479"
"ALC","79.830","3","79.880","3","150","79.70","ac585155-3c8b-4f54-a9a0-76674e8b2e11","2021-11-24 13:40:24.479"
"ALC","79.830","3","79.880","2","150","79.70","31d94e9a-a965-46a6-8199-9671e191ef9d","2021-11-24 13:40:24.479"
"ALC","79.840","1","79.890","1","150","79.70","e3faf887-746c-4d54-b52d-c6343b3f78dd","2021-11-24 13:40:24.479"
"ALC","79.840","2","79.900","2","150","79.70","f8f5ccec-74fb-4e00-b599-909e82af42f1","2021-11-24 13:40:24.479"
"ALC","79.830","2","79.880","2","150","79.70","24a0cc95-8b0d-4a28-94a3-15f1db0a5d28","2021-11-24 13:40:24.479"
"ALC","79.630","1","79.680","1","-150","79.68","1e79754d-0800-4242-8a55-11040cbfa3e9","2021-11-24 13:49:00.552"
"ALC","79.630","1","79.680","1","-150","79.68","e92f7f49-c5d7-46f4-baed-8a682d8d3f9d","2021-11-24 13:49:00.552"
"ALC","79.630","1","79.680","1","-150","79.68","d7e6a66e-6dff-4edb-bd6a-f357ed4635d8","2021-11-24 13:49:00.552"
"ALC","79.630","1","79.680","1","-150","79.68","9d80c628-ddf4-4e0b-86f7-484438042a27","2021-11-24 13:49:00.552"
"ALC","79.630","1","79.680","1","-150","79.68","bc5663bf-c770-4c09-befa-81766c6c0f2e","2021-11-24 13:49:00.552"
"ALC","79.630","1","79.680","1","-150","79.68","a1222b6f-f4ab-48c6-9358-e6645640b601","2021-11-24 13:49:00.552"
"ALC","79.630","1","79.680","1","-150","79.68","cd9bbc77-b38a-4e95-8836-251ebe3fc9cf","2021-11-24 13:49:00.552"
"ALC","79.630","1","79.680","1","-150","79.68","631083d8-31ec-4d21-9ace-c09ad3012346","2021-11-24 13:49:00.552"
"ALC","79.630","1","79.680","1","-150","79.68","b545aba5-3a3f-4b11-8aca-717074ce0397","2021-11-24 13:49:00.552"
"ALC","79.630","1","79.680","1","-150","79.68","775ae80b-eeee-48b7-afd7-10daa72eb41b","2021-11-24 13:49:00.552"
"ALC","79.630","1","79.680","1","-150","79.68","8f124c3d-d4d5-4a1c-ab97-f9716f328248","2021-11-24 13:49:00.552"
"ALC","79.630","1","79.680","1","-150","79.68","e9cf46c4-d549-405e-b462-31899b626614","2021-11-24 13:49:00.552"
"ALC","79.630","1","79.680","1","-150","79.68","93610149-6111-41f5-84a6-18ac7428c9ba","2021-11-24 13:49:00.552"
"ALC","79.630","1","79.680","1","-150","79.68","baa4ac87-b59a-47ab-8f70-bce87417da47","2021-11-24 13:49:00.552"
"ALC","79.630","1","79.680","1","-150","79.68","9c306d47-5115-4cb5-bd55-2b45616d4ff8","2021-11-24 13:49:00.552"
"ALC","79.630","1","79.680","1","-150","79.68","4e48a2cc-3f32-4b56-a533-d14360582471","2021-11-24 13:49:00.552"
"ALC","79.640","3","79.690","1","-150","79.69","2aed23a7-a347-4b71-8140-74b3ee039fac","2021-11-24 13:56:43.394"
"ALC","79.630","1","79.700","1","-150","79.70","28b0825d-8e46-4521-ab55-2d1c3bffee43","2021-11-24 13:57:19.756"
"ALC","79.690","1","79.760","3","150","79.65","fef327e5-6231-4b10-a125-d2c5cc74a8ed","2021-11-24 14:08:14.991"
"ALC","79.590","2","79.720","2","150","79.58","8216f6b2-46ac-4f6b-9a4d-911e381f0ec8","2021-11-24 14:10:57.228"
"ALC","79.680","1","79.770","2","150","79.58","6f801bb2-0227-4625-b606-ba405aad58a1","2021-11-24 14:10:57.228"
"ALC","79.680","1","79.770","2","150","79.58","2cb5f9f5-b2ac-4e03-ad95-adb820424bda","2021-11-24 14:10:57.228"
"ALC","79.680","1","79.770","2","150","79.58","9289417c-235c-43f5-856f-682e2aea1f68","2021-11-24 14:10:57.228"
"ALC","79.680","1","79.760","1","150","79.58","65adbe45-314d-4065-8b48-69a324aaecc4","2021-11-24 14:10:57.228"
"ALC","79.680","1","79.760","1","150","79.58","01926ecf-e023-456d-a9a4-4abed6865d5d","2021-11-24 14:10:57.228"
"ALC","79.690","1","79.760","3","150","79.58","72e60665-6e42-4c80-a0df-8c9fc565135f","2021-11-24 14:10:57.228"
"ALC","79.580","1","79.640","2","-150","79.64","f9722e5a-2833-47fe-921a-7fb4ea01c0c6","2021-11-24 14:12:25.346"
"ALC","79.610","1","79.650","2","-150","79.65","860ccacf-d4b7-452a-95c6-895cf6f7f558","2021-11-24 14:13:35.186"
"ALC","79.610","1","79.650","2","-150","79.65","0516c9f2-94a8-4036-b446-f03dee7ade89","2021-11-24 14:13:35.186"
"ALC","79.610","1","79.650","2","-150","79.65","a5730532-bfbe-46c1-977e-4185fd385e08","2021-11-24 14:13:54.028"
"ALC","79.650","3","79.700","3","-150","79.70","74171574-6c27-418d-9424-c27bb099b763","2021-11-24 14:15:04.151"
"ALC","79.650","3","79.700","3","-150","79.70","4692c0ca-ce04-49f8-8732-7718e176ba54","2021-11-24 14:15:04.151"
"ALC","79.680","2","79.730","1","-150","79.73","710a8ae3-8cdc-4d5a-9422-2eedc45ec825","2021-11-24 14:16:14.471"
"ALC","79.700","1","79.730","1","-150","79.74","b6151dd6-49ca-4502-b8d1-83e55fafb467","2021-11-24 14:16:27.010"
"ALC","80.000","1","80.030","2","150","79.85","85fbb0b4-312b-41ee-989a-8ec57c776452","2021-11-24 14:59:07.334"
"ALC","79.990","1","80.010","1","150","79.85","11f4f2b3-6af5-4bfe-b6dd-8d797623855b","2021-11-24 14:59:07.334"
"ALC","79.990","1","80.010","1","150","79.85","6dd1b84e-57bc-4fe1-be46-2c3c18243015","2021-11-24 14:59:07.334"
"ALC","79.990","1","80.010","3","150","79.85","0fabcef7-f0e2-49ee-9286-b2f529456914","2021-11-24 14:59:07.334"
"ALC","79.950","1","80.010","3","150","79.85","d6a21161-941c-4dea-864d-c68a4d43e7d2","2021-11-24 14:59:07.334"
"ALC","79.950","1","80.000","4","150","79.85","f89eecfc-3ee0-4bff-aaec-33533e2ef9ea","2021-11-24 14:59:07.334"
"ALC","79.950","1","80.000","4","150","79.85","092eb249-65b3-4062-8d8b-b6c0214f2d43","2021-11-24 14:59:07.334"
"ALC","79.950","1","80.000","4","150","79.85","52ddb7d5-5834-4927-9670-e09373fe3d50","2021-11-24 14:59:07.334"
"ALC","79.950","1","80.000","4","150","79.85","3ee01aa3-8f7d-4612-a496-bcd3fa0a2d51","2021-11-24 14:59:07.334"
"ALC","79.820","2","79.890","3","-150","79.89","3cdae79a-d7fe-490c-8491-fa7455f3a6ba","2021-11-24 15:02:11.872"
"ALC","79.950","5","80.000","6","150","79.82","5e0bebe2-760d-4152-b7f7-da144c499ce5","2021-11-24 15:02:13.382"
"ALC","79.950","5","80.000","6","150","79.82","59e14a54-0466-495f-8b66-dc659cdcd9db","2021-11-24 15:02:13.382"
"ALC","79.950","5","80.000","6","150","79.82","442e3003-53c4-4ab7-a690-6844fb8afc21","2021-11-24 15:02:13.382"
"ALC","79.950","5","80.000","6","150","79.82","be826f75-be68-4cc1-b055-f85233a0b6b4","2021-11-24 15:02:13.382"
"ALC","79.950","5","80.000","6","150","79.82","9105c960-dd72-46f4-ab8c-42eefeb01873","2021-11-24 15:02:13.382"
"ALC","79.950","5","80.000","6","150","79.82","c7098cec-224a-414b-9214-ffaf9e0771d3","2021-11-24 15:02:13.382"
"ALC","79.870","1","79.930","3","150","79.82","5549b1f2-0d22-4639-b590-6a33dce6ae03","2021-11-24 15:02:13.382"
"ALC","79.830","2","79.880","2","-150","79.88","c73716f8-8852-4cff-9bfb-ebf9ff865a57","2021-11-24 15:06:18.219"
"ALC","79.830","2","79.880","2","-150","79.88","0d4875e7-d549-4706-b932-30b9c0d184b5","2021-11-24 15:06:18.219"
"ALC","79.830","2","79.880","2","-150","79.88","f246c096-7551-4faf-b4c9-56aa1be4b224","2021-11-24 15:06:18.219"
"ALC","79.830","2","79.880","2","-150","79.88","be21547c-2a7a-406b-bb3a-91d95afa2fa6","2021-11-24 15:06:18.219"
"ALC","79.830","2","79.880","2","-150","79.88","0338499d-8b71-4e85-be95-3c51e8abb2c6","2021-11-24 15:06:18.219"
"ALC","79.830","2","79.880","2","-150","79.88","ea00cf42-d51a-4678-a78b-9976905bd5ad","2021-11-24 15:06:18.219"
"ALC","79.830","2","79.880","2","-150","79.88","8d0a4571-7b39-444b-9442-80326934dbc3","2021-11-24 15:06:18.219"
"ALC","79.830","2","79.880","2","-150","79.88","6e86d612-1c53-4de5-8ddb-2aa648376d17","2021-11-24 15:06:18.219"
"ALC","79.830","1","79.880","2","-150","79.88","853158db-49d8-4feb-934b-749d9574e125","2021-11-24 15:06:18.219"
"ALC","79.830","1","79.880","2","-150","79.88","33811ad3-470b-472c-a94f-1ba24d1ef719","2021-11-24 15:06:18.219"
"ALC","79.830","1","79.880","2","-150","79.88","0e878b72-ced9-4d63-941d-1240e380aa00","2021-11-24 15:06:18.219"
"ALC","79.830","1","79.880","2","-150","79.88","22af61fc-a0a2-44a9-a181-fd576392afc9","2021-11-24 15:06:18.219"
"ALC","79.830","1","79.880","2","-150","79.88","29391351-f8b8-4351-9fa6-eafe36a464ac","2021-11-24 15:06:18.219"
"ALC","79.830","1","79.880","2","-150","79.88","e7296a48-5f13-478f-8704-57c3ddfe77ef","2021-11-24 15:06:18.219"
"ALC","79.830","1","79.880","2","-150","79.88","92ef153a-cd5c-4098-849c-81437838b6e8","2021-11-24 15:06:18.219"
"ALC","79.920","1","79.960","1","150","79.90","208f1e05-f4d0-4102-bbd1-9227441720cf","2021-11-24 15:29:16.399"
"ALC","79.910","1","79.960","3","150","79.90","37174955-54a8-47f7-acf3-25aa3fd0d5a0","2021-11-24 15:29:16.399"
"ALC","79.910","2","79.960","3","150","79.90","658521d2-a942-4df6-8ba8-087021c1077f","2021-11-24 15:29:16.399"
"ALC","79.910","2","79.960","3","150","79.90","23694ffe-76ab-416d-b003-e5342f387e80","2021-11-24 15:29:16.399"
"ALC","79.920","1","79.960","1","150","79.89","e6d29db0-4a09-44c6-8445-eada3c996082","2021-11-24 15:29:48.110"
"ALC","79.920","1","79.960","1","150","79.89","91507129-2a9f-49b8-b467-b16e00533279","2021-11-24 15:29:48.110"
"ALC","79.920","1","79.960","1","150","79.89","47ad08c4-33ff-4b2b-9843-a99bb1d05c66","2021-11-24 15:29:48.110"
"ALC","79.870","1","79.910","7","-1,050","79.87","32735aa9-e3e7-43a1-a837-84e6b5aba054","2021-11-24 15:48:00.006"
"AEE","85.610","1","85.660","1","140","85.66","7b449294-16ae-48c9-88fb-59d7ad210ced","2021-11-24 10:08:00.006"
"AEE","85.650","1","85.730","4","-140","85.73","ccb7a4eb-641a-494d-a8ce-58d00ae2da47","2021-11-24 10:08:38.132"
"AEE","85.740","5","85.810","3","140","85.51","48560899-1e2f-4aa1-85b9-077d57190178","2021-11-24 10:32:40.192"
"AEE","85.750","2","85.840","2","140","85.51","15beb8be-6dd8-4067-bc1e-a9dc0e09a02f","2021-11-24 10:32:40.192"
"AEE","85.480","2","85.540","1","-140","85.56","a8595949-35af-498b-9573-a7d623436446","2021-11-24 10:34:46.631"
"AEE","85.490","2","85.550","1","-140","85.56","fd9e84c9-8352-4d4c-9608-53a4b5f87af6","2021-11-24 10:34:46.631"
"AEE","85.590","1","85.650","1","140","85.47","bc2c2702-17a2-4ef7-8a03-84e876683227","2021-11-24 10:36:51.104"
"AEE","85.590","1","85.650","1","140","85.47","0d41905f-90f3-4902-969b-ffcccb5e4e1e","2021-11-24 10:36:51.104"
"AEE","85.570","1","85.640","1","140","85.47","c75bec9a-8862-42c3-a20e-f70b0a813fd7","2021-11-24 10:36:51.104"
"AEE","85.450","1","85.510","4","-140","85.51","b092cb76-4d7c-4a64-90ac-b31af4576eda","2021-11-24 10:37:39.264"
"AEE","85.450","1","85.510","4","-140","85.51","2a1c37b6-afa3-4676-91e4-d26d4b831ff7","2021-11-24 10:37:39.264"
"AEE","85.470","1","85.510","3","-140","85.51","4a38ea31-7ee8-494a-97cc-784ca7ed43ba","2021-11-24 10:38:31.026"
"AEE","85.720","3","85.760","3","140","85.64","a9c421f8-6422-424e-a053-9767fc24d6a0","2021-11-24 11:06:02.027"
"AEE","85.700","2","85.740","4","140","85.64","ccd1f49a-3e49-4cbe-abc3-bbe855e5702e","2021-11-24 11:06:02.027"
"AEE","85.700","2","85.740","4","140","85.64","658dde4e-b9e8-4211-90ca-07d9c7694283","2021-11-24 11:06:02.027"
"AEE","85.690","2","85.730","2","-140","85.73","240d1efe-eabc-4827-b3b9-75134bbfaf36","2021-11-24 11:16:12.716"
"AEE","85.680","4","85.720","1","140","85.56","817b36d5-d574-45ef-9250-db8bdf656429","2021-11-24 11:19:48.338"
"AEE","85.560","2","85.590","1","-140","85.59","cf3fed2d-8648-4e61-a6e2-304cb0116c86","2021-11-24 11:21:54.523"
"AEE","85.560","2","85.590","1","-140","85.59","386a5c93-96c4-468b-a216-401279f7fa3f","2021-11-24 11:21:54.523"
"AEE","85.560","2","85.590","1","-140","85.59","2c30122f-a4dc-4cdb-a542-c3fb74bd993d","2021-11-24 11:21:54.523"
"AEE","85.640","3","85.690","3","140","85.61","decc9256-a848-438c-8cce-424fdb7013c5","2021-11-24 11:30:11.261"
"AEE","85.640","3","85.690","3","140","85.61","c7e86d25-0e2d-4774-90f7-58145a163aaa","2021-11-24 11:30:11.261"
"AEE","85.640","2","85.680","1","-140","85.68","6b56461f-8ca3-4107-8358-a55a8cd1d213","2021-11-24 11:32:42.029"
"AEE","85.640","2","85.680","1","-140","85.68","9f09cc89-2f05-47aa-89cf-1a6231328c50","2021-11-24 11:32:42.029"
"AEE","85.650","2","85.690","2","140","85.64","ed280482-787a-41df-9754-5a6394851936","2021-11-24 11:37:07.952"
"AEE","85.670","4","85.720","2","140","85.64","73cfed5c-4803-4044-8545-13271697310a","2021-11-24 11:37:07.952"
"AEE","85.720","2","85.760","3","-140","85.76","e8cbf3e0-e14e-45a5-b95b-bcaf60d8d65a","2021-11-24 11:39:27.928"
"AEE","85.660","1","85.710","3","-140","85.71","5d24b894-db50-4c41-8558-3dde0b892efd","2021-11-24 11:40:41.833"
"AEE","85.720","2","85.750","3","140","85.58","76bb76d4-3534-4ce9-b114-33d89311209d","2021-11-24 11:52:44.433"
"AEE","85.610","3","85.650","2","-140","85.65","8c73cba1-7905-46ce-9beb-ccf5eb853cdc","2021-11-24 11:56:48.537"
"AEE","85.630","1","85.670","1","140","85.63","aba7cd66-1f61-4ed5-b605-489ca1e5b5f5","2021-11-24 11:57:48.035"
"AEE","85.630","1","85.670","1","140","85.63","6aaaa57b-33f9-4583-a4a7-49be4b008fcf","2021-11-24 11:57:48.035"
"AEE","85.680","1","85.730","5","140","85.56","2160effb-1def-4151-bb51-a92dc02f4756","2021-11-24 12:04:47.663"
"AEE","85.680","2","85.730","5","140","85.56","d8e89556-e16e-46ca-8fb4-9309a595f028","2021-11-24 12:04:47.663"
"AEE","85.680","1","85.730","3","140","85.56","7793f6d8-55f9-42b4-a190-f80d23c9c9fd","2021-11-24 12:04:47.663"
"AEE","85.680","2","85.720","1","140","85.56","aeb1b1c2-6b7f-4741-a6f0-8d6bc74451e7","2021-11-24 12:04:47.663"
"AEE","85.680","2","85.710","1","140","85.56","762bec92-7b43-4a75-9c1e-b1b4360b91bc","2021-11-24 12:04:47.663"
"AEE","85.680","2","85.710","1","140","85.56","91f253c1-b965-42c6-b907-8077c0965d8d","2021-11-24 12:04:47.663"
"AEE","85.670","3","85.720","3","140","85.56","039ac7d6-891d-420e-9703-e6e0cdfe4bca","2021-11-24 12:04:47.663"
"AEE","85.670","1","85.700","3","140","85.56","f0a4460b-d379-4e1d-ac07-9d33a8f58c54","2021-11-24 12:04:47.663"
"AEE","85.670","1","85.700","3","140","85.56","94c7673e-f0c1-4266-8d02-bde76740aec5","2021-11-24 12:04:47.663"
"AEE","85.650","3","85.690","1","140","85.56","717dcee0-5598-4332-9788-1fcdd56e63f3","2021-11-24 12:04:47.663"
"AEE","85.650","3","85.690","1","140","85.56","7d054ffa-0006-45c9-899b-a2e757b760df","2021-11-24 12:04:47.663"
"AEE","85.660","2","85.700","1","140","85.56","5ca6b79e-d25d-4479-9aba-f5f043ba4e62","2021-11-24 12:04:47.663"
"AEE","85.660","2","85.700","1","140","85.56","6c01d679-6919-484d-889e-ee280ba46156","2021-11-24 12:04:47.663"
"AEE","85.660","2","85.690","3","140","85.56","ae329236-7458-48f3-ab30-091ca7e6995c","2021-11-24 12:04:47.663"
"AEE","85.660","2","85.690","1","140","85.56","9879f6bd-4a21-4280-bc62-884d8b404a7c","2021-11-24 12:04:47.663"
"AEE","85.670","2","85.700","2","140","85.56","e3297ae0-9795-4d0c-a59f-c60ea5bf8a18","2021-11-24 12:04:47.663"
"AEE","85.570","1","85.600","2","-140","85.60","97875a58-b296-4907-83e1-bc8dfc5681df","2021-11-24 12:06:34.391"
"AEE","85.560","1","85.600","2","-140","85.60","3ead6679-12f4-4f9a-91d1-0fe64597d532","2021-11-24 12:06:34.391"
"AEE","85.590","2","85.630","3","-140","85.63","daf22262-42ef-48d9-9ccb-2dcf706eb1fd","2021-11-24 12:07:53.027"
"AEE","85.590","2","85.630","3","-140","85.63","4ad69e5b-1337-4b2c-80a7-e46415b1289b","2021-11-24 12:07:53.027"
"AEE","85.590","2","85.630","3","-140","85.63","2bc5e8ac-32b3-4df0-88b9-b15d7d607a12","2021-11-24 12:07:53.027"
"AEE","85.590","2","85.630","3","-140","85.63","1f38468c-e8af-40ff-8b8d-be0632e8afdd","2021-11-24 12:07:53.027"
"AEE","85.590","2","85.630","3","-140","85.63","a9d1b9d5-3ac1-45d8-be8f-500f197d1c92","2021-11-24 12:07:53.027"
"AEE","85.590","2","85.630","3","-140","85.63","4265a239-627f-4ba9-ab67-8b335a7375d7","2021-11-24 12:07:53.027"
"AEE","85.630","1","85.650","1","-140","85.65","352b5fc1-8942-4e49-825d-9c5e960ffd41","2021-11-24 12:08:08.222"
"AEE","85.630","1","85.650","1","-140","85.65","8b69781e-fd0e-4d37-b64a-230bc4449233","2021-11-24 12:08:08.222"
"AEE","85.630","1","85.650","1","-140","85.65","5b71ea84-f362-4122-8ebe-d4c15a7ac1b1","2021-11-24 12:08:08.222"
"AEE","85.630","1","85.650","1","-140","85.65","d3ecb3c1-01ad-46df-a17c-94ecc056055e","2021-11-24 12:08:08.222"
"AEE","85.630","1","85.650","1","-140","85.65","e04ed09c-5e97-4938-9409-c7d99566ed77","2021-11-24 12:08:08.222"
"AEE","85.630","1","85.660","1","-140","85.66","9f56d9d8-edf1-480f-918e-0ef88a0eed93","2021-11-24 12:08:20.312"
"AEE","85.640","1","85.670","1","-140","85.68","18682cb5-646c-422b-a19b-afb4491f415e","2021-11-24 12:08:37.106"
"AEE","85.640","1","85.670","1","-140","85.68","576e9191-ff44-46a1-a1f8-1c886093f858","2021-11-24 12:08:37.106"
"AEE","85.650","1","85.660","1","-140","85.66","e7fd4387-dcec-4a0a-9135-403b848b876a","2021-11-24 12:09:06.904"
"AEE","85.650","2","85.660","1","-140","85.66","568083ba-21c2-46a2-aecd-2c3e818a97a5","2021-11-24 12:09:10.627"
"AEE","85.770","1","85.810","3","139","85.74","bb1cf60d-1b0a-468c-8f71-6e52ab16709f","2021-11-24 12:53:08.330"
"AEE","85.770","1","85.810","3","139","85.74","51028a78-00a0-436a-b171-ef399261f6d7","2021-11-24 12:53:08.330"
"AEE","85.790","1","85.830","2","139","85.74","e9d65e5c-c044-4e19-8674-f0cf5f181ee6","2021-11-24 12:53:08.330"
"AEE","85.820","1","85.850","2","139","85.74","e32856e9-8c1d-4e5a-b37a-aa27951697c2","2021-11-24 12:53:08.330"
"AEE","85.780","3","85.810","1","-139","85.83","264ab9b2-8d39-4e18-bf30-87cb3f08a2ba","2021-11-24 12:54:07.949"
"AEE","85.820","2","85.860","4","-139","85.86","34784991-9a0e-405b-b239-d8bed1cf7cf0","2021-11-24 12:55:26.554"
"AEE","85.830","1","85.850","1","-139","85.85","28f0ade3-74ac-4483-86b6-7d043d14a836","2021-11-24 12:57:03.601"
"AEE","85.830","1","85.860","1","-139","85.86","69f5a831-b618-401b-ad2c-2ffa32876378","2021-11-24 12:58:00.022"
"AEE","85.920","1","85.950","1","139","85.88","c21e362e-e5a9-424e-a8e2-f36de44d1c3e","2021-11-24 13:46:04.330"
"AEE","85.920","1","85.950","1","139","85.88","c7060569-7a9d-490c-8ca0-f26b1393310e","2021-11-24 13:46:04.330"
"AEE","85.920","1","85.950","1","139","85.88","b6d602c7-abba-42a8-95c0-6f6c555a0409","2021-11-24 13:46:04.330"
"AEE","85.920","1","85.950","1","139","85.88","dd6b3056-2d92-4183-a42d-406b051179d4","2021-11-24 13:46:04.330"
"AEE","85.920","1","85.950","1","139","85.88","494a3763-8476-4da2-9197-eb37f301c9a4","2021-11-24 13:46:04.330"
"AEE","85.910","1","85.940","1","139","85.88","2a2e80a2-1369-458d-a4fc-56bb97ce1177","2021-11-24 13:46:04.330"
"AEE","85.910","1","85.940","1","139","85.88","9762a18f-99c0-49c4-a611-8aa8cbfac84b","2021-11-24 13:46:04.330"
"AEE","85.920","2","85.940","1","139","85.88","4117a7ce-2b1a-40ac-9edc-bdb77c0fdf87","2021-11-24 13:46:04.330"
"AEE","85.930","4","85.950","1","139","85.88","84036c7e-5c9b-4796-82a1-b8ff1ea7165c","2021-11-24 13:46:04.330"
"AEE","85.930","4","85.950","1","139","85.88","9c989c48-0367-4236-a2fb-29abc2c786f6","2021-11-24 13:46:04.330"
"AEE","85.940","3","85.970","2","139","85.88","c21af322-0927-4b32-9a4e-9c720cd9e0eb","2021-11-24 13:46:04.330"
"AEE","85.880","1","85.900","3","-139","85.90","38551981-3c09-4223-ae1e-2766df5a2610","2021-11-24 13:47:54.728"
"AEE","85.880","1","85.900","3","-139","85.90","ed6871b7-aa73-4667-bb6a-a05096602ed8","2021-11-24 13:47:54.728"
"AEE","85.880","1","85.900","3","-139","85.90","c3c6f6ba-7f3e-46c1-bb4d-ba32977419e1","2021-11-24 13:47:54.728"
"AEE","85.880","1","85.900","3","-139","85.90","702af7cc-4292-4d53-80ec-4577bc26593d","2021-11-24 13:47:54.728"
"AEE","85.880","1","85.900","3","-139","85.90","eab0a342-c40c-4a0a-85e2-3bb82c9b5a7b","2021-11-24 13:47:54.728"
"AEE","85.880","1","85.900","3","-139","85.90","f3080287-9166-42c0-a984-9ef2bf5104c6","2021-11-24 13:47:54.728"
"AEE","85.870","4","85.900","2","-139","85.90","661dc8af-33f9-4cd3-b23a-c0af22f80fce","2021-11-24 13:47:54.728"
"AEE","85.870","4","85.900","2","-139","85.90","86a15d10-ae44-413a-b295-83eb8f4dbbf2","2021-11-24 13:47:54.728"
"AEE","85.870","4","85.900","2","-139","85.90","0a33718a-5ee0-439e-8c7b-785348cf8bb0","2021-11-24 13:47:54.728"
"AEE","85.900","4","85.930","2","-139","85.94","43ba15ce-18d5-4532-936e-71c7451bed20","2021-11-24 13:48:17.731"
"AEE","85.900","4","85.930","2","-139","85.94","7f1c1043-b30a-4a95-9c38-4a1ebe158238","2021-11-24 13:48:17.731"
"AEE","85.940","4","85.970","1","139","85.88","20796b4b-8798-4a1e-9f8f-094e599e8688","2021-11-24 14:07:43.720"
"AEE","85.940","4","85.970","1","139","85.88","7f4c6f4b-3290-40f4-a93b-92ccd5902112","2021-11-24 14:07:43.720"
"AEE","85.950","1","85.990","2","139","85.88","d69c1007-21d4-414e-ba0f-f946ac820a14","2021-11-24 14:07:43.720"
"AEE","85.950","1","85.990","2","139","85.88","96072fc6-2f85-438b-9f21-6327d5a3179d","2021-11-24 14:07:43.720"
"AEE","85.950","1","85.990","2","139","85.88","d8fb9972-fa6f-454a-a404-8e198c344d88","2021-11-24 14:07:43.720"
"AEE","85.950","1","85.990","2","139","85.88","5111f7b0-79e0-4727-82be-5ae9da5851ce","2021-11-24 14:07:43.720"
"AEE","85.950","1","85.990","2","139","85.88","d19c3920-e86f-4c99-9695-b8855c1edc16","2021-11-24 14:07:43.720"
"AEE","85.950","1","85.990","2","139","85.88","545e0874-eaa6-49cf-9ed3-8f3264f7249e","2021-11-24 14:07:43.720"
"AEE","85.950","1","85.970","1","139","85.88","9e97227d-b14c-4219-acdf-c3a6b6a0d0dd","2021-11-24 14:07:43.720"
"AEE","85.920","1","85.960","3","139","85.88","082b0d80-8102-4833-bbab-6e43f4d67f39","2021-11-24 14:07:43.720"
"AEE","85.860","3","85.880","1","-139","85.88","1a5f1047-a9e3-4d3a-aa52-319bdb32dee6","2021-11-24 14:09:09.196"
"AEE","85.860","3","85.880","1","-139","85.88","f41c44d0-1bfa-4be6-94d2-16705d296b37","2021-11-24 14:09:09.196"
"AEE","85.860","3","85.880","1","-139","85.88","9fd471c1-80ea-4f52-a93b-166dd319e183","2021-11-24 14:09:09.196"
"AEE","85.860","3","85.880","1","-139","85.88","246ee16c-3bba-45ef-a976-fed21fd8d991","2021-11-24 14:09:09.196"
"AEE","85.860","3","85.880","1","-139","85.88","40078ff8-a0fc-41d9-bda6-baa2aecfccb2","2021-11-24 14:09:09.196"
"AEE","85.860","1","85.890","4","-139","85.90","f0f92781-214a-44d6-9252-7faf8ed29ae1","2021-11-24 14:10:15.207"
"AEE","85.870","3","85.910","3","-139","85.91","cd018aaf-de3d-4ea8-90f1-07188a5e67e7","2021-11-24 14:10:20.124"
"AEE","85.870","3","85.910","3","-139","85.91","dcc9b8e1-f3ea-48f4-b7ff-ade19dc003e7","2021-11-24 14:10:20.124"
"AEE","85.880","2","85.910","3","-139","85.91","92e04343-9279-441a-81cc-8d21f96d0939","2021-11-24 14:14:17.288"
"AEE","85.880","3","85.910","2","-139","85.91","1f0f0296-91a7-4077-8b38-d27613af5557","2021-11-24 14:14:17.288"
"AEE","86.150","2","86.180","3","139","86.06","35cd402c-4afe-46de-9c02-f338616ccca9","2021-11-24 15:00:12.384"
"AEE","86.150","1","86.180","3","139","86.06","825ea361-be78-462b-830a-f764bf668fb2","2021-11-24 15:00:12.384"
"AEE","86.120","2","86.160","3","139","86.06","0b5a3c51-3d3e-4f88-bbae-9459b814fc5d","2021-11-24 15:00:12.384"
"AEE","86.120","1","86.160","3","139","86.06","67c8e0ed-8263-425d-9939-71dc85a682e2","2021-11-24 15:00:12.384"
"AEE","86.120","1","86.160","3","139","86.06","5b09ba70-ebb7-419b-8955-bc65cc22120b","2021-11-24 15:00:12.384"
"AEE","86.040","1","86.070","1","-139","86.07","2b2126d9-70bd-48e0-a306-9c35d75018f3","2021-11-24 15:00:57.221"
"AEE","86.040","1","86.070","1","-139","86.07","91136541-6a94-4eeb-8f10-ff9413e0e93c","2021-11-24 15:00:57.221"
"AEE","86.040","1","86.070","1","-139","86.07","5973c448-7ff4-4d5a-90bf-6cf68df157f3","2021-11-24 15:00:57.221"
"AEE","86.030","3","86.070","1","-139","86.07","fa221213-2e56-4659-991d-bd8d97f08b95","2021-11-24 15:01:39.685"
"AEE","86.030","3","86.070","1","-139","86.07","7bbbfe00-cede-491e-8c4b-48623818219b","2021-11-24 15:01:39.685"
"AEE","86.130","2","86.150","1","139","86.03","b47bed1a-f514-4bb7-b42b-9f255f3d1462","2021-11-24 15:02:22.945"
"AEE","86.130","2","86.150","1","139","86.03","ac6a2fa9-31de-41e3-8bf2-b72d3b2f8688","2021-11-24 15:02:22.945"
"AEE","86.130","1","86.150","3","139","86.03","3b67d455-4708-4cd5-8f28-643fa67ed771","2021-11-24 15:02:22.945"
"AEE","86.130","1","86.150","3","139","86.03","4c881b72-274d-41c8-b1a3-9a6e42de42b8","2021-11-24 15:02:22.945"
"AEE","86.130","1","86.150","3","139","86.03","97eb0468-f96f-47e9-bb54-6a6777b92461","2021-11-24 15:02:22.945"
"AEE","86.130","3","86.150","2","139","86.03","e515c4ac-aa56-46dc-8ef2-addbf7c60506","2021-11-24 15:02:22.945"
"AEE","86.130","2","86.150","1","139","86.01","c5e75827-2910-4c8d-87b1-2f2357165383","2021-11-24 15:03:03.848"
"AEE","85.950","2","85.970","3","-139","85.98","a1ade6a4-ecbe-47b0-9328-6440c4bfb609","2021-11-24 15:04:56.374"
"AEE","85.950","2","85.970","3","-139","85.98","e2dc3718-ede0-40b5-af36-fbadab58f4ee","2021-11-24 15:04:56.374"
"AEE","85.950","2","85.970","3","-139","85.98","484cd556-4c5e-4880-831b-0756f1c59f11","2021-11-24 15:04:56.374"
"AEE","85.950","2","85.970","3","-139","85.98","eecaf4fc-20e4-49c0-ac58-31da3bfe2ea6","2021-11-24 15:04:56.374"
"AEE","85.970","1","85.980","1","-139","85.99","83169700-aec1-4c45-8401-20e2df00880c","2021-11-24 15:05:07.326"
"AEE","85.970","1","85.980","1","-139","85.99","4c9fd4b4-da24-418b-9526-d4ea0819d6e5","2021-11-24 15:05:07.326"
"AEE","85.960","3","85.990","1","-139","85.99","a5151505-f016-43a9-af6b-90b85b03ca5c","2021-11-24 15:05:37.423"
"AGG","113.440","33","113.450","183","105","113.43","8885cf1c-281e-4140-aec0-2161e7eb7a70","2021-11-24 09:52:33.425"
"AGG","113.440","33","113.450","167","105","113.42","d144e2d8-bbbc-4126-b8fd-78e31f388f42","2021-11-24 09:53:20.193"
"AGG","113.460","196","113.470","123","-105","113.47","fe1486d4-1c0e-4eb4-a58e-c35e194a0555","2021-11-24 10:03:43.908"
"AGG","113.460","343","113.470","21","-105","113.47","7c38efb0-e268-4ceb-9ef2-6231e6b3c8e5","2021-11-24 10:03:43.908"
"AGG","113.570","41","113.580","234","105","113.54","d2c17c2e-35b5-48a4-b210-a2e7d65a168a","2021-11-24 10:44:55.432"
"AGG","113.570","225","113.580","88","105","113.54","5ddd6415-2aba-4673-ad94-44fafc921007","2021-11-24 10:44:55.432"
"AGG","113.570","253","113.580","100","105","113.54","649d7ba3-53e4-499e-a19a-6f0326904540","2021-11-24 10:44:55.432"
"AGG","113.570","58","113.580","209","105","113.54","8f2e2e62-2706-448f-8093-19874b8411ec","2021-11-24 10:44:55.432"
"AGG","113.540","220","113.550","132","-105","113.55","be00f23d-0c68-4c75-8a24-95c6aaa1e784","2021-11-24 10:45:24.545"
"AGG","113.540","220","113.550","132","-105","113.55","e9d38f86-862b-43c1-aa46-c417f8186893","2021-11-24 10:45:24.545"
